成交时间,成交价格,价格变动,成交量,成交金额,性质
09:25:00,15.84,0.09,113890,180401760,买盘
09:30:00,15.94,0.1,27345,43524667,买盘
09:30:03,15.9,-0.04,9912,15772956,卖盘
09:30:06,15.9,0.0,11061,17617843,卖盘
09:30:09,15.97,0.07,14624,23352903,买盘
09:30:12,16.01,0.04,14813,23613305,买盘
09:30:15,16.03,0.02,12171,19491683,买盘
09:30:18,16.01,-0.02,13237,21200494,卖盘
09:30:21,16.1,0.09,13424,21564982,买盘
09:30:24,16.1,0.0,15285,24607635,卖盘
09:30:27,16.18,0.08,12148,19581018,买盘
09:30:30,16.19,0.01,14076,22761948,买盘
09:30:33,16.24,0.05,7701,12482410,买盘
09:30:36,16.26,0.02,11400,18547110,买盘
09:30:39,16.32,0.06,4412,7198776,买盘
09:30:42,16.39,0.07,6171,10097859,买盘
09:30:45,16.4,0.01,8448,13855571,买盘
09:30:48,16.49,0.09,6320,10387545,买盘
09:30:51,16.55,0.06,22082,36400822,买盘
09:30:54,16.58,0.03,14358,23766201,买盘
09:30:57,16.6,0.02,8093,13443929,买盘
09:31:00,16.68,0.08,8137,13544814,买盘
09:31:03,16.61,-0.07,5874,9776643,卖盘
09:31:06,16.55,-0.06,58839,98231042,卖盘
09:31:09,16.73,0.18,74881,125100514,买盘
09:31:12,16.73,0.0,15108,25275183,卖盘
09:31:15,16.68,-0.05,24228,40515208,卖盘
09:31:18,16.59,-0.09,9246,15414393,卖盘
09:31:21,16.73,0.14,57075,95285788,买盘
09:31:24,16.73,0.0,16101,26922489,卖盘
09:31:27,16.73,0.0,15162,25352407,卖盘
09:31:30,16.68,-0.05,3950,6573527,卖盘
09:31:33,16.62,-0.06,13939,23272011,卖盘
09:31:36,16.73,0.11,7726,12898209,买盘
09:31:39,16.64,-0.09,7643,12749600,卖盘
09:31:42,16.61,-0.03,9631,16070178,卖盘
09:31:45,16.58,-0.03,10538,17492017,卖盘
09:31:48,16.57,-0.01,3008,4984023,卖盘
09:31:51,16.5,-0.07,1909,3155255,卖盘
09:31:54,16.46,-0.04,3767,6212232,卖盘
09:31:57,16.47,0.01,2838,4677467,买盘
09:32:00,16.53,0.06,4750,7848948,买盘
09:32:03,16.55,0.02,6308,10437962,买盘
09:32:06,16.55,0.0,4127,6816140,买盘
09:32:09,16.55,0.0,12611,20853812,买盘
09:32:12,16.5,-0.05,6531,10804393,卖盘
09:32:15,16.53,0.03,3844,6350932,买盘
09:32:18,16.5,-0.03,3525,5823238,卖盘
09:32:21,16.5,0.0,6554,10840023,卖盘
09:32:24,16.51,0.01,3360,5546542,中性盘
09:32:27,16.55,0.04,5785,9555893,买盘
09:32:30,16.5,-0.05,4127,6817720,卖盘
09:32:33,16.5,0.0,3176,5248225,卖盘
09:32:36,16.48,-0.02,9744,16083104,卖盘
09:32:39,16.5,0.02,3518,5798565,买盘
09:32:42,16.48,-0.02,1702,2802813,卖盘
09:32:45,16.5,0.02,5664,9321502,买盘
09:32:48,16.46,-0.04,3815,6286446,中性盘
09:32:51,16.5,0.04,10254,16907753,买盘
09:32:54,16.46,-0.04,1477,2434487,卖盘
09:32:57,16.47,0.01,3892,6422987,中性盘
09:33:00,16.5,0.03,4567,7537367,买盘
09:33:03,16.5,0.0,3727,6152875,买盘
09:33:06,16.46,-0.04,5088,8384503,卖盘
09:33:09,16.43,-0.03,4623,7602354,卖盘
09:33:12,16.43,0.0,6938,11402922,买盘
09:33:15,16.44,0.01,3611,5937709,买盘
09:33:18,16.46,0.02,3974,6543734,中性盘
09:33:21,16.47,0.01,4545,7481142,买盘
09:33:24,16.49,0.02,2260,3724646,买盘
09:33:27,16.49,0.0,4311,7108991,卖盘
09:33:30,16.53,0.04,3594,5931650,买盘
09:33:33,16.52,-0.01,3344,5527330,卖盘
09:33:36,16.49,-0.03,3529,5831898,卖盘
09:33:39,16.52,0.03,3288,5435360,买盘
09:33:42,16.52,0.0,3840,6339282,买盘
09:33:45,16.52,0.0,2372,3920698,卖盘
09:33:48,16.51,-0.01,2962,4893086,卖盘
09:33:51,16.5,-0.01,2979,4917198,卖盘
09:33:54,16.5,0.0,2499,4124830,卖盘
09:33:57,16.49,-0.01,6679,11024459,卖盘
09:34:00,16.49,0.0,4992,8239527,卖盘
09:34:03,16.49,0.0,1663,2740025,卖盘
09:34:06,16.48,-0.01,4120,6792329,中性盘
09:34:09,16.49,0.01,4017,6616100,买盘
09:34:12,16.48,-0.01,5023,8283903,卖盘
09:34:15,16.48,0.0,1915,3153351,买盘
09:34:18,16.45,-0.03,1922,3167392,卖盘
09:34:21,16.45,0.0,4261,7012583,卖盘
09:34:24,16.48,0.03,2346,3859628,买盘
09:34:27,16.46,-0.02,2723,4485226,卖盘
09:34:30,16.53,0.07,11055,18242580,买盘
09:34:33,16.55,0.02,7947,13155961,买盘
09:34:36,16.57,0.02,5266,8733497,买盘
09:34:39,16.57,0.0,4591,7611481,卖盘
09:34:42,16.6,0.03,3693,6130033,买盘
09:34:45,16.61,0.01,4173,6926493,买盘
09:34:48,16.62,0.01,4802,7980919,买盘
09:34:51,16.64,0.02,2470,4110809,买盘
09:34:54,16.69,0.05,2765,4607438,买盘
09:34:57,16.7,0.01,7451,12428879,买盘
09:35:00,16.73,0.03,83809,140197721,买盘
09:35:03,16.73,0.0,5805,9711765,卖盘
09:35:06,16.73,0.0,3856,6451774,卖盘
09:35:09,16.73,0.0,3675,6148275,卖盘
09:35:12,16.73,0.0,4176,6986448,卖盘
09:35:15,16.73,0.0,2878,4814894,卖盘
09:35:18,16.73,0.0,2202,3683946,卖盘
09:35:21,16.73,0.0,1638,2740374,卖盘
09:35:24,16.73,0.0,1398,2339624,卖盘
09:35:27,16.73,0.0,2151,3598623,卖盘
09:35:30,16.73,0.0,3070,5136110,卖盘
09:35:33,16.73,0.0,855,1430415,卖盘
09:35:36,16.73,0.0,2506,4192538,卖盘
09:35:39,16.73,0.0,948,1586004,卖盘
09:35:42,16.73,0.0,1349,2256877,卖盘
09:35:45,16.73,0.0,797,1333381,卖盘
09:35:48,16.73,0.0,729,1219617,卖盘
09:35:51,16.73,0.0,2239,3745847,卖盘
09:35:54,16.73,0.0,1186,1984178,卖盘
09:35:57,16.73,0.0,732,1224636,卖盘
09:36:00,16.73,0.0,442,739466,卖盘
09:36:03,16.73,0.0,242,404866,卖盘
09:36:06,16.73,0.0,2641,4418393,卖盘
09:36:09,16.73,0.0,794,1328362,卖盘
09:36:12,16.73,0.0,1192,1994216,卖盘
09:36:15,16.73,0.0,1763,2949499,卖盘
09:36:18,16.73,0.0,676,1130948,卖盘
09:36:21,16.73,0.0,870,1455510,卖盘
09:36:24,16.73,0.0,1091,1825243,卖盘
09:36:27,16.73,0.0,519,868287,卖盘
09:36:30,16.73,0.0,189,316197,卖盘
09:36:33,16.73,0.0,384,642432,卖盘
09:36:36,16.73,0.0,954,1596042,卖盘
09:36:39,16.73,0.0,351,587223,卖盘
09:36:42,16.73,0.0,1304,2181592,卖盘
09:36:45,16.73,0.0,2251,3765923,卖盘
09:36:48,16.73,0.0,611,1022203,卖盘
09:36:51,16.73,0.0,518,866614,卖盘
09:36:54,16.73,0.0,293,490189,卖盘
09:36:57,16.73,0.0,662,1107526,卖盘
09:37:00,16.73,0.0,367,613991,卖盘
09:37:03,16.73,0.0,602,1007146,卖盘
09:37:06,16.73,0.0,224,374752,卖盘
09:37:09,16.73,0.0,756,1264788,卖盘
09:37:12,16.73,0.0,370,619010,卖盘
09:37:15,16.73,0.0,403,674219,卖盘
09:37:18,16.73,0.0,377,630721,卖盘
09:37:21,16.73,0.0,1429,2390717,卖盘
09:37:24,16.73,0.0,947,1584264,卖盘
09:37:27,16.73,0.0,426,712698,卖盘
09:37:30,16.73,0.0,367,613991,卖盘
09:37:33,16.73,0.0,300,501900,卖盘
09:37:36,16.73,0.0,107,179011,卖盘
09:37:39,16.73,0.0,154,257642,卖盘
09:37:42,16.73,0.0,350,585550,卖盘
09:37:45,16.73,0.0,1159,1939007,卖盘
09:37:48,16.73,0.0,144,240912,卖盘
09:37:51,16.73,0.0,280,468440,卖盘
09:37:54,16.73,0.0,634,1060682,卖盘
09:37:57,16.73,0.0,78,130494,卖盘
09:38:00,16.73,0.0,1540,2576420,卖盘
09:38:03,16.73,0.0,184,307832,卖盘
09:38:06,16.73,0.0,239,400349,卖盘
09:38:09,16.73,0.0,110,184030,卖盘
09:38:12,16.73,0.0,1135,1898855,卖盘
09:38:15,16.73,0.0,228,381460,卖盘
09:38:18,16.73,0.0,130,217490,卖盘
09:38:21,16.73,0.0,259,433307,卖盘
09:38:24,16.73,0.0,178,297794,卖盘
09:38:27,16.73,0.0,282,471786,卖盘
09:38:30,16.73,0.0,533,891709,卖盘
09:38:33,16.73,0.0,280,468440,卖盘
09:38:36,16.73,0.0,295,493535,卖盘
09:38:39,16.73,0.0,112,187376,卖盘
09:38:42,16.73,0.0,780,1304940,卖盘
09:38:45,16.73,0.0,424,709352,卖盘
09:38:48,16.73,0.0,1049,1754977,卖盘
09:38:51,16.73,0.0,250,418250,卖盘
09:38:54,16.73,0.0,216,361368,卖盘
09:38:57,16.73,0.0,163,272699,卖盘
09:39:00,16.73,0.0,152,254296,卖盘
09:39:03,16.73,0.0,243,406539,卖盘
09:39:06,16.73,0.0,340,568820,卖盘
09:39:09,16.73,0.0,622,1040606,卖盘
09:39:12,16.73,0.0,813,1360149,卖盘
09:39:15,16.73,0.0,316,528668,卖盘
09:39:18,16.73,0.0,507,848211,卖盘
09:39:21,16.73,0.0,872,1458856,卖盘
09:39:24,16.73,0.0,428,716044,卖盘
09:39:27,16.73,0.0,204,341292,卖盘
09:39:30,16.73,0.0,283,473459,卖盘
09:39:33,16.73,0.0,84,140532,卖盘
09:39:36,16.73,0.0,59,98707,卖盘
09:39:39,16.73,0.0,213,356349,卖盘
09:39:42,16.73,0.0,129,215817,卖盘
09:39:45,16.73,0.0,198,331254,卖盘
09:39:48,16.73,0.0,94,157262,卖盘
09:39:51,16.73,0.0,270,451710,卖盘
09:39:54,16.73,0.0,270,451710,卖盘
09:39:57,16.73,0.0,209,349657,卖盘
09:40:00,16.73,0.0,353,590569,卖盘
09:40:03,16.73,0.0,381,637413,卖盘
09:40:06,16.73,0.0,856,1432088,卖盘
09:40:09,16.73,0.0,281,470113,卖盘
09:40:12,16.73,0.0,125,209125,卖盘
09:40:15,16.73,0.0,147,245931,卖盘
09:40:18,16.73,0.0,116,194068,卖盘
09:40:21,16.73,0.0,679,1135967,卖盘
09:40:24,16.73,0.0,131,219163,卖盘
09:40:27,16.73,0.0,329,550417,卖盘
09:40:30,16.73,0.0,75,125475,卖盘
09:40:33,16.73,0.0,277,463421,卖盘
09:40:36,16.73,0.0,748,1251404,卖盘
09:40:39,16.73,0.0,72,120456,卖盘
09:40:42,16.73,0.0,175,292775,卖盘
09:40:45,16.73,0.0,197,329581,卖盘
09:40:48,16.73,0.0,105,175665,卖盘
09:40:51,16.73,0.0,257,429961,卖盘
09:40:54,16.73,0.0,158,264334,卖盘
09:40:57,16.73,0.0,411,687603,卖盘
09:41:00,16.73,0.0,323,540379,卖盘
09:41:03,16.73,0.0,62,103726,卖盘
09:41:06,16.73,0.0,252,421596,卖盘
09:41:09,16.73,0.0,108,180684,卖盘
09:41:12,16.73,0.0,154,257642,卖盘
09:41:15,16.73,0.0,187,312851,卖盘
09:41:18,16.73,0.0,63,105399,卖盘
09:41:21,16.73,0.0,90,150570,卖盘
09:41:24,16.73,0.0,47,78631,卖盘
09:41:27,16.73,0.0,158,264334,卖盘
09:41:30,16.73,0.0,82,137186,卖盘
09:41:33,16.73,0.0,402,672546,卖盘
09:41:36,16.73,0.0,167,279391,卖盘
09:41:39,16.73,0.0,64,107072,卖盘
09:41:42,16.73,0.0,40,66920,卖盘
09:41:45,16.73,0.0,117,195741,卖盘
09:41:48,16.73,0.0,154,257642,卖盘
09:41:51,16.73,0.0,75,125475,卖盘
09:41:54,16.73,0.0,28,46844,卖盘
09:41:57,16.73,0.0,185,309505,卖盘
09:42:00,16.73,0.0,340,568820,卖盘
09:42:03,16.73,0.0,271,453383,卖盘
09:42:06,16.73,0.0,87,145551,卖盘
09:42:09,16.73,0.0,975,1631175,卖盘
09:42:12,16.73,0.0,268,448364,卖盘
09:42:15,16.73,0.0,217,363041,卖盘
09:42:18,16.73,0.0,98,163954,卖盘
09:42:21,16.73,0.0,371,620683,卖盘
09:42:24,16.73,0.0,201,336273,卖盘
09:42:27,16.73,0.0,384,642432,卖盘
09:42:30,16.73,0.0,66,110920,卖盘
09:42:33,16.73,0.0,103,172319,卖盘
09:42:36,16.73,0.0,394,659162,卖盘
09:42:39,16.73,0.0,90,150570,卖盘
09:42:42,16.73,0.0,159,266007,卖盘
09:42:45,16.73,0.0,60,100380,卖盘
09:42:48,16.73,0.0,174,291102,卖盘
09:42:51,16.73,0.0,329,550417,卖盘
09:42:54,16.73,0.0,166,277718,卖盘
09:42:57,16.73,0.0,35,58555,卖盘
09:43:00,16.73,0.0,216,361368,卖盘
09:43:03,16.73,0.0,66,110418,卖盘
09:43:06,16.73,0.0,131,219163,卖盘
09:43:09,16.73,0.0,69,115437,卖盘
09:43:12,16.73,0.0,147,245931,卖盘
09:43:15,16.73,0.0,377,630721,卖盘
09:43:18,16.73,0.0,737,1233001,卖盘
09:43:21,16.73,0.0,199,332927,卖盘
09:43:24,16.73,0.0,88,147224,卖盘
09:43:27,16.73,0.0,206,344638,卖盘
09:43:30,16.73,0.0,49,81977,卖盘
09:43:33,16.73,0.0,166,277718,卖盘
09:43:36,16.73,0.0,214,358022,卖盘
09:43:39,16.73,0.0,228,381444,卖盘
09:43:42,16.73,0.0,200,334600,卖盘
09:43:45,16.73,0.0,43,71939,卖盘
09:43:48,16.73,0.0,115,192395,卖盘
09:43:51,16.73,0.0,24,40152,卖盘
09:43:54,16.73,0.0,353,590569,卖盘
09:43:57,16.73,0.0,585,978705,卖盘
09:44:00,16.73,0.0,62,103726,卖盘
09:44:03,16.73,0.0,65,108745,卖盘
09:44:06,16.73,0.0,260,434980,卖盘
09:44:09,16.73,0.0,85,142205,卖盘
09:44:12,16.73,0.0,789,1319997,卖盘
09:44:15,16.73,0.0,39,65247,卖盘
09:44:18,16.73,0.0,48,80304,卖盘
09:44:21,16.73,0.0,299,500227,卖盘
09:44:24,16.73,0.0,79,132167,卖盘
09:44:27,16.73,0.0,70,117110,卖盘
09:44:30,16.73,0.0,243,406539,卖盘
09:44:33,16.73,0.0,217,363041,卖盘
09:44:36,16.73,0.0,332,555436,卖盘
09:44:39,16.73,0.0,147,245931,卖盘
09:44:42,16.73,0.0,210,351330,卖盘
09:44:45,16.73,0.0,116,194068,卖盘
09:44:48,16.73,0.0,73,122129,卖盘
09:44:51,16.73,0.0,142,237566,卖盘
09:44:54,16.73,0.0,1802,3014746,卖盘
09:44:57,16.73,0.0,38,63574,卖盘
09:45:00,16.73,0.0,21,35133,卖盘
09:45:03,16.73,0.0,258,431634,卖盘
09:45:06,16.73,0.0,52,86996,卖盘
09:45:09,16.73,0.0,81,135513,卖盘
09:45:12,16.73,0.0,16,26768,卖盘
09:45:15,16.73,0.0,160,267898,卖盘
09:45:18,16.73,0.0,189,316197,卖盘
09:45:21,16.73,0.0,44,73612,卖盘
09:45:24,16.73,0.0,406,679238,卖盘
09:45:27,16.73,0.0,12,20076,卖盘
09:45:30,16.73,0.0,486,813078,卖盘
09:45:33,16.73,0.0,559,935207,卖盘
09:45:36,16.73,0.0,189,316197,卖盘
09:45:39,16.73,0.0,85,142205,卖盘
09:45:42,16.73,0.0,306,511938,卖盘
09:45:45,16.73,0.0,62,103726,卖盘
09:45:48,16.73,0.0,66,110418,卖盘
09:45:51,16.73,0.0,113,189049,卖盘
09:45:54,16.73,0.0,63,105399,卖盘
09:45:57,16.73,0.0,45,75285,卖盘
09:46:00,16.73,0.0,16,26768,卖盘
09:46:03,16.73,0.0,61,102053,卖盘
09:46:06,16.73,0.0,92,153916,卖盘
09:46:09,16.73,0.0,52,86996,卖盘
09:46:12,16.73,0.0,37,61901,卖盘
09:46:15,16.73,0.0,146,244258,卖盘
09:46:18,16.73,0.0,165,276045,卖盘
09:46:21,16.73,0.0,230,384790,卖盘
09:46:24,16.73,0.0,67,112091,卖盘
09:46:27,16.73,0.0,143,239239,卖盘
09:46:30,16.73,0.0,58,97034,卖盘
09:46:33,16.73,0.0,528,883344,卖盘
09:46:36,16.73,0.0,83,138859,卖盘
09:46:39,16.73,0.0,95,158935,卖盘
09:46:42,16.73,0.0,19,31787,卖盘
09:46:45,16.73,0.0,114,190722,卖盘
09:46:48,16.73,0.0,15,25095,卖盘
09:46:51,16.73,0.0,137,229201,卖盘
09:46:54,16.73,0.0,47,78631,卖盘
09:46:57,16.73,0.0,52,86996,卖盘
09:47:00,16.73,0.0,24,40152,卖盘
09:47:03,16.73,0.0,32,53536,卖盘
09:47:06,16.73,0.0,54,90342,卖盘
09:47:09,16.73,0.0,42,70266,卖盘
09:47:12,16.73,0.0,64,107072,卖盘
09:47:15,16.73,0.0,128,214144,卖盘
09:47:18,16.73,0.0,53,88669,卖盘
09:47:21,16.73,0.0,295,493535,卖盘
09:47:24,16.73,0.0,173,289429,卖盘
09:47:27,16.73,0.0,53,88669,卖盘
09:47:30,16.73,0.0,14,23422,卖盘
09:47:33,16.73,0.0,118,197414,卖盘
09:47:36,16.73,0.0,88,147224,卖盘
09:47:39,16.73,0.0,33,55209,卖盘
09:47:42,16.73,0.0,623,1042279,卖盘
09:47:45,16.73,0.0,55,92015,卖盘
09:47:48,16.73,0.0,31,51863,卖盘
09:47:51,16.73,0.0,102,170646,卖盘
09:47:54,16.73,0.0,248,414904,卖盘
09:47:57,16.73,0.0,71,118783,卖盘
09:48:00,16.73,0.0,183,306159,卖盘
09:48:03,16.73,0.0,21,35133,卖盘
09:48:06,16.73,0.0,60,100380,卖盘
09:48:09,16.73,0.0,163,272699,卖盘
09:48:12,16.73,0.0,33,55209,卖盘
09:48:15,16.73,0.0,1442,2412466,卖盘
09:48:18,16.73,0.0,33,55209,卖盘
09:48:21,16.73,0.0,31,51863,卖盘
09:48:24,16.73,0.0,53,88669,卖盘
09:48:27,16.73,0.0,53,88669,卖盘
09:48:30,16.73,0.0,75,125475,卖盘
09:48:33,16.73,0.0,22,36806,卖盘
09:48:36,16.73,0.0,76,127148,卖盘
09:48:39,16.73,0.0,32,53536,卖盘
09:48:42,16.73,0.0,101,168973,卖盘
09:48:45,16.73,0.0,81,135513,卖盘
09:48:48,16.73,0.0,124,207452,卖盘
09:48:51,16.73,0.0,39,65247,卖盘
09:48:54,16.73,0.0,45,75285,卖盘
09:48:57,16.73,0.0,419,700987,卖盘
09:49:00,16.73,0.0,97,162281,卖盘
09:49:03,16.73,0.0,84,140532,卖盘
09:49:06,16.73,0.0,542,906766,卖盘
09:49:09,16.73,0.0,204,341292,卖盘
09:49:12,16.73,0.0,125,209125,卖盘
09:49:15,16.73,0.0,1118,1870414,卖盘
09:49:18,16.73,0.0,61,102053,卖盘
09:49:21,16.73,0.0,174,291102,卖盘
09:49:24,16.73,0.0,10,16730,卖盘
09:49:27,16.73,0.0,40,66920,卖盘
09:49:30,16.73,0.0,31,51863,卖盘
09:49:33,16.73,0.0,67,112091,卖盘
09:49:36,16.73,0.0,63,105399,卖盘
09:49:39,16.73,0.0,61,102053,卖盘
09:49:42,16.73,0.0,46,76958,卖盘
09:49:45,16.73,0.0,89,148897,卖盘
09:49:48,16.73,0.0,44,73612,卖盘
09:49:51,16.73,0.0,217,363041,卖盘
09:49:54,16.73,0.0,108,180684,卖盘
09:49:57,16.73,0.0,56,93688,卖盘
09:50:00,16.73,0.0,76,127148,卖盘
09:50:03,16.73,0.0,439,734447,卖盘
09:50:06,16.73,0.0,11,18403,卖盘
09:50:09,16.73,0.0,96,160608,卖盘
09:50:12,16.73,0.0,136,227528,卖盘
09:50:15,16.73,0.0,26,43498,卖盘
09:50:18,16.73,0.0,295,493535,卖盘
09:50:21,16.73,0.0,76,127148,卖盘
09:50:24,16.73,0.0,40,66920,卖盘
09:50:27,16.73,0.0,18,30114,卖盘
09:50:30,16.73,0.0,277,463421,卖盘
09:50:33,16.73,0.0,710,1187830,卖盘
09:50:36,16.73,0.0,27,45171,卖盘
09:50:39,16.73,0.0,66,110418,卖盘
09:50:42,16.73,0.0,34,56882,卖盘
09:50:45,16.73,0.0,107,179011,卖盘
09:50:48,16.73,0.0,351,587223,卖盘
09:50:51,16.73,0.0,371,620683,卖盘
09:50:54,16.73,0.0,82,137186,卖盘
09:50:57,16.73,0.0,79,132167,卖盘
09:51:00,16.73,0.0,66,110418,卖盘
09:51:03,16.73,0.0,65,108745,卖盘
09:51:06,16.73,0.0,41,68593,卖盘
09:51:09,16.73,0.0,90,150570,卖盘
09:51:12,16.73,0.0,73,122129,卖盘
09:51:15,16.73,0.0,28,46844,卖盘
09:51:18,16.73,0.0,86,143878,卖盘
09:51:21,16.73,0.0,44,73612,卖盘
09:51:24,16.73,0.0,183,306159,卖盘
09:51:27,16.73,0.0,112,187376,卖盘
09:51:30,16.73,0.0,30,50190,卖盘
09:51:33,16.73,0.0,321,537033,卖盘
09:51:36,16.73,0.0,15,25095,卖盘
09:51:39,16.73,0.0,409,684257,卖盘
09:51:42,16.73,0.0,123,205779,卖盘
09:51:45,16.73,0.0,54,90342,卖盘
09:51:48,16.73,0.0,183,306159,卖盘
09:51:51,16.73,0.0,112,187376,卖盘
09:51:54,16.73,0.0,117,195741,卖盘
09:51:57,16.73,0.0,236,394828,卖盘
09:52:00,16.73,0.0,59,98707,卖盘
09:52:03,16.73,0.0,142,237566,卖盘
09:52:06,16.73,0.0,122,204106,卖盘
09:52:09,16.73,0.0,41,68593,卖盘
09:52:12,16.73,0.0,144,240912,卖盘
09:52:15,16.73,0.0,85,142205,卖盘
09:52:21,16.73,0.0,64,107072,卖盘
09:52:24,16.73,0.0,11,18403,卖盘
09:52:27,16.73,0.0,643,1075739,卖盘
09:52:30,16.73,0.0,20,33460,卖盘
09:52:33,16.73,0.0,43,71939,卖盘
09:52:36,16.73,0.0,49,81977,卖盘
09:52:39,16.73,0.0,80,133840,卖盘
09:52:42,16.73,0.0,179,299467,卖盘
09:52:45,16.73,0.0,46,76958,卖盘
09:52:48,16.73,0.0,21,35133,卖盘
09:52:51,16.73,0.0,61,102053,卖盘
09:52:54,16.73,0.0,28,46844,卖盘
09:52:57,16.73,0.0,72,120456,卖盘
09:53:00,16.73,0.0,67,112091,卖盘
09:53:03,16.73,0.0,106,177338,卖盘
09:53:06,16.73,0.0,205,342965,卖盘
09:53:09,16.73,0.0,47,78631,卖盘
09:53:12,16.73,0.0,58,97034,卖盘
09:53:15,16.73,0.0,146,244258,卖盘
09:53:18,16.73,0.0,31,51863,卖盘
09:53:21,16.73,0.0,389,650797,卖盘
09:53:24,16.73,0.0,95,158935,卖盘
09:53:27,16.73,0.0,35,58555,卖盘
09:53:30,16.73,0.0,15,25095,卖盘
09:53:33,16.73,0.0,6,10038,卖盘
09:53:36,16.73,0.0,26,43498,卖盘
09:53:39,16.73,0.0,92,153916,卖盘
09:53:42,16.73,0.0,8,13384,卖盘
09:53:45,16.73,0.0,40,66920,卖盘
09:53:48,16.73,0.0,17,28441,卖盘
09:53:51,16.73,0.0,132,220836,卖盘
09:53:54,16.73,0.0,37,61064,卖盘
09:53:57,16.73,0.0,4,6692,卖盘
09:54:00,16.73,0.0,7,11711,卖盘
09:54:03,16.73,0.0,7,11711,卖盘
09:54:06,16.73,0.0,56,93688,卖盘
09:54:09,16.73,0.0,54,90342,卖盘
09:54:12,16.73,0.0,67,112091,卖盘
09:54:15,16.73,0.0,200,334600,卖盘
09:54:18,16.73,0.0,91,152243,卖盘
09:54:21,16.73,0.0,8,13384,卖盘
09:54:27,16.73,0.0,13,21749,卖盘
09:54:30,16.73,0.0,128,214144,卖盘
09:54:33,16.73,0.0,116,194068,卖盘
09:54:36,16.73,0.0,556,930188,卖盘
09:54:39,16.73,0.0,101,168973,卖盘
09:54:42,16.73,0.0,39,65247,卖盘
09:54:45,16.73,0.0,50,83650,卖盘
09:54:48,16.73,0.0,28,46844,卖盘
09:54:51,16.73,0.0,63,105399,卖盘
09:54:54,16.73,0.0,54,90342,卖盘
09:54:57,16.73,0.0,21,35133,卖盘
09:55:00,16.73,0.0,63,105399,卖盘
09:55:03,16.73,0.0,30,50190,卖盘
09:55:06,16.73,0.0,36,60228,卖盘
09:55:09,16.73,0.0,68,113764,卖盘
09:55:12,16.73,0.0,13,21749,卖盘
09:55:15,16.73,0.0,11,18403,卖盘
09:55:18,16.73,0.0,1076,1800148,卖盘
09:55:21,16.73,0.0,129,215817,卖盘
09:55:24,16.73,0.0,133,222509,卖盘
09:55:27,16.73,0.0,37,61901,卖盘
09:55:30,16.73,0.0,367,613991,卖盘
09:55:33,16.73,0.0,7,11711,卖盘
09:55:36,16.73,0.0,45,75285,卖盘
09:55:39,16.73,0.0,178,297794,卖盘
09:55:42,16.73,0.0,176,294448,卖盘
09:55:45,16.73,0.0,29,48517,卖盘
09:55:48,16.73,0.0,70,117110,卖盘
09:55:51,16.73,0.0,25,41825,卖盘
09:55:54,16.73,0.0,322,538706,卖盘
09:55:57,16.73,0.0,5670,9485910,卖盘
09:56:00,16.73,0.0,31,51863,卖盘
09:56:03,16.73,0.0,38,63574,卖盘
09:56:06,16.73,0.0,50,83650,卖盘
09:56:09,16.73,0.0,82,137186,卖盘
09:56:12,16.73,0.0,27,45171,卖盘
09:56:15,16.73,0.0,86,143878,卖盘
09:56:18,16.73,0.0,80,133840,卖盘
09:56:21,16.73,0.0,3,5019,卖盘
09:56:24,16.73,0.0,66,110418,卖盘
09:56:27,16.73,0.0,1,1673,卖盘
09:56:30,16.73,0.0,689,1152697,卖盘
09:56:33,16.73,0.0,3667,6134891,卖盘
09:56:36,16.73,0.0,15,25095,卖盘
09:56:39,16.73,0.0,32,53536,卖盘
09:56:42,16.73,0.0,163,272699,卖盘
09:56:45,16.73,0.0,117,195741,卖盘
09:56:48,16.73,0.0,43,71939,卖盘
09:56:51,16.73,0.0,103,172319,卖盘
09:56:54,16.73,0.0,172,287756,卖盘
09:56:57,16.73,0.0,1357,2270261,卖盘
09:57:00,16.73,0.0,76,127148,卖盘
09:57:03,16.73,0.0,223,373079,卖盘
09:57:06,16.73,0.0,752,1258096,卖盘
09:57:09,16.73,0.0,597,998781,卖盘
09:57:12,16.73,0.0,1095,1831935,卖盘
09:57:15,16.73,0.0,583,975359,卖盘
09:57:18,16.73,0.0,1027,1718171,卖盘
09:57:21,16.73,0.0,13,21749,卖盘
09:57:24,16.73,0.0,78,130494,卖盘
09:57:27,16.73,0.0,207,346311,卖盘
09:57:30,16.73,0.0,37,61901,卖盘
09:57:33,16.73,0.0,50,83650,卖盘
09:57:36,16.73,0.0,126,210798,卖盘
09:57:39,16.73,0.0,110,184030,卖盘
09:57:42,16.73,0.0,27,45171,卖盘
09:57:45,16.73,0.0,46,76958,卖盘
09:57:48,16.73,0.0,10,16730,卖盘
09:57:51,16.73,0.0,232,388136,卖盘
09:57:54,16.73,0.0,197,329581,卖盘
09:57:57,16.73,0.0,9,15057,卖盘
09:58:00,16.73,0.0,162,271026,卖盘
09:58:03,16.73,0.0,133,222509,卖盘
09:58:06,16.73,0.0,69,115437,卖盘
09:58:09,16.73,0.0,6,10038,卖盘
09:58:12,16.73,0.0,75,125475,卖盘
09:58:15,16.73,0.0,64,107072,卖盘
09:58:18,16.73,0.0,1093,1828589,卖盘
09:58:21,16.73,0.0,29,48517,卖盘
09:58:24,16.73,0.0,16,26768,卖盘
09:58:27,16.73,0.0,92,153916,卖盘
09:58:30,16.73,0.0,30,50190,卖盘
09:58:33,16.73,0.0,147,245931,卖盘
09:58:36,16.73,0.0,50,83650,卖盘
09:58:39,16.73,0.0,8,13384,卖盘
09:58:42,16.73,0.0,127,212471,卖盘
09:58:45,16.73,0.0,40,66920,卖盘
09:58:48,16.73,0.0,154,257642,卖盘
09:58:51,16.73,0.0,36,60228,卖盘
09:58:57,16.73,0.0,165,276045,卖盘
09:59:00,16.73,0.0,669,1119237,卖盘
09:59:03,16.73,0.0,74,123802,卖盘
09:59:06,16.73,0.0,8,13384,卖盘
09:59:09,16.73,0.0,741,1239693,卖盘
09:59:12,16.73,0.0,23,38479,卖盘
09:59:15,16.73,0.0,113,189049,卖盘
09:59:18,16.73,0.0,546,913458,卖盘
09:59:21,16.73,0.0,47,78631,卖盘
09:59:24,16.73,0.0,553,925169,卖盘
09:59:27,16.73,0.0,537,898401,卖盘
09:59:30,16.73,0.0,13,21749,卖盘
09:59:33,16.73,0.0,519,868287,卖盘
09:59:36,16.73,0.0,1215,2032695,卖盘
09:59:39,16.73,0.0,511,854903,卖盘
09:59:42,16.73,0.0,515,861595,卖盘
09:59:45,16.73,0.0,533,891709,卖盘
09:59:48,16.73,0.0,25,41825,卖盘
09:59:51,16.73,0.0,543,908439,卖盘
09:59:54,16.73,0.0,541,905093,卖盘
09:59:57,16.73,0.0,229,383117,卖盘
10:00:00,16.73,0.0,58,97034,卖盘
10:00:03,16.73,0.0,341,570493,卖盘
10:00:06,16.73,0.0,63,105399,卖盘
10:00:09,16.73,0.0,635,1062355,卖盘
10:00:12,16.73,0.0,339,567147,卖盘
10:00:15,16.73,0.0,406,679238,卖盘
10:00:18,16.73,0.0,5,8365,卖盘
10:00:21,16.73,0.0,528,883344,卖盘
10:00:24,16.73,0.0,31,51863,卖盘
10:00:27,16.73,0.0,13,21749,卖盘
10:00:30,16.73,0.0,26,43498,卖盘
10:00:33,16.73,0.0,234,391817,卖盘
10:00:36,16.73,0.0,8,13384,卖盘
10:00:39,16.73,0.0,121,202433,卖盘
10:00:42,16.73,0.0,57,95361,卖盘
10:00:45,16.73,0.0,32,53536,卖盘
10:00:48,16.73,0.0,105,175665,卖盘
10:00:51,16.73,0.0,31,51863,卖盘
10:00:57,16.73,0.0,224,374752,卖盘
10:01:00,16.73,0.0,21,35133,卖盘
10:01:03,16.73,0.0,18,30114,卖盘
10:01:06,16.73,0.0,45,75285,卖盘
10:01:09,16.73,0.0,104,173992,卖盘
10:01:12,16.73,0.0,13,21749,卖盘
10:01:15,16.73,0.0,47,78631,卖盘
10:01:18,16.73,0.0,63,105399,卖盘
10:01:21,16.73,0.0,137,229201,卖盘
10:01:24,16.73,0.0,23,38479,卖盘
10:01:27,16.73,0.0,137,229201,卖盘
10:01:30,16.73,0.0,57,95361,卖盘
10:01:33,16.73,0.0,553,925169,卖盘
10:01:36,16.73,0.0,69,115437,卖盘
10:01:39,16.73,0.0,42,70266,卖盘
10:01:42,16.73,0.0,214,358022,卖盘
10:01:45,16.73,0.0,11,18403,卖盘
10:01:48,16.73,0.0,46,76958,卖盘
10:01:51,16.73,0.0,203,339619,卖盘
10:01:54,16.73,0.0,135,225855,卖盘
10:01:57,16.73,0.0,164,274372,卖盘
10:02:00,16.73,0.0,7,11711,卖盘
10:02:03,16.73,0.0,152,254296,卖盘
10:02:06,16.73,0.0,62,103726,卖盘
10:02:09,16.73,0.0,69,115437,卖盘
10:02:12,16.73,0.0,90,150570,卖盘
10:02:15,16.73,0.0,31,51863,卖盘
10:02:18,16.73,0.0,23,38479,卖盘
10:02:21,16.73,0.0,769,1286537,卖盘
10:02:24,16.73,0.0,239,399847,卖盘
10:02:27,16.73,0.0,39,65247,卖盘
10:02:30,16.73,0.0,33,55209,卖盘
10:02:33,16.73,0.0,220,368060,卖盘
10:02:36,16.73,0.0,134,224182,卖盘
10:02:39,16.73,0.0,27,45171,卖盘
10:02:42,16.73,0.0,118,197414,卖盘
10:02:45,16.73,0.0,162,271026,卖盘
10:02:48,16.73,0.0,70,117110,卖盘
10:02:51,16.73,0.0,9,15057,卖盘
10:02:54,16.73,0.0,70,117110,卖盘
10:02:57,16.73,0.0,78,130494,卖盘
10:03:00,16.73,0.0,475,794675,卖盘
10:03:03,16.73,0.0,23,38479,卖盘
10:03:06,16.73,0.0,434,726082,卖盘
10:03:09,16.73,0.0,7,11711,卖盘
10:03:12,16.73,0.0,38,63574,卖盘
10:03:15,16.73,0.0,68,113764,卖盘
10:03:18,16.73,0.0,606,1013838,卖盘
10:03:21,16.73,0.0,264,441672,卖盘
10:03:24,16.73,0.0,26,43498,卖盘
10:03:27,16.73,0.0,44,73612,卖盘
10:03:30,16.73,0.0,115,192395,卖盘
10:03:33,16.73,0.0,73,122129,卖盘
10:03:36,16.73,0.0,11,18403,卖盘
10:03:39,16.73,0.0,30,50976,卖盘
10:03:42,16.73,0.0,82,137186,卖盘
10:03:45,16.73,0.0,59,98707,卖盘
10:03:48,16.73,0.0,54,90342,卖盘
10:03:51,16.73,0.0,417,697641,卖盘
10:03:54,16.73,0.0,50,83650,卖盘
10:03:57,16.73,0.0,365,610645,卖盘
10:04:00,16.73,0.0,12,20076,卖盘
10:04:03,16.73,0.0,56,93688,卖盘
10:04:06,16.73,0.0,140,234220,卖盘
10:04:09,16.73,0.0,67,112091,卖盘
10:04:12,16.73,0.0,39,65247,卖盘
10:04:15,16.73,0.0,180,301140,卖盘
10:04:18,16.73,0.0,79,132167,卖盘
10:04:21,16.73,0.0,90,150570,卖盘
10:04:24,16.73,0.0,297,496881,卖盘
10:04:27,16.73,0.0,32,53536,卖盘
10:04:30,16.73,0.0,27,45171,卖盘
10:04:33,16.73,0.0,109,182357,卖盘
10:04:36,16.73,0.0,84,140532,卖盘
10:04:39,16.73,0.0,28,46844,卖盘
10:04:42,16.73,0.0,43,71939,卖盘
10:04:45,16.73,0.0,319,533687,卖盘
10:04:48,16.73,0.0,29,48517,卖盘
10:04:51,16.73,0.0,97,162281,卖盘
10:04:54,16.73,0.0,233,389809,卖盘
10:04:57,16.73,0.0,116,194068,卖盘
10:05:00,16.73,0.0,4,6692,卖盘
10:05:03,16.73,0.0,3,5019,卖盘
10:05:06,16.73,0.0,2,3346,卖盘
10:05:09,16.73,0.0,296,495208,卖盘
10:05:12,16.73,0.0,37,61901,卖盘
10:05:15,16.73,0.0,131,219163,卖盘
10:05:18,16.73,0.0,59,98707,卖盘
10:05:21,16.73,0.0,61,102053,卖盘
10:05:24,16.73,0.0,54,90342,卖盘
10:05:27,16.73,0.0,87,145551,卖盘
10:05:30,16.73,0.0,62,103726,卖盘
10:05:33,16.73,0.0,9,15057,卖盘
10:05:36,16.73,0.0,132,220836,卖盘
10:05:39,16.73,0.0,36,60228,卖盘
10:05:42,16.73,0.0,21,35133,卖盘
10:05:45,16.73,0.0,32,53536,卖盘
10:05:48,16.73,0.0,333,557109,卖盘
10:05:51,16.73,0.0,25,41825,卖盘
10:05:54,16.73,0.0,43,71939,卖盘
10:05:57,16.73,0.0,46,76958,卖盘
10:06:00,16.73,0.0,36,60228,卖盘
10:06:03,16.73,0.0,27,45171,卖盘
10:06:06,16.73,0.0,1,1673,卖盘
10:06:09,16.73,0.0,145,242585,卖盘
10:06:12,16.73,0.0,31,51863,卖盘
10:06:15,16.73,0.0,113,189049,卖盘
10:06:18,16.73,0.0,83,138859,卖盘
10:06:21,16.73,0.0,64,107072,卖盘
10:06:24,16.73,0.0,3,5019,卖盘
10:06:27,16.73,0.0,41,68593,卖盘
10:06:30,16.73,0.0,76,127148,卖盘
10:06:33,16.73,0.0,23,38479,卖盘
10:06:36,16.73,0.0,37,61901,卖盘
10:06:39,16.73,0.0,52,86996,卖盘
10:06:42,16.73,0.0,26,43498,卖盘
10:06:45,16.73,0.0,75,125475,卖盘
10:06:48,16.73,0.0,31,51863,卖盘
10:06:51,16.73,0.0,16,26768,卖盘
10:06:54,16.73,0.0,1,1673,卖盘
10:06:57,16.73,0.0,9,15057,卖盘
10:07:00,16.73,0.0,74,123802,卖盘
10:07:03,16.73,0.0,4,6692,卖盘
10:07:06,16.73,0.0,704,1177792,卖盘
10:07:09,16.73,0.0,115,192395,卖盘
10:07:12,16.73,0.0,34,56882,卖盘
10:07:15,16.73,0.0,23,38479,卖盘
10:07:18,16.73,0.0,20,33460,卖盘
10:07:21,16.73,0.0,62,103726,卖盘
10:07:24,16.73,0.0,9,15057,卖盘
10:07:27,16.73,0.0,41,68593,卖盘
10:07:30,16.73,0.0,12,20076,卖盘
10:07:33,16.73,0.0,58,97034,卖盘
10:07:36,16.73,0.0,17,28441,卖盘
10:07:39,16.73,0.0,15,25095,卖盘
10:07:42,16.73,0.0,77,128821,卖盘
10:07:45,16.73,0.0,35,58555,卖盘
10:07:48,16.73,0.0,48,80304,卖盘
10:07:51,16.73,0.0,10,16730,卖盘
10:07:54,16.73,0.0,12,20076,卖盘
10:07:57,16.73,0.0,13,21749,卖盘
10:08:00,16.73,0.0,23,38479,卖盘
10:08:03,16.73,0.0,607,1015511,卖盘
10:08:06,16.73,0.0,2,3346,卖盘
10:08:09,16.73,0.0,25,41825,卖盘
10:08:12,16.73,0.0,1,1673,卖盘
10:08:15,16.73,0.0,5,8365,卖盘
10:08:18,16.73,0.0,16,26768,卖盘
10:08:21,16.73,0.0,3,5019,卖盘
10:08:24,16.73,0.0,533,891709,卖盘
10:08:27,16.73,0.0,30,50190,卖盘
10:08:30,16.73,0.0,25,41825,卖盘
10:08:33,16.73,0.0,130,217490,卖盘
10:08:36,16.73,0.0,45,75285,卖盘
10:08:39,16.73,0.0,583,975359,卖盘
10:08:42,16.73,0.0,125,209125,卖盘
10:08:45,16.73,0.0,3,5019,卖盘
10:08:48,16.73,0.0,55,92015,卖盘
10:08:51,16.73,0.0,13,21749,卖盘
10:08:57,16.73,0.0,180,301140,卖盘
10:09:03,16.73,0.0,298,498554,卖盘
10:09:06,16.73,0.0,38,63574,卖盘
10:09:09,16.73,0.0,19,31787,卖盘
10:09:12,16.73,0.0,55,92015,卖盘
10:09:15,16.73,0.0,20,33460,卖盘
10:09:18,16.73,0.0,38,63574,卖盘
10:09:21,16.73,0.0,20,33460,卖盘
10:09:24,16.73,0.0,508,849884,卖盘
10:09:27,16.73,0.0,10516,17593268,卖盘
10:09:30,16.73,0.0,504,843192,卖盘
10:09:33,16.73,0.0,5540,9268420,卖盘
10:09:36,16.73,0.0,25,41825,卖盘
10:09:39,16.73,0.0,623,1042279,卖盘
10:09:42,16.73,0.0,542,906766,卖盘
10:09:45,16.73,0.0,84,140532,卖盘
10:09:48,16.73,0.0,1143,1912239,卖盘
10:09:51,16.73,0.0,143,239239,卖盘
10:09:54,16.73,0.0,40,66920,卖盘
10:09:57,16.73,0.0,250,418250,卖盘
10:10:00,16.73,0.0,9,15057,卖盘
10:10:03,16.73,0.0,86,143878,卖盘
10:10:06,16.73,0.0,409,684257,卖盘
10:10:09,16.73,0.0,159,266007,卖盘
10:10:12,16.73,0.0,36,60228,卖盘
10:10:15,16.73,0.0,2,3346,卖盘
10:10:18,16.73,0.0,89,148897,卖盘
10:10:21,16.73,0.0,841,1406993,卖盘
10:10:24,16.73,0.0,67,112091,卖盘
10:10:27,16.73,0.0,520,869960,卖盘
10:10:30,16.73,0.0,643,1075739,卖盘
10:10:33,16.73,0.0,599,1002127,卖盘
10:10:36,16.73,0.0,32,53536,卖盘
10:10:39,16.73,0.0,849,1420377,卖盘
10:10:42,16.73,0.0,707,1182811,卖盘
10:10:45,16.73,0.0,636,1064028,卖盘
10:10:48,16.73,0.0,536,896728,卖盘
10:10:51,16.73,0.0,15,25095,卖盘
10:10:54,16.73,0.0,652,1090796,卖盘
10:10:57,16.73,0.0,572,956956,卖盘
10:11:00,16.73,0.0,936,1565928,卖盘
10:11:03,16.73,0.0,1053,1761669,卖盘
10:11:06,16.73,0.0,100,167300,卖盘
10:11:09,16.73,0.0,224,374752,卖盘
10:11:12,16.73,0.0,39,65247,卖盘
10:11:15,16.73,0.0,189,316197,卖盘
10:11:18,16.73,0.0,60,100380,卖盘
10:11:21,16.73,0.0,156,260988,卖盘
10:11:24,16.73,0.0,38,63574,卖盘
10:11:27,16.73,0.0,170,284410,卖盘
10:11:30,16.73,0.0,124,207452,卖盘
10:11:33,16.73,0.0,139,232547,卖盘
10:11:36,16.73,0.0,538,900074,卖盘
10:11:39,16.73,0.0,33,55209,卖盘
10:11:42,16.73,0.0,28,46844,卖盘
10:11:45,16.73,0.0,313,523649,卖盘
10:11:48,16.73,0.0,30,50190,卖盘
10:11:51,16.73,0.0,165,276045,卖盘
10:11:54,16.73,0.0,109,182357,卖盘
10:11:57,16.73,0.0,49,81977,卖盘
10:12:00,16.73,0.0,313,523649,卖盘
10:12:03,16.73,0.0,81,135513,卖盘
10:12:06,16.73,0.0,30,50190,卖盘
10:12:09,16.73,0.0,278,465094,卖盘
10:12:12,16.73,0.0,412,689276,卖盘
10:12:15,16.73,0.0,160,267680,卖盘
10:12:18,16.73,0.0,99,165627,卖盘
10:12:21,16.73,0.0,34,56882,卖盘
10:12:24,16.73,0.0,22,36806,卖盘
10:12:27,16.73,0.0,37,61901,卖盘
10:12:30,16.73,0.0,166,277718,卖盘
10:12:33,16.73,0.0,351,587223,卖盘
10:12:36,16.73,0.0,127,212471,卖盘
10:12:39,16.73,0.0,509,851557,卖盘
10:12:42,16.73,0.0,20,33460,卖盘
10:12:45,16.73,0.0,7,11711,卖盘
10:12:48,16.73,0.0,235,393155,卖盘
10:12:51,16.73,0.0,115,192395,卖盘
10:12:54,16.73,0.0,63,105399,卖盘
10:12:57,16.73,0.0,41,68593,卖盘
10:13:00,16.73,0.0,117,195741,卖盘
10:13:03,16.73,0.0,14,23422,卖盘
10:13:06,16.73,0.0,63,105399,卖盘
10:13:09,16.73,0.0,29,48517,卖盘
10:13:12,16.73,0.0,90,150570,卖盘
10:13:15,16.73,0.0,10,16730,卖盘
10:13:18,16.73,0.0,70,117110,卖盘
10:13:21,16.73,0.0,956,1599388,卖盘
10:13:24,16.73,0.0,48,80304,卖盘
10:13:27,16.73,0.0,44,73612,卖盘
10:13:30,16.73,0.0,148,247604,卖盘
10:13:33,16.73,0.0,85,142205,卖盘
10:13:36,16.73,0.0,139,232547,卖盘
10:13:39,16.73,0.0,23,38479,卖盘
10:13:42,16.73,0.0,8,13384,卖盘
10:13:45,16.73,0.0,806,1348070,卖盘
10:13:48,16.73,0.0,44,73612,卖盘
10:13:51,16.73,0.0,120,200760,卖盘
10:13:54,16.73,0.0,13,21749,卖盘
10:13:57,16.73,0.0,14,23422,卖盘
10:14:00,16.73,0.0,41,68593,卖盘
10:14:03,16.73,0.0,225,376425,卖盘
10:14:06,16.73,0.0,43,71939,卖盘
10:14:09,16.73,0.0,22,36806,卖盘
10:14:12,16.73,0.0,13,21749,卖盘
10:14:15,16.73,0.0,26,43498,卖盘
10:14:18,16.73,0.0,65,108745,卖盘
10:14:21,16.73,0.0,45,75285,卖盘
10:14:24,16.73,0.0,14,23422,卖盘
10:14:27,16.73,0.0,23,38479,卖盘
10:14:30,16.73,0.0,4,6692,卖盘
10:14:33,16.73,0.0,579,968667,卖盘
10:14:36,16.73,0.0,20,33460,卖盘
10:14:39,16.73,0.0,74,123802,卖盘
10:14:42,16.73,0.0,657,1099161,卖盘
10:14:45,16.73,0.0,44,73612,卖盘
10:14:48,16.73,0.0,955,1597715,卖盘
10:14:51,16.73,0.0,82,137186,卖盘
10:14:54,16.73,0.0,235,393155,卖盘
10:14:57,16.73,0.0,74,123802,卖盘
10:15:00,16.73,0.0,101,168973,卖盘
10:15:03,16.73,0.0,7,11711,卖盘
10:15:06,16.73,0.0,11,18403,卖盘
10:15:09,16.73,0.0,42,70266,卖盘
10:15:12,16.73,0.0,52,86996,卖盘
10:15:15,16.73,0.0,177,296121,卖盘
10:15:18,16.73,0.0,374,625702,卖盘
10:15:21,16.73,0.0,257,429961,卖盘
10:15:24,16.73,0.0,24,40152,卖盘
10:15:27,16.73,0.0,5005,8373365,卖盘
10:15:30,16.73,0.0,20,33460,卖盘
10:15:33,16.73,0.0,214,358022,卖盘
10:15:36,16.73,0.0,435,727755,卖盘
10:15:39,16.73,0.0,36,60228,卖盘
10:15:42,16.73,0.0,127,212471,卖盘
10:15:45,16.73,0.0,267,446691,卖盘
10:15:48,16.73,0.0,5,8365,卖盘
10:15:51,16.73,0.0,44,73612,卖盘
10:15:54,16.73,0.0,57,95361,卖盘
10:15:57,16.73,0.0,88,147224,卖盘
10:16:00,16.73,0.0,91,152243,卖盘
10:16:03,16.73,0.0,28,46844,卖盘
10:16:06,16.73,0.0,80,133840,卖盘
10:16:09,16.73,0.0,9,15057,卖盘
10:16:12,16.73,0.0,548,916804,卖盘
10:16:15,16.73,0.0,36,60228,卖盘
10:16:18,16.73,0.0,2,3346,卖盘
10:16:21,16.73,0.0,32,53536,卖盘
10:16:24,16.73,0.0,7,11711,卖盘
10:16:27,16.73,0.0,16,26768,卖盘
10:16:30,16.73,0.0,74,123802,卖盘
10:16:33,16.73,0.0,8,13384,卖盘
10:16:36,16.73,0.0,72,120456,卖盘
10:16:39,16.73,0.0,30,50190,卖盘
10:16:42,16.73,0.0,33,55209,卖盘
10:16:45,16.73,0.0,122,204106,卖盘
10:16:48,16.73,0.0,28,46844,卖盘
10:16:51,16.73,0.0,24,40152,卖盘
10:16:54,16.73,0.0,103,172319,卖盘
10:16:57,16.73,0.0,58,97034,卖盘
10:17:00,16.73,0.0,4,6692,卖盘
10:17:03,16.73,0.0,2,3346,卖盘
10:17:06,16.73,0.0,8,13384,卖盘
10:17:09,16.73,0.0,38,62754,卖盘
10:17:12,16.73,0.0,608,1017184,卖盘
10:17:15,16.73,0.0,52,86996,卖盘
10:17:18,16.73,0.0,122,204106,卖盘
10:17:21,16.73,0.0,21,35133,卖盘
10:17:24,16.73,0.0,14,23422,卖盘
10:17:27,16.73,0.0,2,3346,卖盘
10:17:30,16.73,0.0,1,1673,卖盘
10:17:33,16.73,0.0,19,31787,卖盘
10:17:36,16.73,0.0,215,359695,卖盘
10:17:39,16.73,0.0,14,23422,卖盘
10:17:42,16.73,0.0,548,916804,卖盘
10:17:45,16.73,0.0,120,200760,卖盘
10:17:48,16.73,0.0,25,41825,卖盘
10:17:51,16.73,0.0,12,20076,卖盘
10:17:54,16.73,0.0,60,100380,卖盘
10:17:57,16.73,0.0,20,33460,卖盘
10:18:00,16.73,0.0,32,53536,卖盘
10:18:03,16.73,0.0,111,185703,卖盘
10:18:06,16.73,0.0,1,1673,卖盘
10:18:09,16.73,0.0,6,10038,卖盘
10:18:12,16.73,0.0,18,30114,卖盘
10:18:15,16.73,0.0,92,153916,卖盘
10:18:18,16.73,0.0,48,80304,卖盘
10:18:21,16.73,0.0,10,16730,卖盘
10:18:24,16.73,0.0,636,1064028,卖盘
10:18:27,16.73,0.0,21,35803,卖盘
10:18:30,16.73,0.0,4,6692,卖盘
10:18:33,16.73,0.0,17,28441,卖盘
10:18:36,16.73,0.0,61,102053,卖盘
10:18:39,16.73,0.0,64,107072,卖盘
10:18:42,16.73,0.0,8,13384,卖盘
10:18:45,16.73,0.0,2,3346,卖盘
10:18:48,16.73,0.0,4,6692,卖盘
10:18:51,16.73,0.0,149,249277,卖盘
10:18:57,16.73,0.0,3,5019,卖盘
10:19:00,16.73,0.0,3,5019,卖盘
10:19:03,16.73,0.0,28,46844,卖盘
10:19:06,16.73,0.0,69,115437,卖盘
10:19:09,16.73,0.0,13,21749,卖盘
10:19:12,16.73,0.0,3,5019,卖盘
10:19:15,16.73,0.0,8,13384,卖盘
10:19:18,16.73,0.0,106,177338,卖盘
10:19:21,16.73,0.0,19,31787,卖盘
10:19:24,16.73,0.0,11,18403,卖盘
10:19:27,16.73,0.0,22,36806,卖盘
10:19:30,16.73,0.0,12,20076,卖盘
10:19:33,16.73,0.0,51,85323,卖盘
10:19:36,16.73,0.0,105,175665,卖盘
10:19:39,16.73,0.0,24,40152,卖盘
10:19:45,16.73,0.0,37,61901,卖盘
10:19:48,16.73,0.0,1,1673,卖盘
10:19:51,16.73,0.0,77,128821,卖盘
10:19:54,16.73,0.0,30,50190,卖盘
10:19:57,16.73,0.0,10,16730,卖盘
10:20:00,16.73,0.0,377,630721,卖盘
10:20:03,16.73,0.0,25,41825,卖盘
10:20:06,16.73,0.0,10,16730,卖盘
10:20:09,16.73,0.0,26,43498,卖盘
10:20:12,16.73,0.0,325,543725,卖盘
10:20:15,16.73,0.0,38,63574,卖盘
10:20:18,16.73,0.0,36,60228,卖盘
10:20:21,16.73,0.0,4,6692,卖盘
10:20:24,16.73,0.0,88,147224,卖盘
10:20:27,16.73,0.0,37,61901,卖盘
10:20:30,16.73,0.0,35,58555,卖盘
10:20:33,16.73,0.0,60,100380,卖盘
10:20:36,16.73,0.0,9,15057,卖盘
10:20:39,16.73,0.0,16,26768,卖盘
10:20:42,16.73,0.0,47,78631,卖盘
10:20:45,16.73,0.0,19,31787,卖盘
10:20:48,16.73,0.0,6,10038,卖盘
10:20:51,16.73,0.0,88,147224,卖盘
10:20:54,16.73,0.0,26,43498,卖盘
10:20:57,16.73,0.0,104,173992,卖盘
10:21:00,16.73,0.0,56,93688,卖盘
10:21:03,16.73,0.0,65,108745,卖盘
10:21:06,16.73,0.0,27,45171,卖盘
10:21:09,16.73,0.0,10,16730,卖盘
10:21:12,16.73,0.0,13,21749,卖盘
10:21:15,16.73,0.0,21,35133,卖盘
10:21:18,16.73,0.0,13,21749,卖盘
10:21:21,16.73,0.0,14,23422,卖盘
10:21:24,16.73,0.0,149,249277,卖盘
10:21:27,16.73,0.0,11,18403,卖盘
10:21:30,16.73,0.0,3,5019,卖盘
10:21:33,16.73,0.0,8,13384,卖盘
10:21:36,16.73,0.0,20,33460,卖盘
10:21:39,16.73,0.0,471,787983,卖盘
10:21:42,16.73,0.0,15,25095,卖盘
10:21:48,16.73,0.0,26,43498,卖盘
10:21:51,16.73,0.0,12,20076,卖盘
10:21:54,16.73,0.0,143,239239,卖盘
10:21:57,16.73,0.0,20,33460,卖盘
10:22:00,16.73,0.0,80,133840,卖盘
10:22:06,16.73,0.0,30,50190,卖盘
10:22:09,16.73,0.0,46,76958,卖盘
10:22:12,16.73,0.0,48,80304,卖盘
10:22:15,16.73,0.0,38,63574,卖盘
10:22:18,16.73,0.0,14,23422,卖盘
10:22:21,16.73,0.0,22,36806,卖盘
10:22:24,16.73,0.0,29,48517,卖盘
10:22:30,16.73,0.0,30,50190,卖盘
10:22:33,16.73,0.0,5,8365,卖盘
10:22:36,16.73,0.0,12,20076,卖盘
10:22:39,16.73,0.0,12,20076,卖盘
10:22:42,16.73,0.0,254,424942,卖盘
10:22:45,16.73,0.0,50,83650,卖盘
10:22:48,16.73,0.0,28,46844,卖盘
10:22:51,16.73,0.0,36,60228,卖盘
10:22:54,16.73,0.0,6,10038,卖盘
10:22:57,16.73,0.0,52,86996,卖盘
10:23:00,16.73,0.0,22,36806,卖盘
10:23:03,16.73,0.0,5,8365,卖盘
10:23:06,16.73,0.0,13,21749,卖盘
10:23:09,16.73,0.0,27,45171,卖盘
10:23:12,16.73,0.0,5,8365,卖盘
10:23:15,16.73,0.0,26,43498,卖盘
10:23:18,16.73,0.0,53,88669,卖盘
10:23:21,16.73,0.0,296,495208,卖盘
10:23:24,16.73,0.0,260,434980,卖盘
10:23:27,16.73,0.0,106,177338,卖盘
10:23:30,16.73,0.0,3,5019,卖盘
10:23:33,16.73,0.0,17,28441,卖盘
10:23:36,16.73,0.0,16,26768,卖盘
10:23:39,16.73,0.0,655,1095815,卖盘
10:23:42,16.73,0.0,121,202433,卖盘
10:23:45,16.73,0.0,24,40152,卖盘
10:23:48,16.73,0.0,3,5019,卖盘
10:23:51,16.73,0.0,54,90342,卖盘
10:23:54,16.73,0.0,6,10038,卖盘
10:23:57,16.73,0.0,13,21749,卖盘
10:24:00,16.73,0.0,58,97034,卖盘
10:24:03,16.73,0.0,109,182357,卖盘
10:24:06,16.73,0.0,23,38479,卖盘
10:24:09,16.73,0.0,1020,1706460,卖盘
10:24:12,16.73,0.0,4,6692,卖盘
10:24:15,16.73,0.0,10,16730,卖盘
10:24:21,16.73,0.0,1,1673,卖盘
10:24:24,16.73,0.0,51,85323,卖盘
10:24:27,16.73,0.0,1020,1706460,卖盘
10:24:30,16.73,0.0,6,10038,卖盘
10:24:33,16.73,0.0,89,148897,卖盘
10:24:36,16.73,0.0,716,1197868,卖盘
10:24:39,16.73,0.0,207,346311,卖盘
10:24:42,16.73,0.0,1,1673,卖盘
10:24:45,16.73,0.0,22,36806,卖盘
10:24:48,16.73,0.0,31,51863,卖盘
10:24:51,16.73,0.0,5,8365,卖盘
10:24:54,16.73,0.0,20,33460,卖盘
10:24:57,16.73,0.0,47,78631,卖盘
10:25:00,16.73,0.0,28,46844,卖盘
10:25:03,16.73,0.0,8,13384,卖盘
10:25:06,16.73,0.0,28,46844,卖盘
10:25:09,16.73,0.0,43,71939,卖盘
10:25:12,16.73,0.0,27,45171,卖盘
10:25:15,16.73,0.0,9,15057,卖盘
10:25:18,16.73,0.0,46,76958,卖盘
10:25:21,16.73,0.0,230,384790,卖盘
10:25:24,16.73,0.0,149,249277,卖盘
10:25:27,16.73,0.0,17,28441,卖盘
10:25:30,16.73,0.0,19,31787,卖盘
10:25:33,16.73,0.0,21,35133,卖盘
10:25:36,16.73,0.0,4,6692,卖盘
10:25:39,16.73,0.0,1,1673,卖盘
10:25:48,16.73,0.0,86,143878,卖盘
10:25:51,16.73,0.0,54,90342,卖盘
10:25:54,16.73,0.0,600,1003800,卖盘
10:25:57,16.73,0.0,7,11711,卖盘
10:26:00,16.73,0.0,67,112091,卖盘
10:26:03,16.73,0.0,34,56882,卖盘
10:26:06,16.73,0.0,12,20076,卖盘
10:26:09,16.73,0.0,29,48517,卖盘
10:26:12,16.73,0.0,78,130494,卖盘
10:26:15,16.73,0.0,11,18403,卖盘
10:26:21,16.73,0.0,43,71939,卖盘
10:26:24,16.73,0.0,11,18403,卖盘
10:26:30,16.73,0.0,124,207452,卖盘
10:26:33,16.73,0.0,10,16730,卖盘
10:26:36,16.73,0.0,31,51863,卖盘
10:26:39,16.73,0.0,154,257642,卖盘
10:26:42,16.73,0.0,49,81977,卖盘
10:26:45,16.73,0.0,39,65247,卖盘
10:26:48,16.73,0.0,50,83650,卖盘
10:26:51,16.73,0.0,20,33460,卖盘
10:26:54,16.73,0.0,9,15057,卖盘
10:26:57,16.73,0.0,34,56882,卖盘
10:27:00,16.73,0.0,41,68593,卖盘
10:27:03,16.73,0.0,25,41825,卖盘
10:27:06,16.73,0.0,29,48517,卖盘
10:27:09,16.73,0.0,129,215817,卖盘
10:27:12,16.73,0.0,57,95361,卖盘
10:27:15,16.73,0.0,74,123802,卖盘
10:27:18,16.73,0.0,40,66920,卖盘
10:27:21,16.73,0.0,79,132167,卖盘
10:27:24,16.73,0.0,72,120456,卖盘
10:27:27,16.73,0.0,50,83650,卖盘
10:27:33,16.73,0.0,116,194068,卖盘
10:27:36,16.73,0.0,25,41825,卖盘
10:27:39,16.73,0.0,35,58555,卖盘
10:27:42,16.73,0.0,116,194068,卖盘
10:27:45,16.73,0.0,26,43498,卖盘
10:27:48,16.73,0.0,31,51863,卖盘
10:27:51,16.73,0.0,45,75285,卖盘
10:27:54,16.73,0.0,13,21749,卖盘
10:27:57,16.73,0.0,62,103726,卖盘
10:28:00,16.73,0.0,9,15057,卖盘
10:28:03,16.73,0.0,7,11711,卖盘
10:28:06,16.73,0.0,307,513945,卖盘
10:28:09,16.73,0.0,43,71939,卖盘
10:28:12,16.73,0.0,1,1673,卖盘
10:28:15,16.73,0.0,46,76958,卖盘
10:28:18,16.73,0.0,40,66920,卖盘
10:28:21,16.73,0.0,6,10038,卖盘
10:28:24,16.73,0.0,1,1673,卖盘
10:28:27,16.73,0.0,8,13384,卖盘
10:28:30,16.73,0.0,496,829808,卖盘
10:28:33,16.73,0.0,5,8365,卖盘
10:28:36,16.73,0.0,33,55209,卖盘
10:28:39,16.73,0.0,21,35133,卖盘
10:28:42,16.73,0.0,3,5019,卖盘
10:28:45,16.73,0.0,221,369733,卖盘
10:28:48,16.73,0.0,12,20076,卖盘
10:28:51,16.73,0.0,2,3346,卖盘
10:28:54,16.73,0.0,26,43498,卖盘
10:28:57,16.73,0.0,119,199087,卖盘
10:29:00,16.73,0.0,18,30114,卖盘
10:29:03,16.73,0.0,60,100380,卖盘
10:29:06,16.73,0.0,129,215817,卖盘
10:29:09,16.73,0.0,2,3346,卖盘
10:29:12,16.73,0.0,35,58555,卖盘
10:29:15,16.73,0.0,16,26768,卖盘
10:29:18,16.73,0.0,10,16730,卖盘
10:29:21,16.73,0.0,15,25095,卖盘
10:29:24,16.73,0.0,49,81977,卖盘
10:29:27,16.73,0.0,9,15057,卖盘
10:29:30,16.73,0.0,22,36806,卖盘
10:29:33,16.73,0.0,25,41825,卖盘
10:29:36,16.73,0.0,12,20076,卖盘
10:29:39,16.73,0.0,11,18403,卖盘
10:29:42,16.73,0.0,1,1673,卖盘
10:29:45,16.73,0.0,30,50190,卖盘
10:29:48,16.73,0.0,5,8365,卖盘
10:29:51,16.73,0.0,83,138859,卖盘
10:29:54,16.73,0.0,30,50190,卖盘
10:30:00,16.73,0.0,3,5019,卖盘
10:30:03,16.73,0.0,7,11711,卖盘
10:30:06,16.73,0.0,47,78631,卖盘
10:30:09,16.73,0.0,7,11711,卖盘
10:30:12,16.73,0.0,25,41825,卖盘
10:30:15,16.73,0.0,18,30114,卖盘
10:30:18,16.73,0.0,49,81977,卖盘
10:30:24,16.73,0.0,5,8365,卖盘
10:30:27,16.73,0.0,20,33460,卖盘
10:30:30,16.73,0.0,1004,1679692,卖盘
10:30:33,16.73,0.0,34,56882,卖盘
10:30:36,16.73,0.0,10,16730,卖盘
10:30:39,16.73,0.0,8,13384,卖盘
10:30:42,16.73,0.0,56,93688,卖盘
10:30:45,16.73,0.0,10,16730,卖盘
10:30:48,16.73,0.0,10,16730,卖盘
10:30:51,16.73,0.0,823,1376879,卖盘
10:30:54,16.73,0.0,32,53536,卖盘
10:30:57,16.73,0.0,110,184030,卖盘
10:31:00,16.73,0.0,54,90342,卖盘
10:31:03,16.73,0.0,33,55209,卖盘
10:31:06,16.73,0.0,24,40654,卖盘
10:31:12,16.73,0.0,24,40152,卖盘
10:31:15,16.73,0.0,47,78631,卖盘
10:31:18,16.73,0.0,13,21749,卖盘
10:31:21,16.73,0.0,13,21749,卖盘
10:31:24,16.73,0.0,22,36806,卖盘
10:31:27,16.73,0.0,1010,1689730,卖盘
10:31:30,16.73,0.0,21,35133,卖盘
10:31:33,16.73,0.0,104,173992,卖盘
10:31:36,16.73,0.0,37,61901,卖盘
10:31:39,16.73,0.0,55,92015,卖盘
10:31:48,16.73,0.0,19,31787,卖盘
10:31:51,16.73,0.0,19,31787,卖盘
10:31:54,16.73,0.0,57,95361,卖盘
10:31:57,16.73,0.0,57,95361,卖盘
10:32:00,16.73,0.0,119,199087,卖盘
10:32:03,16.73,0.0,29,48517,卖盘
10:32:09,16.73,0.0,53,88669,卖盘
10:32:12,16.73,0.0,66,110418,卖盘
10:32:15,16.73,0.0,944,1579312,卖盘
10:32:18,16.73,0.0,52,86996,卖盘
10:32:21,16.73,0.0,76,127148,卖盘
10:32:24,16.73,0.0,6,10038,卖盘
10:32:27,16.73,0.0,157,262661,卖盘
10:32:30,16.73,0.0,80,133840,卖盘
10:32:33,16.73,0.0,17,28441,卖盘
10:32:36,16.73,0.0,199,332927,卖盘
10:32:39,16.73,0.0,253,423269,卖盘
10:32:42,16.73,0.0,80,133840,卖盘
10:32:45,16.73,0.0,128,214144,卖盘
10:32:48,16.73,0.0,8,13384,卖盘
10:32:51,16.73,0.0,87,145551,卖盘
10:32:54,16.73,0.0,97,162281,卖盘
10:32:57,16.73,0.0,150,250950,卖盘
10:33:00,16.73,0.0,92,153916,卖盘
10:33:03,16.73,0.0,53,88669,卖盘
10:33:06,16.73,0.0,9,15057,卖盘
10:33:09,16.73,0.0,30,50190,卖盘
10:33:15,16.73,0.0,4,6692,卖盘
10:33:18,16.73,0.0,89,148897,卖盘
10:33:21,16.73,0.0,86,143878,卖盘
10:33:24,16.73,0.0,473,791329,卖盘
10:33:27,16.73,0.0,226,378098,卖盘
10:33:30,16.73,0.0,29,48517,卖盘
10:33:33,16.73,0.0,46,76958,卖盘
10:33:39,16.73,0.0,427,714371,卖盘
10:33:42,16.73,0.0,99,165627,卖盘
10:33:45,16.73,0.0,7,11711,卖盘
10:33:48,16.73,0.0,13,21749,卖盘
10:33:51,16.73,0.0,74,123802,卖盘
10:33:54,16.73,0.0,42,70266,卖盘
10:33:57,16.73,0.0,147,245931,卖盘
10:34:00,16.73,0.0,74,123802,卖盘
10:34:03,16.73,0.0,2,3346,卖盘
10:34:06,16.73,0.0,91,152243,卖盘
10:34:09,16.73,0.0,17,28441,卖盘
10:34:12,16.73,0.0,12,20076,卖盘
10:34:15,16.73,0.0,3,5019,卖盘
10:34:18,16.73,0.0,188,314524,卖盘
10:34:21,16.73,0.0,130,217490,卖盘
10:34:24,16.73,0.0,208,347984,卖盘
10:34:27,16.73,0.0,120,200760,卖盘
10:34:30,16.73,0.0,66,110418,卖盘
10:34:33,16.73,0.0,23,38479,卖盘
10:34:36,16.73,0.0,106,177338,卖盘
10:34:39,16.73,0.0,9,15057,卖盘
10:34:42,16.73,0.0,17,28441,卖盘
10:34:45,16.73,0.0,55,92015,卖盘
10:34:48,16.73,0.0,32,53536,卖盘
10:34:51,16.73,0.0,1,1673,卖盘
10:34:54,16.73,0.0,447,747831,卖盘
10:34:57,16.73,0.0,20,33460,卖盘
10:35:00,16.73,0.0,2,3346,卖盘
10:35:03,16.73,0.0,56,93688,卖盘
10:35:06,16.73,0.0,31,51863,卖盘
10:35:09,16.73,0.0,9,15057,卖盘
10:35:12,16.73,0.0,12,20076,卖盘
10:35:15,16.73,0.0,4,6692,卖盘
10:35:18,16.73,0.0,11,18403,卖盘
10:35:21,16.73,0.0,43,71939,卖盘
10:35:24,16.73,0.0,7,11711,卖盘
10:35:27,16.73,0.0,61,102053,卖盘
10:35:33,16.73,0.0,171,286083,卖盘
10:35:36,16.73,0.0,14,23422,卖盘
10:35:39,16.73,0.0,5,8365,卖盘
10:35:42,16.73,0.0,9,15057,卖盘
10:35:45,16.73,0.0,78,130494,卖盘
10:35:48,16.73,0.0,14,23422,卖盘
10:35:51,16.73,0.0,73,122129,卖盘
10:35:57,16.73,0.0,21,35133,卖盘
10:36:00,16.73,0.0,34,56882,卖盘
10:36:03,16.73,0.0,2,3346,卖盘
10:36:06,16.73,0.0,128,214144,卖盘
10:36:09,16.73,0.0,27,45171,卖盘
10:36:18,16.73,0.0,15,25095,卖盘
10:36:21,16.73,0.0,6,10038,卖盘
10:36:24,16.73,0.0,5,8365,卖盘
10:36:27,16.73,0.0,5,8365,卖盘
10:36:30,16.73,0.0,27,45171,卖盘
10:36:33,16.73,0.0,33,55209,卖盘
10:36:36,16.73,0.0,21,35133,卖盘
10:36:39,16.73,0.0,33,55209,卖盘
10:36:45,16.73,0.0,8,13384,卖盘
10:36:48,16.73,0.0,14,23422,卖盘
10:36:51,16.73,0.0,339,567147,卖盘
10:36:54,16.73,0.0,16,26768,卖盘
10:36:57,16.73,0.0,1,1673,卖盘
10:37:00,16.73,0.0,7,11711,卖盘
10:37:03,16.73,0.0,3,5019,卖盘
10:37:06,16.73,0.0,30,50190,卖盘
10:37:09,16.73,0.0,1018,1703114,卖盘
10:37:12,16.73,0.0,18,30114,卖盘
10:37:15,16.73,0.0,128,214144,卖盘
10:37:18,16.73,0.0,24,40152,卖盘
10:37:21,16.73,0.0,1,1673,卖盘
10:37:24,16.73,0.0,1,1673,卖盘
10:37:27,16.73,0.0,19,31787,卖盘
10:37:30,16.73,0.0,2,3346,卖盘
10:37:33,16.73,0.0,33,55209,卖盘
10:37:39,16.73,0.0,42,70266,卖盘
10:37:42,16.73,0.0,802,1341746,卖盘
10:37:45,16.73,0.0,13,21749,卖盘
10:37:48,16.73,0.0,139,232547,卖盘
10:37:51,16.73,0.0,20,33460,卖盘
10:37:54,16.73,0.0,12,20076,卖盘
10:37:57,16.73,0.0,448,749504,卖盘
10:38:00,16.73,0.0,10,16730,卖盘
10:38:03,16.73,0.0,9,15057,卖盘
10:38:06,16.73,0.0,17,28441,卖盘
10:38:09,16.73,0.0,8,13384,卖盘
10:38:12,16.73,0.0,4,6692,卖盘
10:38:15,16.73,0.0,6,10038,卖盘
10:38:18,16.73,0.0,10,16730,卖盘
10:38:21,16.73,0.0,22,36806,卖盘
10:38:24,16.73,0.0,97,162281,卖盘
10:38:27,16.73,0.0,242,404866,卖盘
10:38:30,16.73,0.0,48,80304,卖盘
10:38:33,16.73,0.0,2,3346,卖盘
10:38:36,16.73,0.0,47,78631,卖盘
10:38:39,16.73,0.0,28,46844,卖盘
10:38:42,16.73,0.0,14,23422,卖盘
10:38:45,16.73,0.0,207,346060,卖盘
10:38:48,16.73,0.0,34,56882,卖盘
10:38:51,16.73,0.0,4,6692,卖盘
10:38:54,16.73,0.0,3,5019,卖盘
10:38:57,16.73,0.0,8,13384,卖盘
10:39:00,16.73,0.0,17,28441,卖盘
10:39:03,16.73,0.0,18,30114,卖盘
10:39:06,16.73,0.0,10,16730,卖盘
10:39:09,16.73,0.0,15,25095,卖盘
10:39:12,16.73,0.0,201,336273,卖盘
10:39:15,16.73,0.0,63,105399,卖盘
10:39:18,16.73,0.0,3,5019,卖盘
10:39:21,16.73,0.0,4,6692,卖盘
10:39:24,16.73,0.0,43,71939,卖盘
10:39:30,16.73,0.0,1,1673,卖盘
10:39:36,16.73,0.0,38,63574,卖盘
10:39:39,16.73,0.0,21,35133,卖盘
10:39:42,16.73,0.0,32,53536,卖盘
10:39:45,16.73,0.0,27,45171,卖盘
10:39:48,16.73,0.0,45,75285,卖盘
10:39:51,16.73,0.0,24,40152,卖盘
10:39:54,16.73,0.0,14,23422,卖盘
10:39:57,16.73,0.0,47,78129,卖盘
10:40:00,16.73,0.0,15,25095,卖盘
10:40:03,16.73,0.0,81,135513,卖盘
10:40:06,16.73,0.0,9,15057,卖盘
10:40:09,16.73,0.0,1,1673,卖盘
10:40:12,16.73,0.0,2,3346,卖盘
10:40:15,16.73,0.0,20,33460,卖盘
10:40:18,16.73,0.0,12,20076,卖盘
10:40:21,16.73,0.0,45,75285,卖盘
10:40:24,16.73,0.0,9,15057,卖盘
10:40:27,16.73,0.0,12,20076,卖盘
10:40:30,16.73,0.0,107,179011,卖盘
10:40:33,16.73,0.0,8,13384,卖盘
10:40:36,16.73,0.0,52,86996,卖盘
10:40:39,16.73,0.0,5,8365,卖盘
10:40:45,16.73,0.0,29,48517,卖盘
10:40:48,16.73,0.0,156,260988,卖盘
10:40:51,16.73,0.0,90,150570,卖盘
10:40:54,16.73,0.0,70,117110,卖盘
10:40:57,16.73,0.0,9,15057,卖盘
10:41:00,16.73,0.0,3,5019,卖盘
10:41:03,16.73,0.0,1,1673,卖盘
10:41:06,16.73,0.0,11,18403,卖盘
10:41:09,16.73,0.0,3,5019,卖盘
10:41:12,16.73,0.0,12,20076,卖盘
10:41:15,16.73,0.0,19,31787,卖盘
10:41:18,16.73,0.0,12,20076,卖盘
10:41:21,16.73,0.0,12,20076,卖盘
10:41:24,16.73,0.0,205,342965,卖盘
10:41:30,16.73,0.0,23,38479,卖盘
10:41:33,16.73,0.0,16,26768,卖盘
10:41:36,16.73,0.0,10,16730,卖盘
10:41:39,16.73,0.0,11,18403,卖盘
10:41:42,16.73,0.0,50,83650,卖盘
10:41:45,16.73,0.0,9,15057,卖盘
10:41:48,16.73,0.0,46,76958,卖盘
10:41:54,16.73,0.0,74,123802,卖盘
10:41:57,16.73,0.0,147,245931,卖盘
10:42:03,16.73,0.0,21,35133,卖盘
10:42:06,16.73,0.0,4,6692,卖盘
10:42:09,16.73,0.0,12,20076,卖盘
10:42:12,16.73,0.0,12,20076,卖盘
10:42:15,16.73,0.0,9,15057,卖盘
10:42:18,16.73,0.0,9,15057,卖盘
10:42:21,16.73,0.0,12,20076,卖盘
10:42:24,16.73,0.0,11,18403,卖盘
10:42:27,16.73,0.0,23,38479,卖盘
10:42:30,16.73,0.0,38,63574,卖盘
10:42:33,16.73,0.0,10,16730,卖盘
10:42:36,16.73,0.0,14,23907,卖盘
10:42:39,16.73,0.0,80,133840,卖盘
10:42:42,16.73,0.0,50,83650,卖盘
10:42:45,16.73,0.0,2,3346,卖盘
10:42:48,16.73,0.0,64,107072,卖盘
10:42:51,16.73,0.0,69,115437,卖盘
10:42:54,16.73,0.0,25,41825,卖盘
10:42:57,16.73,0.0,79,132167,卖盘
10:43:00,16.73,0.0,19,31787,卖盘
10:43:03,16.73,0.0,20,33460,卖盘
10:43:06,16.73,0.0,15,25095,卖盘
10:43:09,16.73,0.0,11,18403,卖盘
10:43:12,16.73,0.0,53,88669,卖盘
10:43:15,16.73,0.0,54,90342,卖盘
10:43:18,16.73,0.0,20,33460,卖盘
10:43:21,16.73,0.0,1,1673,卖盘
10:43:24,16.73,0.0,43,71939,卖盘
10:43:27,16.73,0.0,20,33460,卖盘
10:43:30,16.73,0.0,395,660835,卖盘
10:43:33,16.73,0.0,1,1673,卖盘
10:43:36,16.73,0.0,7,11711,卖盘
10:43:42,16.73,0.0,135,225855,卖盘
10:43:45,16.73,0.0,24,40152,卖盘
10:43:48,16.73,0.0,22,36806,卖盘
10:43:51,16.73,0.0,2,3346,卖盘
10:43:54,16.73,0.0,20,33460,卖盘
10:43:57,16.73,0.0,35,58555,卖盘
10:44:00,16.73,0.0,6,10038,卖盘
10:44:03,16.73,0.0,13,21749,卖盘
10:44:06,16.73,0.0,85,142205,卖盘
10:44:09,16.73,0.0,25,41825,卖盘
10:44:12,16.73,0.0,1,1673,卖盘
10:44:15,16.73,0.0,40,66920,卖盘
10:44:18,16.73,0.0,79,132167,卖盘
10:44:21,16.73,0.0,168,281064,卖盘
10:44:24,16.73,0.0,21,35133,卖盘
10:44:27,16.73,0.0,324,542052,卖盘
10:44:30,16.73,0.0,176,294448,卖盘
10:44:33,16.73,0.0,6,10038,卖盘
10:44:36,16.73,0.0,10,16730,卖盘
10:44:39,16.73,0.0,24,40152,卖盘
10:44:42,16.73,0.0,140,234220,卖盘
10:44:45,16.73,0.0,367,613991,卖盘
10:44:48,16.73,0.0,10,16730,卖盘
10:44:51,16.73,0.0,20,33460,卖盘
10:44:54,16.73,0.0,3,5019,卖盘
10:45:00,16.73,0.0,11,18403,卖盘
10:45:06,16.73,0.0,3,5019,卖盘
10:45:12,16.73,0.0,7,11711,卖盘
10:45:15,16.73,0.0,65,108745,卖盘
10:45:18,16.73,0.0,15,25095,卖盘
10:45:21,16.73,0.0,24,40152,卖盘
10:45:24,16.73,0.0,160,267680,卖盘
10:45:30,16.73,0.0,45,75285,卖盘
10:45:33,16.73,0.0,86,143878,卖盘
10:45:39,16.73,0.0,19,31787,卖盘
10:45:42,16.73,0.0,41,68593,卖盘
10:45:45,16.73,0.0,2,3346,卖盘
10:45:48,16.73,0.0,52,86996,卖盘
10:45:51,16.73,0.0,5,8365,卖盘
10:45:54,16.73,0.0,17,28441,卖盘
10:46:00,16.73,0.0,263,439999,卖盘
10:46:03,16.73,0.0,10,16730,卖盘
10:46:06,16.73,0.0,104,173992,卖盘
10:46:09,16.73,0.0,9,15057,卖盘
10:46:12,16.73,0.0,5,8365,卖盘
10:46:15,16.73,0.0,22,36806,卖盘
10:46:18,16.73,0.0,1,1673,卖盘
10:46:21,16.73,0.0,5000,8365000,卖盘
10:46:24,16.73,0.0,60,100380,卖盘
10:46:27,16.73,0.0,3,5019,卖盘
10:46:30,16.73,0.0,103,172319,卖盘
10:46:36,16.73,0.0,2,3346,卖盘
10:46:39,16.73,0.0,11,18403,卖盘
10:46:45,16.73,0.0,5,8365,卖盘
10:46:48,16.73,0.0,20,33460,卖盘
10:46:54,16.73,0.0,1,1673,卖盘
10:47:00,16.73,0.0,38,63574,卖盘
10:47:03,16.73,0.0,13,21749,卖盘
10:47:06,16.73,0.0,5,8365,卖盘
10:47:09,16.73,0.0,10,16730,卖盘
10:47:12,16.73,0.0,25,41825,卖盘
10:47:15,16.73,0.0,3,5019,卖盘
10:47:18,16.73,0.0,7,12046,卖盘
10:47:21,16.73,0.0,41,68593,卖盘
10:47:24,16.73,0.0,5,8365,卖盘
10:47:27,16.73,0.0,5,8365,卖盘
10:47:30,16.73,0.0,13,21749,卖盘
10:47:33,16.73,0.0,20,33460,卖盘
10:47:39,16.73,0.0,19,31787,卖盘
10:47:42,16.73,0.0,7,11711,卖盘
10:47:45,16.73,0.0,29,48517,卖盘
10:47:48,16.73,0.0,9,15057,卖盘
10:47:51,16.73,0.0,7,11711,卖盘
10:47:54,16.73,0.0,23,38479,卖盘
10:48:00,16.73,0.0,123,205779,卖盘
10:48:03,16.73,0.0,4,6692,卖盘
10:48:06,16.73,0.0,9,15057,卖盘
10:48:09,16.73,0.0,27,45171,卖盘
10:48:12,16.73,0.0,4,6692,卖盘
10:48:15,16.73,0.0,4,6692,卖盘
10:48:18,16.73,0.0,2,3346,卖盘
10:48:21,16.73,0.0,25,41825,卖盘
10:48:24,16.73,0.0,156,260988,卖盘
10:48:27,16.73,0.0,16,26768,卖盘
10:48:30,16.73,0.0,84,140532,卖盘
10:48:33,16.73,0.0,10,16730,卖盘
10:48:39,16.73,0.0,8,13384,卖盘
10:48:42,16.73,0.0,6,10038,卖盘
10:48:45,16.73,0.0,1,1673,卖盘
10:48:48,16.73,0.0,16,26768,卖盘
10:48:51,16.73,0.0,5,8365,卖盘
10:48:54,16.73,0.0,130,217490,卖盘
10:48:57,16.73,0.0,34,56882,卖盘
10:49:00,16.73,0.0,39,65247,卖盘
10:49:06,16.73,0.0,5,8365,卖盘
10:49:09,16.73,0.0,23,38479,卖盘
10:49:21,16.73,0.0,5,8365,卖盘
10:49:24,16.73,0.0,33,55209,卖盘
10:49:27,16.73,0.0,5,8365,卖盘
10:49:33,16.73,0.0,6,10038,卖盘
10:49:36,16.73,0.0,231,386463,卖盘
10:49:39,16.73,0.0,22,36806,卖盘
10:49:45,16.73,0.0,78,130494,卖盘
10:49:48,16.73,0.0,10,16730,卖盘
10:49:51,16.73,0.0,3,5019,卖盘
10:49:57,16.73,0.0,6,10038,卖盘
10:50:00,16.73,0.0,37,61901,卖盘
10:50:03,16.73,0.0,52,86996,卖盘
10:50:09,16.73,0.0,83,138859,卖盘
10:50:12,16.73,0.0,42,70266,卖盘
10:50:15,16.73,0.0,69,115437,卖盘
10:50:18,16.73,0.0,2,3346,卖盘
10:50:21,16.73,0.0,6,10038,卖盘
10:50:24,16.73,0.0,1,1673,卖盘
10:50:27,16.73,0.0,2,3346,卖盘
10:50:30,16.73,0.0,108,180684,卖盘
10:50:33,16.73,0.0,95,158935,卖盘
10:50:36,16.73,0.0,300,501900,卖盘
10:50:42,16.73,0.0,1,1673,卖盘
10:50:51,16.73,0.0,7,11711,卖盘
10:50:54,16.73,0.0,22,36806,卖盘
10:51:00,16.73,0.0,8,13384,卖盘
10:51:03,16.73,0.0,53,88669,卖盘
10:51:06,16.73,0.0,23,38479,卖盘
10:51:09,16.73,0.0,15,25095,卖盘
10:51:12,16.73,0.0,32,53536,卖盘
10:51:15,16.73,0.0,1,1673,卖盘
10:51:18,16.73,0.0,42,70266,卖盘
10:51:21,16.73,0.0,44,73612,卖盘
10:51:24,16.73,0.0,21,35133,卖盘
10:51:30,16.73,0.0,3,5019,卖盘
10:51:33,16.73,0.0,52,86996,卖盘
10:51:36,16.73,0.0,4,6692,卖盘
10:51:39,16.73,0.0,6,10038,卖盘
10:51:42,16.73,0.0,6,10038,卖盘
10:51:45,16.73,0.0,32,53536,卖盘
10:51:48,16.73,0.0,12,20076,卖盘
10:51:57,16.73,0.0,10,16730,卖盘
10:52:00,16.73,0.0,11,18403,卖盘
10:52:06,16.73,0.0,1020,1706460,卖盘
10:52:09,16.73,0.0,101,168973,卖盘
10:52:12,16.73,0.0,14,23422,卖盘
10:52:18,16.73,0.0,2,3346,卖盘
10:52:24,16.73,0.0,50,83650,卖盘
10:52:27,16.73,0.0,14,23422,卖盘
10:52:30,16.73,0.0,10,16730,卖盘
10:52:33,16.73,0.0,2,3346,卖盘
10:52:36,16.73,0.0,4,6692,卖盘
10:52:39,16.73,0.0,10,16730,卖盘
10:52:42,16.73,0.0,10,16730,卖盘
10:52:48,16.73,0.0,33,55209,卖盘
10:52:51,16.73,0.0,2,3346,卖盘
10:52:54,16.73,0.0,138,230874,卖盘
10:53:00,16.73,0.0,18,30114,卖盘
10:53:03,16.73,0.0,14,23422,卖盘
10:53:06,16.73,0.0,127,212471,卖盘
10:53:09,16.73,0.0,4,6692,卖盘
10:53:12,16.73,0.0,7,11711,卖盘
10:53:15,16.73,0.0,101,168973,卖盘
10:53:18,16.73,0.0,11,18403,卖盘
10:53:24,16.73,0.0,16,26768,卖盘
10:53:27,16.73,0.0,100,167300,卖盘
10:53:30,16.73,0.0,388,649124,卖盘
10:53:33,16.73,0.0,11,18403,卖盘
10:53:36,16.73,0.0,21,35133,卖盘
10:53:42,16.73,0.0,51,85323,卖盘
10:53:45,16.73,0.0,26,43498,卖盘
10:53:51,16.73,0.0,42,70266,卖盘
10:54:00,16.73,0.0,10,16730,卖盘
10:54:03,16.73,0.0,8,13384,卖盘
10:54:06,16.73,0.0,11,18403,卖盘
10:54:09,16.73,0.0,23,38479,卖盘
10:54:12,16.73,0.0,1,1673,卖盘
10:54:15,16.73,0.0,8,13384,卖盘
10:54:18,16.73,0.0,10,16730,卖盘
10:54:21,16.73,0.0,8,13384,卖盘
10:54:24,16.73,0.0,14,23422,卖盘
10:54:27,16.73,0.0,14,23422,卖盘
10:54:30,16.73,0.0,4,6692,卖盘
10:54:33,16.73,0.0,20,33460,卖盘
10:54:36,16.73,0.0,10,16730,卖盘
10:54:42,16.73,0.0,2,3346,卖盘
10:54:45,16.73,0.0,10,16730,卖盘
10:54:48,16.73,0.0,6,10038,卖盘
10:54:51,16.73,0.0,22,36806,卖盘
10:54:54,16.73,0.0,30,50190,卖盘
10:55:00,16.73,0.0,2,3346,卖盘
10:55:03,16.73,0.0,5,8365,卖盘
10:55:06,16.73,0.0,4,6692,卖盘
10:55:12,16.73,0.0,7,11711,卖盘
10:55:15,16.73,0.0,49,81977,卖盘
10:55:21,16.73,0.0,106,177338,卖盘
10:55:24,16.73,0.0,22,36806,卖盘
10:55:27,16.73,0.0,4,6692,卖盘
10:55:30,16.73,0.0,12,20076,卖盘
10:55:36,16.73,0.0,4,6692,卖盘
10:55:42,16.73,0.0,19,31787,卖盘
10:55:48,16.73,0.0,26,43498,卖盘
10:55:51,16.73,0.0,5,8365,卖盘
10:55:54,16.73,0.0,1,1673,卖盘
10:55:57,16.73,0.0,1047,1751631,卖盘
10:56:03,16.73,0.0,5,8365,卖盘
10:56:06,16.73,0.0,12,20076,卖盘
10:56:12,16.73,0.0,10,16730,卖盘
10:56:15,16.73,0.0,23,38479,卖盘
10:56:21,16.73,0.0,5,8365,卖盘
10:56:27,16.73,0.0,6,10038,卖盘
10:56:30,16.73,0.0,249,416594,卖盘
10:56:33,16.73,0.0,10,16730,卖盘
10:56:39,16.73,0.0,810,1355130,卖盘
10:56:42,16.73,0.0,6,10038,卖盘
10:56:45,16.73,0.0,15,25095,卖盘
10:56:48,16.73,0.0,5,8365,卖盘
10:56:54,16.73,0.0,1,1673,卖盘
10:57:00,16.73,0.0,5,8365,卖盘
10:57:03,16.73,0.0,25,41825,卖盘
10:57:09,16.73,0.0,9,15057,卖盘
10:57:12,16.73,0.0,13,21749,卖盘
10:57:24,16.73,0.0,23,38479,卖盘
10:57:30,16.73,0.0,1,1673,卖盘
10:57:33,16.73,0.0,7,11711,卖盘
10:57:39,16.73,0.0,34,56882,卖盘
10:57:45,16.73,0.0,2,3346,卖盘
10:57:51,16.73,0.0,4,6692,卖盘
10:57:54,16.73,0.0,13,21749,卖盘
10:57:57,16.73,0.0,3,5019,卖盘
10:58:00,16.73,0.0,10,16730,卖盘
10:58:03,16.73,0.0,4,6692,卖盘
10:58:09,16.73,0.0,3,5019,卖盘
10:58:12,16.73,0.0,10,16730,卖盘
10:58:15,16.73,0.0,51,85323,卖盘
10:58:18,16.73,0.0,12,20076,卖盘
10:58:27,16.73,0.0,4,6692,卖盘
10:58:30,16.73,0.0,4,6692,卖盘
10:58:33,16.73,0.0,5,8365,卖盘
10:58:36,16.73,0.0,264,441672,卖盘
10:58:42,16.73,0.0,7,11711,卖盘
10:58:48,16.73,0.0,35,58555,卖盘
10:58:51,16.73,0.0,22,36806,卖盘
10:58:57,16.73,0.0,6,10038,卖盘
10:59:00,16.73,0.0,1,1673,卖盘
10:59:03,16.73,0.0,4,6692,卖盘
10:59:06,16.73,0.0,2,3346,卖盘
10:59:12,16.73,0.0,33,55209,卖盘
10:59:15,16.73,0.0,10,16730,卖盘
10:59:18,16.73,0.0,18,30114,卖盘
10:59:21,16.73,0.0,5,8365,卖盘
10:59:24,16.73,0.0,9,15057,卖盘
10:59:27,16.73,0.0,4,6692,卖盘
10:59:33,16.73,0.0,7,11711,卖盘
10:59:36,16.73,0.0,9,15057,卖盘
10:59:39,16.73,0.0,32,53536,卖盘
10:59:45,16.73,0.0,5,8365,卖盘
10:59:48,16.73,0.0,653,1092469,卖盘
10:59:54,16.73,0.0,10,16730,卖盘
10:59:57,16.73,0.0,57,95361,卖盘
11:00:00,16.73,0.0,1,1673,卖盘
11:00:03,16.73,0.0,8,13384,卖盘
11:00:06,16.73,0.0,27,45171,卖盘
11:00:09,16.73,0.0,4,6692,卖盘
11:00:12,16.73,0.0,1,1673,卖盘
11:00:15,16.73,0.0,17,28441,卖盘
11:00:18,16.73,0.0,4,6692,卖盘
11:00:21,16.73,0.0,21,35133,卖盘
11:00:24,16.73,0.0,7,11711,卖盘
11:00:27,16.73,0.0,5,8365,卖盘
11:00:30,16.73,0.0,3,5019,卖盘
11:00:33,16.73,0.0,41,68593,卖盘
11:00:36,16.73,0.0,15,25095,卖盘
11:00:39,16.73,0.0,1,1673,卖盘
11:00:48,16.73,0.0,6,10038,卖盘
11:00:51,16.73,0.0,5,8365,卖盘
11:00:57,16.73,0.0,18,30114,卖盘
11:01:03,16.73,0.0,23,38479,卖盘
11:01:06,16.73,0.0,24,40152,卖盘
11:01:09,16.73,0.0,54,90342,卖盘
11:01:12,16.73,0.0,10,16730,卖盘
11:01:15,16.73,0.0,18,30114,卖盘
11:01:18,16.73,0.0,9,15057,卖盘
11:01:21,16.73,0.0,11,18403,卖盘
11:01:24,16.73,0.0,2,3346,卖盘
11:01:27,16.73,0.0,11,18403,卖盘
11:01:30,16.73,0.0,4,6692,卖盘
11:01:33,16.73,0.0,5,8365,卖盘
11:01:36,16.73,0.0,5,8365,卖盘
11:01:48,16.73,0.0,16,26768,卖盘
11:01:51,16.73,0.0,10,16730,卖盘
11:01:54,16.73,0.0,10,16730,卖盘
11:01:57,16.73,0.0,90,150570,卖盘
11:02:03,16.73,0.0,22,36806,卖盘
11:02:06,16.73,0.0,1,1673,卖盘
11:02:09,16.73,0.0,7,11711,卖盘
11:02:12,16.73,0.0,37,61901,卖盘
11:02:15,16.73,0.0,18,30114,卖盘
11:02:18,16.73,0.0,8,13384,卖盘
11:02:27,16.73,0.0,11,18403,卖盘
11:02:33,16.73,0.0,88,147224,卖盘
11:02:36,16.73,0.0,209,349657,卖盘
11:02:45,16.73,0.0,34,56882,卖盘
11:02:48,16.73,0.0,24,40152,卖盘
11:02:51,16.73,0.0,13,21749,卖盘
11:02:54,16.73,0.0,7,11711,卖盘
11:02:57,16.73,0.0,1,1673,卖盘
11:03:00,16.73,0.0,6,10038,卖盘
11:03:03,16.73,0.0,4,6692,卖盘
11:03:12,16.73,0.0,24,40152,卖盘
11:03:15,16.73,0.0,34,56882,卖盘
11:03:18,16.73,0.0,15,25095,卖盘
11:03:21,16.73,0.0,4,6692,卖盘
11:03:30,16.73,0.0,140,234220,卖盘
11:03:33,16.73,0.0,9,15057,卖盘
11:03:36,16.73,0.0,54,90342,卖盘
11:03:39,16.73,0.0,7,11711,卖盘
11:03:42,16.73,0.0,32,53536,卖盘
11:03:45,16.73,0.0,1,1673,卖盘
11:03:48,16.73,0.0,71,119502,卖盘
11:03:54,16.73,0.0,4,6692,卖盘
11:03:57,16.73,0.0,26,43498,卖盘
11:04:00,16.73,0.0,20,33460,卖盘
11:04:03,16.73,0.0,14,23422,卖盘
11:04:06,16.73,0.0,22,36806,卖盘
11:04:09,16.73,0.0,157,262661,卖盘
11:04:12,16.73,0.0,14,23422,卖盘
11:04:18,16.73,0.0,7,11711,卖盘
11:04:21,16.73,0.0,4,6692,卖盘
11:04:24,16.73,0.0,29,48517,卖盘
11:04:27,16.73,0.0,3,5019,卖盘
11:04:33,16.73,0.0,44,73612,卖盘
11:04:36,16.73,0.0,2,3346,卖盘
11:04:39,16.73,0.0,4,6692,卖盘
11:04:42,16.73,0.0,17,28441,卖盘
11:04:45,16.73,0.0,7,11711,卖盘
11:04:48,16.73,0.0,18,30114,卖盘
11:04:54,16.73,0.0,25,41825,卖盘
11:04:57,16.73,0.0,12,20076,卖盘
11:05:00,16.73,0.0,27,45171,卖盘
11:05:03,16.73,0.0,34,56882,卖盘
11:05:06,16.73,0.0,5,8365,卖盘
11:05:09,16.73,0.0,11,18403,卖盘
11:05:18,16.73,0.0,14,23422,卖盘
11:05:21,16.73,0.0,83,138859,卖盘
11:05:24,16.73,0.0,12,20076,卖盘
11:05:30,16.73,0.0,2,3346,卖盘
11:05:33,16.73,0.0,34,56882,卖盘
11:05:36,16.73,0.0,13,21749,卖盘
11:05:39,16.73,0.0,2,3346,卖盘
11:05:42,16.73,0.0,86,143878,卖盘
11:05:48,16.73,0.0,24,40152,卖盘
11:05:51,16.73,0.0,6,10038,卖盘
11:05:54,16.73,0.0,2,3346,卖盘
11:06:03,16.73,0.0,3,5019,卖盘
11:06:06,16.73,0.0,23,38479,卖盘
11:06:12,16.73,0.0,7,11711,卖盘
11:06:18,16.73,0.0,30,50190,卖盘
11:06:21,16.73,0.0,4,6692,卖盘
11:06:24,16.73,0.0,6,10038,卖盘
11:06:33,16.73,0.0,13,21749,卖盘
11:06:36,16.73,0.0,17,28441,卖盘
11:06:39,16.73,0.0,5,8365,卖盘
11:06:42,16.73,0.0,13,21749,卖盘
11:06:48,16.73,0.0,4,6692,卖盘
11:06:51,16.73,0.0,8,13384,卖盘
11:06:57,16.73,0.0,10,16730,卖盘
11:07:00,16.73,0.0,31,51863,卖盘
11:07:03,16.73,0.0,27,45171,卖盘
11:07:09,16.73,0.0,49,81977,卖盘
11:07:12,16.73,0.0,6,10038,卖盘
11:07:15,16.73,0.0,10,16730,卖盘
11:07:21,16.73,0.0,1,1673,卖盘
11:07:27,16.73,0.0,83,138859,卖盘
11:07:33,16.73,0.0,6,10038,卖盘
11:07:36,16.73,0.0,5,8365,卖盘
11:07:42,16.73,0.0,44,73612,卖盘
11:07:45,16.73,0.0,2,3346,卖盘
11:07:48,16.73,0.0,32,53536,卖盘
11:07:51,16.73,0.0,14,23422,卖盘
11:07:54,16.73,0.0,5,8365,卖盘
11:07:57,16.73,0.0,5,8365,卖盘
11:08:00,16.73,0.0,18,30114,卖盘
11:08:03,16.73,0.0,3,5019,卖盘
11:08:06,16.73,0.0,37,61901,卖盘
11:08:12,16.73,0.0,1,1673,卖盘
11:08:15,16.73,0.0,169,282737,卖盘
11:08:18,16.73,0.0,21,35133,卖盘
11:08:21,16.73,0.0,2,3346,卖盘
11:08:24,16.73,0.0,42,70266,卖盘
11:08:27,16.73,0.0,22,36806,卖盘
11:08:30,16.73,0.0,80,133840,卖盘
11:08:33,16.73,0.0,272,455056,卖盘
11:08:36,16.73,0.0,1,1673,卖盘
11:08:39,16.73,0.0,20,33460,卖盘
11:08:42,16.73,0.0,82,137186,卖盘
11:08:45,16.73,0.0,2,3346,卖盘
11:08:51,16.73,0.0,27,45171,卖盘
11:08:54,16.73,0.0,9,15057,卖盘
11:09:03,16.73,0.0,10,16730,卖盘
11:09:09,16.73,0.0,6,10038,卖盘
11:09:18,16.73,0.0,9,15057,卖盘
11:09:21,16.73,0.0,200,334600,卖盘
11:09:24,16.73,0.0,4,6692,卖盘
11:09:30,16.73,0.0,35,58555,卖盘
11:09:33,16.73,0.0,2,3346,卖盘
11:09:36,16.73,0.0,15,25095,卖盘
11:09:42,16.73,0.0,2,3346,卖盘
11:09:45,16.73,0.0,1,1673,卖盘
11:09:48,16.73,0.0,11,18403,卖盘
11:09:57,16.73,0.0,2,3346,卖盘
11:10:09,16.73,0.0,10,16730,卖盘
11:10:12,16.73,0.0,16,26768,卖盘
11:10:15,16.73,0.0,30,50190,卖盘
11:10:18,16.73,0.0,11,18403,卖盘
11:10:21,16.73,0.0,15,25095,卖盘
11:10:24,16.73,0.0,2,3346,卖盘
11:10:33,16.73,0.0,9,15057,卖盘
11:10:39,16.73,0.0,25,41825,卖盘
11:10:42,16.73,0.0,9,15057,卖盘
11:10:48,16.73,0.0,2,3346,卖盘
11:10:51,16.73,0.0,6,10038,卖盘
11:10:54,16.73,0.0,20,33460,卖盘
11:10:57,16.73,0.0,1,1673,卖盘
11:11:12,16.73,0.0,29,48517,卖盘
11:11:15,16.73,0.0,5,8365,卖盘
11:11:18,16.73,0.0,11,18403,卖盘
11:11:21,16.73,0.0,2,3346,卖盘
11:11:24,16.73,0.0,19,31787,卖盘
11:11:27,16.73,0.0,1,1673,卖盘
11:11:30,16.73,0.0,10,16730,卖盘
11:11:39,16.73,0.0,5,8365,卖盘
11:11:42,16.73,0.0,8,13384,卖盘
11:11:45,16.73,0.0,9,15057,卖盘
11:11:48,16.73,0.0,8,13384,卖盘
11:11:51,16.73,0.0,31,51863,卖盘
11:11:54,16.73,0.0,5,8365,卖盘
11:11:57,16.73,0.0,11,18403,卖盘
11:12:00,16.73,0.0,1,1673,卖盘
11:12:06,16.73,0.0,5,8365,卖盘
11:12:09,16.73,0.0,11,18403,卖盘
11:12:21,16.73,0.0,14,23422,卖盘
11:12:27,16.73,0.0,4,6692,卖盘
11:12:30,16.73,0.0,30,50190,卖盘
11:12:33,16.73,0.0,12,20076,卖盘
11:12:36,16.73,0.0,12,20076,卖盘
11:12:39,16.73,0.0,74,123802,卖盘
11:12:48,16.73,0.0,10,16730,卖盘
11:12:51,16.73,0.0,1,1673,卖盘
11:12:54,16.73,0.0,29,48517,卖盘
11:12:57,16.73,0.0,2,3346,卖盘
11:13:03,16.73,0.0,4,6692,卖盘
11:13:06,16.73,0.0,19,31787,卖盘
11:13:15,16.73,0.0,8,13384,卖盘
11:13:21,16.73,0.0,2,3346,卖盘
11:13:24,16.73,0.0,9,15057,卖盘
11:13:30,16.73,0.0,2,3346,卖盘
11:13:33,16.73,0.0,7,11711,卖盘
11:13:36,16.73,0.0,1,1673,卖盘
11:13:39,16.73,0.0,90,150570,卖盘
11:13:45,16.73,0.0,5,8365,卖盘
11:13:48,16.73,0.0,1,1673,卖盘
11:14:00,16.73,0.0,22,36806,卖盘
11:14:15,16.73,0.0,3,5019,卖盘
11:14:18,16.73,0.0,15,25095,卖盘
11:14:21,16.73,0.0,1,1673,卖盘
11:14:24,16.73,0.0,60,100380,卖盘
11:14:27,16.73,0.0,19,31787,卖盘
11:14:30,16.73,0.0,4,6692,卖盘
11:14:36,16.73,0.0,9,15057,卖盘
11:14:39,16.73,0.0,9,15057,卖盘
11:14:42,16.73,0.0,3,5019,卖盘
11:14:45,16.73,0.0,24,40152,卖盘
11:14:51,16.73,0.0,4,6692,卖盘
11:14:54,16.73,0.0,8,13384,卖盘
11:14:57,16.73,0.0,21,35133,卖盘
11:15:03,16.73,0.0,44,73612,卖盘
11:15:15,16.73,0.0,50,83650,卖盘
11:15:18,16.73,0.0,24,40152,卖盘
11:15:27,16.73,0.0,5,8365,卖盘
11:15:30,16.73,0.0,160,267680,卖盘
11:15:36,16.73,0.0,83,138859,卖盘
11:15:42,16.73,0.0,238,398174,卖盘
11:15:45,16.73,0.0,4,6692,卖盘
11:15:48,16.73,0.0,34,56882,卖盘
11:16:00,16.73,0.0,12,20076,卖盘
11:16:09,16.73,0.0,31,51863,卖盘
11:16:12,16.73,0.0,6,10038,卖盘
11:16:15,16.73,0.0,8,13384,卖盘
11:16:18,16.73,0.0,5,8365,卖盘
11:16:21,16.73,0.0,1,1673,卖盘
11:16:24,16.73,0.0,1,1673,卖盘
11:16:30,16.73,0.0,7,11711,卖盘
11:16:45,16.73,0.0,3,5019,卖盘
11:16:48,16.73,0.0,100,167300,卖盘
11:16:51,16.73,0.0,64,107072,卖盘
11:17:00,16.73,0.0,2,3346,卖盘
11:17:09,16.73,0.0,5,8365,卖盘
11:17:12,16.73,0.0,10,16730,卖盘
11:17:15,16.73,0.0,3,5019,卖盘
11:17:18,16.73,0.0,2,3346,卖盘
11:17:21,16.73,0.0,10,16730,卖盘
11:17:24,16.73,0.0,14,23422,卖盘
11:17:27,16.73,0.0,61,102053,卖盘
11:17:30,16.73,0.0,30,50190,卖盘
11:17:33,16.73,0.0,8,13384,卖盘
11:17:36,16.73,0.0,50,83650,卖盘
11:17:39,16.73,0.0,23,38479,卖盘
11:17:48,16.73,0.0,10,16730,卖盘
11:17:51,16.73,0.0,9,15057,卖盘
11:17:54,16.73,0.0,30,50190,卖盘
11:17:57,16.73,0.0,18,30131,卖盘
11:18:03,16.73,0.0,1,1673,卖盘
11:18:06,16.73,0.0,1,1673,卖盘
11:18:21,16.73,0.0,1,1673,卖盘
11:18:24,16.73,0.0,27,45171,卖盘
11:18:33,16.73,0.0,10,16730,卖盘
11:18:36,16.73,0.0,1,1673,卖盘
11:18:45,16.73,0.0,6,10038,卖盘
11:18:48,16.73,0.0,133,222509,卖盘
11:18:54,16.73,0.0,4,6692,卖盘
11:19:00,16.73,0.0,10,16730,卖盘
11:19:03,16.73,0.0,1,1673,卖盘
11:19:06,16.73,0.0,6,10038,卖盘
11:19:09,16.73,0.0,5,8365,卖盘
11:19:12,16.73,0.0,9,15057,卖盘
11:19:15,16.73,0.0,1,1673,卖盘
11:19:18,16.73,0.0,10,16730,卖盘
11:19:21,16.73,0.0,8,13384,卖盘
11:19:24,16.73,0.0,10,16730,卖盘
11:19:27,16.73,0.0,2,3346,卖盘
11:19:30,16.73,0.0,9,15057,卖盘
11:19:33,16.73,0.0,3,5019,卖盘
11:19:36,16.73,0.0,10,16730,卖盘
11:19:39,16.73,0.0,10,16730,卖盘
11:19:51,16.73,0.0,45,75285,卖盘
11:19:54,16.73,0.0,10,16730,卖盘
11:19:57,16.73,0.0,9,15057,卖盘
11:20:00,16.73,0.0,8,13384,卖盘
11:20:09,16.73,0.0,5,8365,卖盘
11:20:15,16.73,0.0,10,16730,卖盘
11:20:18,16.73,0.0,27,45171,卖盘
11:20:24,16.73,0.0,6,10038,卖盘
11:20:27,16.73,0.0,4,6692,卖盘
11:20:30,16.73,0.0,24,40152,卖盘
11:20:33,16.73,0.0,2,3346,卖盘
11:20:36,16.73,0.0,1,1673,卖盘
11:20:42,16.73,0.0,404,675892,卖盘
11:20:45,16.73,0.0,11,18403,卖盘
11:20:48,16.73,0.0,16,26768,卖盘
11:20:51,16.73,0.0,10,16730,卖盘
11:21:03,16.73,0.0,11,18403,卖盘
11:21:06,16.73,0.0,1000,1673000,卖盘
11:21:09,16.73,0.0,4,6692,卖盘
11:21:12,16.73,0.0,107,179011,卖盘
11:21:15,16.73,0.0,1,1673,卖盘
11:21:18,16.73,0.0,120,200760,卖盘
11:21:21,16.73,0.0,10,16730,卖盘
11:21:24,16.73,0.0,10,16730,卖盘
11:21:27,16.73,0.0,16,26768,卖盘
11:21:30,16.73,0.0,150,250950,卖盘
11:21:33,16.73,0.0,10,16730,卖盘
11:21:36,16.73,0.0,23,38479,卖盘
11:21:39,16.73,0.0,5,8365,卖盘
11:21:42,16.73,0.0,6,10038,卖盘
11:21:48,16.73,0.0,26,43498,卖盘
11:21:51,16.73,0.0,13,21749,卖盘
11:21:57,16.73,0.0,13,21749,卖盘
11:22:00,16.73,0.0,7,11711,卖盘
11:22:09,16.73,0.0,404,675892,卖盘
11:22:15,16.73,0.0,4,6692,卖盘
11:22:18,16.73,0.0,20,33460,卖盘
11:22:21,16.73,0.0,1,1673,卖盘
11:22:24,16.73,0.0,1,1673,卖盘
11:22:33,16.73,0.0,16,26768,卖盘
11:22:36,16.73,0.0,10,16730,卖盘
11:22:39,16.73,0.0,6,10038,卖盘
11:22:42,16.73,0.0,6,10038,卖盘
11:22:45,16.73,0.0,2,3346,卖盘
11:22:48,16.73,0.0,65,108745,卖盘
11:22:51,16.73,0.0,13,21749,卖盘
11:22:57,16.73,0.0,6,10038,卖盘
11:23:00,16.73,0.0,1,1673,卖盘
11:23:03,16.73,0.0,7,11711,卖盘
11:23:06,16.73,0.0,8,13384,卖盘
11:23:09,16.73,0.0,1016,1699768,卖盘
11:23:15,16.73,0.0,3,5019,卖盘
11:23:24,16.73,0.0,33,55209,卖盘
11:23:27,16.73,0.0,4,6692,卖盘
11:23:30,16.73,0.0,18,30114,卖盘
11:23:33,16.73,0.0,29,48517,卖盘
11:23:36,16.73,0.0,1,1673,卖盘
11:23:39,16.73,0.0,2,3346,卖盘
11:23:42,16.73,0.0,2000,3346000,卖盘
11:23:45,16.73,0.0,57,95361,卖盘
11:23:48,16.73,0.0,6,10038,卖盘
11:23:51,16.73,0.0,10,16730,卖盘
11:24:00,16.73,0.0,35,58555,卖盘
11:24:06,16.73,0.0,100,167300,卖盘
11:24:18,16.73,0.0,85,142205,卖盘
11:24:24,16.73,0.0,21,35133,卖盘
11:24:27,16.73,0.0,80,133840,卖盘
11:24:30,16.73,0.0,434,726082,卖盘
11:24:36,16.73,0.0,21,35133,卖盘
11:24:39,16.73,0.0,39,65247,卖盘
11:24:48,16.73,0.0,12,20076,卖盘
11:24:51,16.73,0.0,9,15057,卖盘
11:24:54,16.73,0.0,3,5019,卖盘
11:24:57,16.73,0.0,6,10038,卖盘
11:25:00,16.73,0.0,19,31787,卖盘
11:25:06,16.73,0.0,39,65247,卖盘
11:25:09,16.73,0.0,9,15057,卖盘
11:25:12,16.73,0.0,123,205779,卖盘
11:25:15,16.73,0.0,3,5019,卖盘
11:25:18,16.73,0.0,2,3346,卖盘
11:25:21,16.73,0.0,1,1673,卖盘
11:25:24,16.73,0.0,4,6692,卖盘
11:25:27,16.73,0.0,11,18403,卖盘
11:25:33,16.73,0.0,20,33460,卖盘
11:25:39,16.73,0.0,42,70266,卖盘
11:25:42,16.73,0.0,20,33460,卖盘
11:25:51,16.73,0.0,5,8365,卖盘
11:25:54,16.73,0.0,50,83650,卖盘
11:25:57,16.73,0.0,5,8365,卖盘
11:26:00,16.73,0.0,10,16730,卖盘
11:26:03,16.73,0.0,35,58555,卖盘
11:26:06,16.73,0.0,8,13384,卖盘
11:26:09,16.73,0.0,837,1400301,卖盘
11:26:12,16.73,0.0,13,21749,卖盘
11:26:18,16.73,0.0,27,45171,卖盘
11:26:24,16.73,0.0,138,230874,卖盘
11:26:27,16.73,0.0,30,50190,卖盘
11:26:30,16.73,0.0,4,6692,卖盘
11:26:36,16.73,0.0,10,16730,卖盘
11:26:39,16.73,0.0,6,10038,卖盘
11:26:45,16.73,0.0,10,16730,卖盘
11:26:51,16.73,0.0,10,16730,卖盘
11:26:54,16.73,0.0,6,10038,卖盘
11:26:57,16.73,0.0,8,13384,卖盘
11:27:03,16.73,0.0,3,5019,卖盘
11:27:06,16.73,0.0,20,33460,卖盘
11:27:09,16.73,0.0,2,3346,卖盘
11:27:12,16.73,0.0,2,3346,卖盘
11:27:15,16.73,0.0,12,20076,卖盘
11:27:18,16.73,0.0,21,35133,卖盘
11:27:24,16.73,0.0,11,18403,卖盘
11:27:27,16.73,0.0,14,23422,卖盘
11:27:30,16.73,0.0,20,33460,卖盘
11:27:33,16.73,0.0,18,30114,卖盘
11:27:36,16.73,0.0,22,36806,卖盘
11:27:39,16.73,0.0,12,20076,卖盘
11:27:42,16.73,0.0,16,26768,卖盘
11:27:48,16.73,0.0,5,8365,卖盘
11:27:51,16.73,0.0,9,15057,卖盘
11:27:54,16.73,0.0,13,21749,卖盘
11:28:00,16.73,0.0,506,846538,卖盘
11:28:03,16.73,0.0,21,35133,卖盘
11:28:09,16.73,0.0,34,56882,卖盘
11:28:12,16.73,0.0,1,1673,卖盘
11:28:15,16.73,0.0,26,43498,卖盘
11:28:18,16.73,0.0,36,60228,卖盘
11:28:33,16.73,0.0,3,5019,卖盘
11:28:36,16.73,0.0,5,8365,卖盘
11:28:45,16.73,0.0,4,6692,卖盘
11:28:48,16.73,0.0,80,133840,卖盘
11:28:51,16.73,0.0,20,33460,卖盘
11:28:54,16.73,0.0,16,26768,卖盘
11:28:57,16.73,0.0,20,33460,卖盘
11:29:03,16.73,0.0,84,140532,卖盘
11:29:09,16.73,0.0,60,100380,卖盘
11:29:12,16.73,0.0,10,16730,卖盘
11:29:18,16.73,0.0,3,5019,卖盘
11:29:24,16.73,0.0,12,20076,卖盘
11:29:33,16.73,0.0,11,18403,卖盘
11:29:39,16.73,0.0,7,11711,卖盘
11:29:42,16.73,0.0,1,1673,卖盘
11:29:48,16.73,0.0,5,8365,卖盘
11:29:54,16.73,0.0,307,513611,卖盘
11:30:00,16.73,0.0,20,33460,卖盘
13:00:00,16.73,0.0,107,179011,卖盘
13:00:03,16.73,0.0,2652,4436896,卖盘
13:00:06,16.73,0.0,2047,3424631,卖盘
13:00:09,16.73,0.0,2474,4139002,卖盘
13:00:12,16.73,0.0,825,1380225,卖盘
13:00:15,16.73,0.0,75,125475,卖盘
13:00:18,16.73,0.0,37,61901,卖盘
13:00:21,16.73,0.0,12,20076,卖盘
13:00:27,16.73,0.0,30,50190,卖盘
13:00:30,16.73,0.0,20,33460,卖盘
13:00:33,16.73,0.0,3,5019,卖盘
13:00:36,16.73,0.0,6,10038,卖盘
13:00:39,16.73,0.0,2038,3409574,卖盘
13:00:42,16.73,0.0,5,8365,卖盘
13:00:45,16.73,0.0,5,8365,卖盘
13:00:54,16.73,0.0,19,31787,卖盘
13:01:00,16.73,0.0,7,11711,卖盘
13:01:03,16.73,0.0,5,8365,卖盘
13:01:06,16.73,0.0,249,416577,卖盘
13:01:09,16.73,0.0,9,15057,卖盘
13:01:15,16.73,0.0,2,3346,卖盘
13:01:18,16.73,0.0,2,3346,卖盘
13:01:21,16.73,0.0,6,10038,卖盘
13:01:27,16.73,0.0,2,3346,卖盘
13:01:30,16.73,0.0,76,127148,卖盘
13:01:33,16.73,0.0,1,1673,卖盘
13:01:36,16.73,0.0,7,11711,卖盘
13:01:39,16.73,0.0,2,3346,卖盘
13:01:42,16.73,0.0,5,8365,卖盘
13:01:45,16.73,0.0,17,28107,卖盘
13:01:48,16.73,0.0,2,3346,卖盘
13:01:51,16.73,0.0,12,20076,卖盘
13:01:54,16.73,0.0,1,1673,卖盘
13:01:57,16.73,0.0,1,1673,卖盘
13:02:00,16.73,0.0,7,11711,卖盘
13:02:03,16.73,0.0,2,3346,卖盘
13:02:06,16.73,0.0,20,33460,卖盘
13:02:09,16.73,0.0,7,11711,卖盘
13:02:12,16.73,0.0,5,8365,卖盘
13:02:15,16.73,0.0,3,5019,卖盘
13:02:18,16.73,0.0,1,1673,卖盘
13:02:21,16.73,0.0,8,13384,卖盘
13:02:24,16.73,0.0,523,874979,卖盘
13:02:27,16.73,0.0,1,1673,卖盘
13:02:30,16.73,0.0,5,8365,卖盘
13:02:33,16.73,0.0,4,6692,卖盘
13:02:39,16.73,0.0,286,478478,卖盘
13:02:42,16.73,0.0,33,55209,卖盘
13:02:45,16.73,0.0,16,26768,卖盘
13:02:48,16.73,0.0,3,5019,卖盘
13:02:51,16.73,0.0,74,123802,卖盘
13:02:54,16.73,0.0,21,35133,卖盘
13:03:00,16.73,0.0,5,8365,卖盘
13:03:03,16.73,0.0,103,172319,卖盘
13:03:06,16.73,0.0,12,20076,卖盘
13:03:15,16.73,0.0,3,5019,卖盘
13:03:18,16.73,0.0,3,5019,卖盘
13:03:21,16.73,0.0,3,5019,卖盘
13:03:24,16.73,0.0,5,8365,卖盘
13:03:30,16.73,0.0,23,38479,卖盘
13:03:33,16.73,0.0,327,547071,卖盘
13:03:39,16.73,0.0,10,16730,卖盘
13:03:45,16.73,0.0,2,3346,卖盘
13:03:48,16.73,0.0,4,6692,卖盘
13:03:51,16.73,0.0,20,33460,卖盘
13:03:54,16.73,0.0,6,10038,卖盘
13:03:57,16.73,0.0,61,102053,卖盘
13:04:03,16.73,0.0,59,98037,卖盘
13:04:09,16.73,0.0,21,35133,卖盘
13:04:15,16.73,0.0,3,5019,卖盘
13:04:18,16.73,0.0,501,838173,卖盘
13:04:24,16.73,0.0,11,18403,卖盘
13:04:30,16.73,0.0,2,3346,卖盘
13:04:33,16.73,0.0,87,145551,卖盘
13:04:36,16.73,0.0,20,33460,卖盘
13:04:42,16.73,0.0,4,6692,卖盘
13:04:45,16.73,0.0,43,71939,卖盘
13:04:48,16.73,0.0,27,45171,卖盘
13:04:51,16.73,0.0,15,25095,卖盘
13:04:54,16.73,0.0,35,58555,卖盘
13:04:57,16.73,0.0,76,127148,卖盘
13:05:06,16.73,0.0,3,5019,卖盘
13:05:09,16.73,0.0,142,237566,卖盘
13:05:12,16.73,0.0,14,23422,卖盘
13:05:18,16.73,0.0,58,97034,卖盘
13:05:21,16.73,0.0,3,5019,卖盘
13:05:27,16.73,0.0,7,11711,卖盘
13:05:30,16.73,0.0,310,518630,卖盘
13:05:39,16.73,0.0,13,21749,卖盘
13:05:45,16.73,0.0,15,25095,卖盘
13:05:48,16.73,0.0,5,8365,卖盘
13:05:54,16.73,0.0,2,3346,卖盘
13:05:57,16.73,0.0,68,113764,卖盘
13:06:00,16.73,0.0,1,1673,卖盘
13:06:06,16.73,0.0,60,100380,卖盘
13:06:09,16.73,0.0,177,296121,卖盘
13:06:15,16.73,0.0,31,51863,卖盘
13:06:18,16.73,0.0,2,3346,卖盘
13:06:21,16.73,0.0,118,197414,卖盘
13:06:36,16.73,0.0,265,443345,卖盘
13:06:45,16.73,0.0,52,86996,卖盘
13:06:51,16.73,0.0,6,10038,卖盘
13:06:54,16.73,0.0,6,10038,卖盘
13:06:57,16.73,0.0,1,1673,卖盘
13:07:03,16.73,0.0,2,3346,卖盘
13:07:06,16.73,0.0,2,3346,卖盘
13:07:09,16.73,0.0,6,10038,卖盘
13:07:12,16.73,0.0,230,384790,卖盘
13:07:15,16.73,0.0,50,83650,卖盘
13:07:18,16.73,0.0,1,1673,卖盘
13:07:21,16.73,0.0,1,1673,卖盘
13:07:24,16.73,0.0,206,344638,卖盘
13:07:27,16.73,0.0,14,23422,卖盘
13:07:30,16.73,0.0,2,3346,卖盘
13:07:33,16.73,0.0,6,10038,卖盘
13:07:36,16.73,0.0,162,271026,卖盘
13:07:39,16.73,0.0,9,15057,卖盘
13:07:42,16.73,0.0,1,1673,卖盘
13:07:57,16.73,0.0,18,30114,卖盘
13:08:00,16.73,0.0,5,8365,卖盘
13:08:03,16.73,0.0,17,28441,卖盘
13:08:09,16.73,0.0,3,5019,卖盘
13:08:18,16.73,0.0,7,11711,卖盘
13:08:21,16.73,0.0,94,157262,卖盘
13:08:24,16.73,0.0,4,6692,卖盘
13:08:27,16.73,0.0,3,5019,卖盘
13:08:30,16.73,0.0,3,5019,卖盘
13:08:39,16.73,0.0,101,168973,卖盘
13:08:42,16.73,0.0,1,1673,卖盘
13:08:48,16.73,0.0,37,61901,卖盘
13:08:51,16.73,0.0,31,51863,卖盘
13:08:54,16.73,0.0,3,5019,卖盘
13:08:57,16.73,0.0,1,1673,卖盘
13:09:00,16.73,0.0,11,18403,卖盘
13:09:03,16.73,0.0,7,11711,卖盘
13:09:09,16.73,0.0,3,5019,卖盘
13:09:15,16.73,0.0,4,6692,卖盘
13:09:18,16.73,0.0,3,5019,卖盘
13:09:21,16.73,0.0,3,5019,卖盘
13:09:27,16.73,0.0,20,33460,卖盘
13:09:30,16.73,0.0,5,8365,卖盘
13:09:42,16.73,0.0,10,16730,卖盘
13:09:45,16.73,0.0,3,5019,卖盘
13:09:48,16.73,0.0,10,16730,卖盘
13:09:51,16.73,0.0,6,10038,卖盘
13:09:54,16.73,0.0,1,1673,卖盘
13:09:57,16.73,0.0,11,18403,卖盘
13:10:00,16.73,0.0,64,107072,卖盘
13:10:06,16.73,0.0,57,95361,卖盘
13:10:09,16.73,0.0,3,5019,卖盘
13:10:12,16.73,0.0,3,5019,卖盘
13:10:15,16.73,0.0,67,112091,卖盘
13:10:18,16.73,0.0,22,36806,卖盘
13:10:21,16.73,0.0,9,15057,卖盘
13:10:30,16.73,0.0,15,25095,卖盘
13:10:33,16.73,0.0,3,5019,卖盘
13:10:36,16.73,0.0,6,10038,卖盘
13:10:39,16.73,0.0,8,13384,卖盘
13:10:45,16.73,0.0,9,15057,卖盘
13:10:48,16.73,0.0,10,16730,卖盘
13:10:51,16.73,0.0,2,3346,卖盘
13:10:54,16.73,0.0,3,5019,卖盘
13:10:57,16.73,0.0,5,8365,卖盘
13:11:03,16.73,0.0,4,6692,卖盘
13:11:06,16.73,0.0,116,194068,卖盘
13:11:09,16.73,0.0,17,28441,卖盘
13:11:15,16.73,0.0,10,16730,卖盘
13:11:24,16.73,0.0,41,68593,卖盘
13:11:30,16.73,0.0,1,1673,卖盘
13:11:36,16.73,0.0,190,317870,卖盘
13:11:39,16.73,0.0,7,11711,卖盘
13:11:42,16.73,0.0,4,6692,卖盘
13:11:48,16.73,0.0,3,5019,卖盘
13:11:51,16.73,0.0,7,11711,卖盘
13:11:57,16.73,0.0,40,66920,卖盘
13:12:00,16.73,0.0,2,3346,卖盘
13:12:03,16.73,0.0,8,13384,卖盘
13:12:09,16.73,0.0,2,3346,卖盘
13:12:18,16.73,0.0,3,5019,卖盘
13:12:24,16.73,0.0,5,8365,卖盘
13:12:27,16.73,0.0,2,3346,卖盘
13:12:30,16.73,0.0,30,50190,卖盘
13:12:36,16.73,0.0,1,1673,卖盘
13:12:42,16.73,0.0,2,3346,卖盘
13:12:45,16.73,0.0,4,6692,卖盘
13:12:48,16.73,0.0,20,33460,卖盘
13:12:51,16.73,0.0,10,16730,卖盘
13:13:00,16.73,0.0,3,5019,卖盘
13:13:06,16.73,0.0,32,53536,卖盘
13:13:09,16.73,0.0,1,1673,卖盘
13:13:12,16.73,0.0,2,3346,卖盘
13:13:15,16.73,0.0,17,28441,卖盘
13:13:21,16.73,0.0,20,33460,卖盘
13:13:24,16.73,0.0,1,1673,卖盘
13:13:27,16.73,0.0,6,10038,卖盘
13:13:33,16.73,0.0,4,6692,卖盘
13:13:36,16.73,0.0,5,8365,卖盘
13:13:39,16.73,0.0,3,5019,卖盘
13:13:42,16.73,0.0,37,61901,卖盘
13:13:45,16.73,0.0,2,3346,卖盘
13:13:48,16.73,0.0,4,6692,卖盘
13:13:51,16.73,0.0,10,16730,卖盘
13:13:54,16.73,0.0,63,105399,卖盘
13:14:00,16.73,0.0,3,5019,卖盘
13:14:03,16.73,0.0,6,10038,卖盘
13:14:06,16.73,0.0,5,8365,卖盘
13:14:12,16.73,0.0,15,25095,卖盘
13:14:15,16.73,0.0,39,65247,卖盘
13:14:24,16.73,0.0,1,1673,卖盘
13:14:27,16.73,0.0,3,5019,卖盘
13:14:36,16.73,0.0,11,18403,卖盘
13:14:39,16.73,0.0,2,3346,卖盘
13:14:42,16.73,0.0,6,10038,卖盘
13:14:45,16.73,0.0,13,21749,卖盘
13:14:48,16.73,0.0,7,11711,卖盘
13:14:51,16.73,0.0,10,16730,卖盘
13:14:54,16.73,0.0,40,66920,卖盘
13:14:57,16.73,0.0,40,66920,卖盘
13:15:03,16.73,0.0,10,16730,卖盘
13:15:06,16.73,0.0,9,15057,卖盘
13:15:09,16.73,0.0,66,110418,卖盘
13:15:12,16.73,0.0,23,38479,卖盘
13:15:18,16.73,0.0,5,8365,卖盘
13:15:24,16.73,0.0,3,5019,卖盘
13:15:27,16.73,0.0,6,10038,卖盘
13:15:33,16.73,0.0,3,5019,卖盘
13:15:36,16.73,0.0,2,3346,卖盘
13:15:39,16.73,0.0,181,302813,卖盘
13:15:45,16.73,0.0,43,71939,卖盘
13:15:48,16.73,0.0,13,21749,卖盘
13:15:54,16.73,0.0,23,38479,卖盘
13:15:57,16.73,0.0,4,6692,卖盘
13:16:00,16.73,0.0,5,8365,卖盘
13:16:06,16.73,0.0,4,6692,卖盘
13:16:09,16.73,0.0,3,5019,卖盘
13:16:12,16.73,0.0,13,21749,卖盘
13:16:15,16.73,0.0,22,36806,卖盘
13:16:18,16.73,0.0,10,16730,卖盘
13:16:21,16.73,0.0,16,26768,卖盘
13:16:24,16.73,0.0,1,1673,卖盘
13:16:33,16.73,0.0,3,5019,卖盘
13:16:42,16.73,0.0,15,25095,卖盘
13:16:54,16.73,0.0,3,5019,卖盘
13:17:03,16.73,0.0,10,16730,卖盘
13:17:06,16.73,0.0,10,16730,卖盘
13:17:09,16.73,0.0,6,10038,卖盘
13:17:12,16.73,0.0,1,1673,卖盘
13:17:15,16.73,0.0,128,214144,卖盘
13:17:18,16.73,0.0,3,5019,卖盘
13:17:21,16.73,0.0,11,18403,卖盘
13:17:24,16.73,0.0,2,3346,卖盘
13:17:27,16.73,0.0,6,10038,卖盘
13:17:30,16.73,0.0,3,5019,卖盘
13:17:33,16.73,0.0,2,3346,卖盘
13:17:39,16.73,0.0,10,16730,卖盘
13:17:42,16.73,0.0,91,152243,卖盘
13:17:48,16.73,0.0,25,41825,卖盘
13:17:54,16.73,0.0,4,6692,卖盘
13:17:57,16.73,0.0,1,1673,卖盘
13:18:00,16.73,0.0,6,10038,卖盘
13:18:06,16.73,0.0,30,50190,卖盘
13:18:09,16.73,0.0,16,26768,卖盘
13:18:12,16.73,0.0,105,175665,卖盘
13:18:15,16.73,0.0,2,3346,卖盘
13:18:18,16.73,0.0,24,40152,卖盘
13:18:21,16.73,0.0,50,83650,卖盘
13:18:27,16.73,0.0,33,55209,卖盘
13:18:33,16.73,0.0,11,18403,卖盘
13:18:36,16.73,0.0,2,3346,卖盘
13:18:39,16.73,0.0,19,31787,卖盘
13:18:42,16.73,0.0,26,43498,卖盘
13:18:48,16.73,0.0,9,15057,卖盘
13:18:54,16.73,0.0,47,78631,卖盘
13:18:57,16.73,0.0,9,15057,卖盘
13:19:00,16.73,0.0,10,16730,卖盘
13:19:03,16.73,0.0,1,1673,卖盘
13:19:12,16.73,0.0,8,13384,卖盘
13:19:21,16.73,0.0,40,66920,卖盘
13:19:24,16.73,0.0,50,83650,卖盘
13:19:30,16.73,0.0,5,8365,卖盘
13:19:33,16.73,0.0,5,8365,卖盘
13:19:36,16.73,0.0,26,43498,卖盘
13:19:45,16.73,0.0,6,10038,卖盘
13:19:48,16.73,0.0,13,21749,卖盘
13:19:51,16.73,0.0,1,1673,卖盘
13:19:54,16.73,0.0,4,6692,卖盘
13:19:57,16.73,0.0,10,16730,卖盘
13:20:00,16.73,0.0,9,15057,卖盘
13:20:03,16.73,0.0,5,8365,卖盘
13:20:09,16.73,0.0,8,13384,卖盘
13:20:12,16.73,0.0,9,15057,卖盘
13:20:15,16.73,0.0,6,10038,卖盘
13:20:18,16.73,0.0,1,1673,卖盘
13:20:24,16.73,0.0,30,50190,卖盘
13:20:27,16.73,0.0,22,36806,卖盘
13:20:33,16.73,0.0,11,18403,卖盘
13:20:39,16.73,0.0,1,1673,卖盘
13:20:45,16.73,0.0,8,13384,卖盘
13:20:48,16.73,0.0,19,31787,卖盘
13:20:57,16.73,0.0,90,150570,卖盘
13:21:00,16.73,0.0,21,35133,卖盘
13:21:03,16.73,0.0,7,11711,卖盘
13:21:06,16.73,0.0,8,13384,卖盘
13:21:09,16.73,0.0,4,6692,卖盘
13:21:12,16.73,0.0,9,15057,卖盘
13:21:15,16.73,0.0,8,13384,卖盘
13:21:18,16.73,0.0,1,1673,卖盘
13:21:21,16.73,0.0,4,6692,卖盘
13:21:24,16.73,0.0,12,20076,卖盘
13:21:27,16.73,0.0,50,83650,卖盘
13:21:33,16.73,0.0,1,1673,卖盘
13:21:39,16.73,0.0,2,3346,卖盘
13:21:45,16.73,0.0,8,13384,卖盘
13:21:48,16.73,0.0,7,11711,卖盘
13:21:51,16.73,0.0,5,8365,卖盘
13:21:54,16.73,0.0,7,11711,卖盘
13:22:00,16.73,0.0,13,21749,卖盘
13:22:03,16.73,0.0,1,1673,卖盘
13:22:15,16.73,0.0,15,25095,卖盘
13:22:18,16.73,0.0,103,172319,卖盘
13:22:21,16.73,0.0,17,28441,卖盘
13:22:24,16.73,0.0,4,6692,卖盘
13:22:27,16.73,0.0,18,30114,卖盘
13:22:36,16.73,0.0,5,8365,卖盘
13:22:39,16.73,0.0,26,43498,卖盘
13:22:42,16.73,0.0,4,6692,卖盘
13:22:45,16.73,0.0,100,167300,卖盘
13:22:48,16.73,0.0,8,13384,卖盘
13:22:51,16.73,0.0,10,16730,卖盘
13:22:54,16.73,0.0,1,1673,卖盘
13:23:00,16.73,0.0,2,3346,卖盘
13:23:03,16.73,0.0,3,5019,卖盘
13:23:06,16.73,0.0,107,179011,卖盘
13:23:09,16.73,0.0,17,28441,卖盘
13:23:12,16.73,0.0,3,5019,卖盘
13:23:18,16.73,0.0,8,13384,卖盘
13:23:21,16.73,0.0,5,8365,卖盘
13:23:24,16.73,0.0,27,45171,卖盘
13:23:27,16.73,0.0,13,21749,卖盘
13:23:33,16.73,0.0,6,10038,卖盘
13:23:42,16.73,0.0,79,132167,卖盘
13:23:48,16.73,0.0,2,3346,卖盘
13:23:57,16.73,0.0,10,16730,卖盘
13:24:00,16.73,0.0,3,5019,卖盘
13:24:06,16.73,0.0,42,70266,卖盘
13:24:12,16.73,0.0,18,30114,卖盘
13:24:18,16.73,0.0,8,13384,卖盘
13:24:24,16.73,0.0,13,21749,卖盘
13:24:27,16.73,0.0,9,15057,卖盘
13:24:33,16.73,0.0,9,15057,卖盘
13:24:36,16.73,0.0,20,33460,卖盘
13:24:39,16.73,0.0,5,8365,卖盘
13:24:42,16.73,0.0,1317,2203341,卖盘
13:24:45,16.73,0.0,5,8365,卖盘
13:24:48,16.73,0.0,6,10038,卖盘
13:24:51,16.73,0.0,44,73612,卖盘
13:24:54,16.73,0.0,876,1465548,卖盘
13:25:03,16.73,0.0,261,436653,卖盘
13:25:06,16.73,0.0,6,10038,卖盘
13:25:09,16.73,0.0,205,342965,卖盘
13:25:12,16.73,0.0,11,18403,卖盘
13:25:15,16.73,0.0,133,222509,卖盘
13:25:18,16.73,0.0,4,6692,卖盘
13:25:24,16.73,0.0,1,1673,卖盘
13:25:27,16.73,0.0,10,16730,卖盘
13:25:33,16.73,0.0,3,5019,卖盘
13:25:36,16.73,0.0,11,18403,卖盘
13:25:39,16.73,0.0,5,8365,卖盘
13:25:42,16.73,0.0,8,13384,卖盘
13:25:45,16.73,0.0,21,35133,卖盘
13:25:48,16.73,0.0,12,20076,卖盘
13:25:54,16.73,0.0,185,309505,卖盘
13:25:57,16.73,0.0,9,15057,卖盘
13:26:03,16.73,0.0,20,33460,卖盘
13:26:06,16.73,0.0,38,63574,卖盘
13:26:09,16.73,0.0,15,25095,卖盘
13:26:12,16.73,0.0,3,5019,卖盘
13:26:15,16.73,0.0,6,10038,卖盘
13:26:18,16.73,0.0,11,18403,卖盘
13:26:21,16.73,0.0,15,25095,卖盘
13:26:24,16.73,0.0,4,6692,卖盘
13:26:27,16.73,0.0,11,18403,卖盘
13:26:30,16.73,0.0,3,5019,卖盘
13:26:33,16.73,0.0,1,1673,卖盘
13:26:36,16.73,0.0,20,33460,卖盘
13:26:39,16.73,0.0,2,3346,卖盘
13:26:45,16.73,0.0,7,11711,卖盘
13:26:48,16.73,0.0,23,38479,卖盘
13:26:51,16.73,0.0,7,11711,卖盘
13:26:54,16.73,0.0,11,18403,卖盘
13:26:57,16.73,0.0,7,11711,卖盘
13:27:00,16.73,0.0,6,10038,卖盘
13:27:03,16.73,0.0,2,3346,卖盘
13:27:06,16.73,0.0,2,3346,卖盘
13:27:15,16.73,0.0,6,10038,卖盘
13:27:18,16.73,0.0,8,13384,卖盘
13:27:21,16.73,0.0,2,3346,卖盘
13:27:24,16.73,0.0,2,3346,卖盘
13:27:27,16.73,0.0,3,5019,卖盘
13:27:33,16.73,0.0,5,8365,卖盘
13:27:39,16.73,0.0,42,70266,卖盘
13:27:42,16.73,0.0,11,18403,卖盘
13:27:45,16.73,0.0,10,16730,卖盘
13:27:48,16.73,0.0,19,31787,卖盘
13:27:51,16.73,0.0,20,33460,卖盘
13:27:54,16.73,0.0,5,8365,卖盘
13:27:57,16.73,0.0,1,1673,卖盘
13:28:06,16.73,0.0,102,170646,卖盘
13:28:09,16.73,0.0,5,8365,卖盘
13:28:12,16.73,0.0,116,194068,卖盘
13:28:15,16.73,0.0,6,10038,卖盘
13:28:18,16.73,0.0,31,51863,卖盘
13:28:21,16.73,0.0,67,112091,卖盘
13:28:24,16.73,0.0,8,13384,卖盘
13:28:27,16.73,0.0,28,46844,卖盘
13:28:30,16.73,0.0,6,10038,卖盘
13:28:33,16.73,0.0,37,61901,卖盘
13:28:36,16.73,0.0,7,11711,卖盘
13:28:39,16.73,0.0,15,25095,卖盘
13:28:42,16.73,0.0,1,1673,卖盘
13:28:45,16.73,0.0,4,6692,卖盘
13:28:48,16.73,0.0,1,1673,卖盘
13:28:51,16.73,0.0,8,13384,卖盘
13:28:54,16.73,0.0,306,511938,卖盘
13:28:57,16.73,0.0,89,148897,卖盘
13:29:06,16.73,0.0,44,73612,卖盘
13:29:09,16.73,0.0,60,100380,卖盘
13:29:12,16.73,0.0,15,25095,卖盘
13:29:15,16.73,0.0,15,25095,卖盘
13:29:18,16.73,0.0,11,18403,卖盘
13:29:21,16.73,0.0,13,21749,卖盘
13:29:24,16.73,0.0,4,6692,卖盘
13:29:27,16.73,0.0,16,26768,卖盘
13:29:30,16.73,0.0,31,51863,卖盘
13:29:33,16.73,0.0,26,43498,卖盘
13:29:36,16.73,0.0,116,194068,卖盘
13:29:39,16.73,0.0,35,58555,卖盘
13:29:42,16.73,0.0,8,13384,卖盘
13:29:45,16.73,0.0,22,36806,卖盘
13:29:48,16.73,0.0,1,1673,卖盘
13:29:51,16.73,0.0,3,5019,卖盘
13:29:54,16.73,0.0,1,1673,卖盘
13:30:03,16.73,0.0,5,8365,卖盘
13:30:09,16.73,0.0,4,6692,卖盘
13:30:12,16.73,0.0,15,25095,卖盘
13:30:18,16.73,0.0,5,8365,卖盘
13:30:21,16.73,0.0,2,3346,卖盘
13:30:24,16.73,0.0,6,10038,卖盘
13:30:27,16.73,0.0,2,3346,卖盘
13:30:30,16.73,0.0,2,3346,卖盘
13:30:33,16.73,0.0,4,6692,卖盘
13:30:39,16.73,0.0,36,60228,卖盘
13:30:45,16.73,0.0,3,5019,卖盘
13:30:48,16.73,0.0,41,68593,卖盘
13:30:51,16.73,0.0,5,8365,卖盘
13:31:03,16.73,0.0,31,51863,卖盘
13:31:06,16.73,0.0,17,28441,卖盘
13:31:09,16.73,0.0,12,20076,卖盘
13:31:15,16.73,0.0,35,58555,卖盘
13:31:18,16.73,0.0,2,3346,卖盘
13:31:21,16.73,0.0,2,3346,卖盘
13:31:24,16.73,0.0,8,13384,卖盘
13:31:27,16.73,0.0,12,20076,卖盘
13:31:30,16.73,0.0,6,10038,卖盘
13:31:33,16.73,0.0,5,8365,卖盘
13:31:45,16.73,0.0,59,98707,卖盘
13:31:48,16.73,0.0,7,11711,卖盘
13:31:51,16.73,0.0,10,16730,卖盘
13:31:54,16.73,0.0,16,26768,卖盘
13:31:57,16.73,0.0,2,3346,卖盘
13:32:00,16.73,0.0,2,3346,卖盘
13:32:03,16.73,0.0,44,73612,卖盘
13:32:06,16.73,0.0,34,56882,卖盘
13:32:09,16.73,0.0,4,6692,卖盘
13:32:12,16.73,0.0,1,1673,卖盘
13:32:15,16.73,0.0,107,179011,卖盘
13:32:18,16.73,0.0,30,50190,卖盘
13:32:21,16.73,0.0,1,1673,卖盘
13:32:24,16.73,0.0,5,8365,卖盘
13:32:27,16.73,0.0,40,66920,卖盘
13:32:30,16.73,0.0,12,20076,卖盘
13:32:39,16.73,0.0,10,16730,卖盘
13:32:45,16.73,0.0,33,55209,卖盘
13:32:48,16.73,0.0,52,86996,卖盘
13:32:51,16.73,0.0,15,25095,卖盘
13:32:54,16.73,0.0,1,1673,卖盘
13:32:57,16.73,0.0,60,100380,卖盘
13:33:03,16.73,0.0,1,1673,卖盘
13:33:09,16.73,0.0,1,1673,卖盘
13:33:12,16.73,0.0,10,16730,卖盘
13:33:18,16.73,0.0,6,10038,卖盘
13:33:24,16.73,0.0,21,35133,卖盘
13:33:27,16.73,0.0,1,1673,卖盘
13:33:30,16.73,0.0,3,5019,卖盘
13:33:39,16.73,0.0,35,58555,卖盘
13:33:42,16.73,0.0,10,16730,卖盘
13:33:45,16.73,0.0,21,35133,卖盘
13:33:48,16.73,0.0,19,31787,卖盘
13:33:57,16.73,0.0,3,5019,卖盘
13:34:03,16.73,0.0,2,3346,卖盘
13:34:06,16.73,0.0,8,13384,卖盘
13:34:09,16.73,0.0,1,1673,卖盘
13:34:12,16.73,0.0,35,58555,卖盘
13:34:18,16.73,0.0,26,43498,卖盘
13:34:21,16.73,0.0,1,1673,卖盘
13:34:24,16.73,0.0,4,6692,卖盘
13:34:27,16.73,0.0,14,23422,卖盘
13:34:30,16.73,0.0,5,8365,卖盘
13:34:45,16.73,0.0,2,3346,卖盘
13:34:48,16.73,0.0,10,16730,卖盘
13:34:51,16.73,0.0,3,5019,卖盘
13:34:54,16.73,0.0,3,5019,卖盘
13:34:57,16.73,0.0,7,11711,卖盘
13:35:00,16.73,0.0,2,3346,卖盘
13:35:03,16.73,0.0,11,18403,卖盘
13:35:06,16.73,0.0,38,63574,卖盘
13:35:09,16.73,0.0,19,31787,卖盘
13:35:12,16.73,0.0,45,75285,卖盘
13:35:18,16.73,0.0,1,1673,卖盘
13:35:21,16.73,0.0,5,8365,卖盘
13:35:27,16.73,0.0,5,8365,卖盘
13:35:30,16.73,0.0,22,36806,卖盘
13:35:33,16.73,0.0,7,11711,卖盘
13:35:36,16.73,0.0,10,16730,卖盘
13:35:39,16.73,0.0,15,25095,卖盘
13:35:42,16.73,0.0,4,6692,卖盘
13:35:48,16.73,0.0,3,5019,卖盘
13:35:51,16.73,0.0,200,334600,卖盘
13:35:54,16.73,0.0,4,6692,卖盘
13:35:57,16.73,0.0,6,10038,卖盘
13:36:03,16.73,0.0,7,11711,卖盘
13:36:12,16.73,0.0,73,122129,卖盘
13:36:15,16.73,0.0,4,6692,卖盘
13:36:18,16.73,0.0,1,1673,卖盘
13:36:21,16.73,0.0,13,21749,卖盘
13:36:30,16.73,0.0,21,35133,卖盘
13:36:33,16.73,0.0,9,15057,卖盘
13:36:36,16.73,0.0,5,8365,卖盘
13:36:42,16.73,0.0,12,20076,卖盘
13:36:45,16.73,0.0,20,33460,卖盘
13:36:48,16.73,0.0,2,3346,卖盘
13:36:51,16.73,0.0,181,302813,卖盘
13:36:54,16.73,0.0,1,1673,卖盘
13:37:03,16.73,0.0,4,6692,卖盘
13:37:06,16.73,0.0,6,10038,卖盘
13:37:15,16.73,0.0,203,339619,卖盘
13:37:18,16.73,0.0,5,8365,卖盘
13:37:21,16.73,0.0,5,8365,卖盘
13:37:24,16.73,0.0,5,8365,卖盘
13:37:33,16.73,0.0,5,8365,卖盘
13:37:39,16.73,0.0,6,10038,卖盘
13:37:48,16.73,0.0,2,3346,卖盘
13:37:51,16.73,0.0,8,13384,卖盘
13:38:00,16.73,0.0,10,16730,卖盘
13:38:09,16.73,0.0,6,10038,卖盘
13:38:18,16.73,0.0,4,6692,卖盘
13:38:24,16.73,0.0,3,5019,卖盘
13:38:30,16.73,0.0,1,1673,卖盘
13:38:33,16.73,0.0,4,6692,卖盘
13:38:39,16.73,0.0,9,15057,卖盘
13:38:42,16.73,0.0,159,266007,卖盘
13:38:48,16.73,0.0,22,36806,卖盘
13:39:00,16.73,0.0,8,13384,卖盘
13:39:03,16.73,0.0,13,21749,卖盘
13:39:06,16.73,0.0,8,13384,卖盘
13:39:09,16.73,0.0,5,8365,卖盘
13:39:12,16.73,0.0,4,6692,卖盘
13:39:15,16.73,0.0,2,3346,卖盘
13:39:18,16.73,0.0,30,50190,卖盘
13:39:24,16.73,0.0,4,6692,卖盘
13:39:33,16.73,0.0,15,25095,卖盘
13:39:36,16.73,0.0,31,51863,卖盘
13:39:39,16.73,0.0,1,1673,卖盘
13:39:42,16.73,0.0,480,803040,卖盘
13:39:45,16.73,0.0,1,1673,卖盘
13:39:48,16.73,0.0,1,1673,卖盘
13:39:51,16.73,0.0,4,6692,卖盘
13:39:57,16.73,0.0,305,510265,卖盘
13:40:09,16.73,0.0,240,401520,卖盘
13:40:12,16.73,0.0,30,50190,卖盘
13:40:15,16.73,0.0,4,6692,卖盘
13:40:18,16.73,0.0,5,8365,卖盘
13:40:21,16.73,0.0,1,1673,卖盘
13:40:24,16.73,0.0,80,133840,卖盘
13:40:27,16.73,0.0,2,3346,卖盘
13:40:30,16.73,0.0,3,5019,卖盘
13:40:39,16.73,0.0,4,6692,卖盘
13:40:42,16.73,0.0,17,28441,卖盘
13:40:45,16.73,0.0,40,66920,卖盘
13:40:48,16.73,0.0,1,1673,卖盘
13:40:51,16.73,0.0,20,33460,卖盘
13:40:57,16.73,0.0,28,46844,卖盘
13:41:06,16.73,0.0,8,13384,卖盘
13:41:09,16.73,0.0,2,3346,卖盘
13:41:15,16.73,0.0,2,3346,卖盘
13:41:21,16.73,0.0,51,85323,卖盘
13:41:24,16.73,0.0,3,5019,卖盘
13:41:30,16.73,0.0,10,16730,卖盘
13:41:33,16.73,0.0,2,3346,卖盘
13:41:39,16.73,0.0,5,8365,卖盘
13:41:42,16.73,0.0,20,33460,卖盘
13:41:48,16.73,0.0,1,1673,卖盘
13:41:54,16.73,0.0,14,23422,卖盘
13:41:57,16.73,0.0,4,6692,卖盘
13:42:00,16.73,0.0,1,1673,卖盘
13:42:03,16.73,0.0,3,5019,卖盘
13:42:09,16.73,0.0,5,8365,卖盘
13:42:12,16.73,0.0,10,16730,卖盘
13:42:15,16.73,0.0,10,16730,卖盘
13:42:18,16.73,0.0,2,3346,卖盘
13:42:21,16.73,0.0,2,3346,卖盘
13:42:24,16.73,0.0,5,8365,卖盘
13:42:27,16.73,0.0,4,6692,卖盘
13:42:30,16.73,0.0,90,150570,卖盘
13:42:33,16.73,0.0,1,1673,卖盘
13:42:36,16.73,0.0,6,10038,卖盘
13:42:39,16.73,0.0,1,1673,卖盘
13:42:42,16.73,0.0,4,6692,卖盘
13:42:45,16.73,0.0,5,8365,卖盘
13:42:48,16.73,0.0,1,1673,卖盘
13:42:54,16.73,0.0,1,1673,卖盘
13:42:57,16.73,0.0,3,5019,卖盘
13:43:00,16.73,0.0,28,46844,卖盘
13:43:09,16.73,0.0,1,1673,卖盘
13:43:12,16.73,0.0,3,5019,卖盘
13:43:15,16.73,0.0,7,11711,卖盘
13:43:18,16.73,0.0,1,1673,卖盘
13:43:24,16.73,0.0,2,3346,卖盘
13:43:27,16.73,0.0,51,85323,卖盘
13:43:33,16.73,0.0,2,3346,卖盘
13:43:36,16.73,0.0,5,8365,卖盘
13:43:39,16.73,0.0,5,8365,卖盘
13:43:48,16.73,0.0,4,6692,卖盘
13:43:57,16.73,0.0,4,6692,卖盘
13:44:03,16.73,0.0,21,35133,卖盘
13:44:18,16.73,0.0,107,179011,卖盘
13:44:24,16.73,0.0,6,10038,卖盘
13:44:27,16.73,0.0,18,30114,卖盘
13:44:30,16.73,0.0,10,16730,卖盘
13:44:36,16.73,0.0,16,26768,卖盘
13:44:39,16.73,0.0,4,6692,卖盘
13:44:48,16.73,0.0,1,1673,卖盘
13:44:51,16.73,0.0,5,8365,卖盘
13:45:00,16.73,0.0,2,3346,卖盘
13:45:03,16.73,0.0,8,13384,卖盘
13:45:12,16.73,0.0,39,65247,卖盘
13:45:18,16.73,0.0,2,3346,卖盘
13:45:21,16.73,0.0,1,1673,卖盘
13:45:24,16.73,0.0,70,117110,卖盘
13:45:27,16.73,0.0,10,16730,卖盘
13:45:42,16.73,0.0,14,23422,卖盘
13:45:45,16.73,0.0,45,75285,卖盘
13:45:48,16.73,0.0,14,23422,卖盘
13:45:51,16.73,0.0,8,13384,卖盘
13:45:54,16.73,0.0,5,8365,卖盘
13:45:57,16.73,0.0,5,8365,卖盘
13:46:00,16.73,0.0,6,10038,卖盘
13:46:06,16.73,0.0,7,11711,卖盘
13:46:12,16.73,0.0,1,1673,卖盘
13:46:15,16.73,0.0,93,155589,卖盘
13:46:18,16.73,0.0,2,3346,卖盘
13:46:21,16.73,0.0,1,1673,卖盘
13:46:24,16.73,0.0,2,3346,卖盘
13:46:30,16.73,0.0,5,8365,卖盘
13:46:39,16.73,0.0,15,25095,卖盘
13:46:42,16.73,0.0,1,1673,卖盘
13:46:45,16.73,0.0,4,6692,卖盘
13:46:48,16.73,0.0,5,8365,卖盘
13:46:51,16.73,0.0,15,25095,卖盘
13:46:54,16.73,0.0,20,33460,卖盘
13:46:57,16.73,0.0,7,11711,卖盘
13:47:06,16.73,0.0,17,28441,卖盘
13:47:12,16.73,0.0,10,16730,卖盘
13:47:18,16.73,0.0,1,1673,卖盘
13:47:21,16.73,0.0,1,1673,卖盘
13:47:24,16.73,0.0,3,5019,卖盘
13:47:27,16.73,0.0,5,8365,卖盘
13:47:30,16.73,0.0,16,26768,卖盘
13:47:33,16.73,0.0,4,6692,卖盘
13:47:42,16.73,0.0,11,18403,卖盘
13:47:45,16.73,0.0,2,3346,卖盘
13:47:48,16.73,0.0,3,5019,卖盘
13:47:57,16.73,0.0,5,8365,卖盘
13:48:03,16.73,0.0,2,3346,卖盘
13:48:06,16.73,0.0,4,6692,卖盘
13:48:15,16.73,0.0,6,10038,卖盘
13:48:18,16.73,0.0,20,33460,卖盘
13:48:21,16.73,0.0,3,5019,卖盘
13:48:24,16.73,0.0,5,8365,卖盘
13:48:27,16.73,0.0,5,8365,卖盘
13:48:39,16.73,0.0,1,1673,卖盘
13:48:42,16.73,0.0,6,10038,卖盘
13:48:45,16.73,0.0,4,6692,卖盘
13:48:48,16.73,0.0,2,3346,卖盘
13:48:51,16.73,0.0,175,292775,卖盘
13:48:57,16.73,0.0,9,15057,卖盘
13:49:00,16.73,0.0,5,8365,卖盘
13:49:09,16.73,0.0,15,25095,卖盘
13:49:12,16.73,0.0,1,1673,卖盘
13:49:15,16.73,0.0,1,1673,卖盘
13:49:18,16.73,0.0,3,5019,卖盘
13:49:21,16.73,0.0,2,3346,卖盘
13:49:24,16.73,0.0,5,8365,卖盘
13:49:27,16.73,0.0,1,1673,卖盘
13:49:30,16.73,0.0,4,6692,卖盘
13:49:33,16.73,0.0,4,6692,卖盘
13:49:39,16.73,0.0,105,175665,卖盘
13:49:42,16.73,0.0,52,86996,卖盘
13:49:45,16.73,0.0,22,36806,卖盘
13:49:48,16.73,0.0,4,6692,卖盘
13:49:51,16.73,0.0,4,6692,卖盘
13:49:54,16.73,0.0,2,3346,卖盘
13:50:03,16.73,0.0,15,25095,卖盘
13:50:06,16.73,0.0,3,5019,卖盘
13:50:18,16.73,0.0,8,13384,卖盘
13:50:24,16.73,0.0,1013,1694749,卖盘
13:50:30,16.73,0.0,392,655816,卖盘
13:50:33,16.73,0.0,2,3346,卖盘
13:50:39,16.73,0.0,18,30114,卖盘
13:50:42,16.73,0.0,5,8365,卖盘
13:50:45,16.73,0.0,5,8365,卖盘
13:50:48,16.73,0.0,12,20076,卖盘
13:50:54,16.73,0.0,35,58555,卖盘
13:50:57,16.73,0.0,32,53536,卖盘
13:51:00,16.73,0.0,50,83650,卖盘
13:51:03,16.73,0.0,5,8365,卖盘
13:51:09,16.73,0.0,19,31787,卖盘
13:51:12,16.73,0.0,1,1673,卖盘
13:51:18,16.73,0.0,1,1673,卖盘
13:51:21,16.73,0.0,3,5019,卖盘
13:51:24,16.73,0.0,39,65247,卖盘
13:51:27,16.73,0.0,4,6692,卖盘
13:51:33,16.73,0.0,13,21749,卖盘
13:51:36,16.73,0.0,23,38479,卖盘
13:51:42,16.73,0.0,5,8365,卖盘
13:51:45,16.73,0.0,5,8365,卖盘
13:51:48,16.73,0.0,2,3346,卖盘
13:51:51,16.73,0.0,1,1673,卖盘
13:52:03,16.73,0.0,5,8365,卖盘
13:52:06,16.73,0.0,6,10038,卖盘
13:52:09,16.73,0.0,10,16730,卖盘
13:52:18,16.73,0.0,1,1673,卖盘
13:52:21,16.73,0.0,5,8365,卖盘
13:52:24,16.73,0.0,10,16730,卖盘
13:52:27,16.73,0.0,7,11711,卖盘
13:52:30,16.73,0.0,63,105399,卖盘
13:52:33,16.73,0.0,5,8365,卖盘
13:52:36,16.73,0.0,8,13384,卖盘
13:52:39,16.73,0.0,1,1673,卖盘
13:52:42,16.73,0.0,4,6692,卖盘
13:52:45,16.73,0.0,7,11711,卖盘
13:52:48,16.73,0.0,2,3346,卖盘
13:52:57,16.73,0.0,1,1673,卖盘
13:53:00,16.73,0.0,2,3346,卖盘
13:53:03,16.73,0.0,19,31787,卖盘
13:53:09,16.73,0.0,1,1673,卖盘
13:53:12,16.73,0.0,3,5019,卖盘
13:53:18,16.73,0.0,1,1673,卖盘
13:53:24,16.73,0.0,3,5019,卖盘
13:53:27,16.73,0.0,14,23422,卖盘
13:53:30,16.73,0.0,10,16730,卖盘
13:53:33,16.73,0.0,4,6692,卖盘
13:53:36,16.73,0.0,6,10038,卖盘
13:53:39,16.73,0.0,21,35133,卖盘
13:53:42,16.73,0.0,30,50190,卖盘
13:53:48,16.73,0.0,8,13384,卖盘
13:53:51,16.73,0.0,9,15057,卖盘
13:53:54,16.73,0.0,1,1673,卖盘
13:53:57,16.73,0.0,20,33460,卖盘
13:54:03,16.73,0.0,5,8365,卖盘
13:54:06,16.73,0.0,20,33460,卖盘
13:54:09,16.73,0.0,1,1673,卖盘
13:54:12,16.73,0.0,2,3346,卖盘
13:54:18,16.73,0.0,9,15057,卖盘
13:54:24,16.73,0.0,2,3346,卖盘
13:54:27,16.73,0.0,8,13384,卖盘
13:54:30,16.73,0.0,1,1673,卖盘
13:54:36,16.73,0.0,3,5019,卖盘
13:54:39,16.73,0.0,6,10038,卖盘
13:54:42,16.73,0.0,6,10038,卖盘
13:54:45,16.73,0.0,1,1673,卖盘
13:54:48,16.73,0.0,5,8365,卖盘
13:54:51,16.73,0.0,10,16730,卖盘
13:54:54,16.73,0.0,21,35635,卖盘
13:54:57,16.73,0.0,25,41825,卖盘
13:55:03,16.73,0.0,4,6692,卖盘
13:55:15,16.73,0.0,2,3346,卖盘
13:55:21,16.73,0.0,8,13384,卖盘
13:55:24,16.73,0.0,36,60228,卖盘
13:55:30,16.73,0.0,9,15057,卖盘
13:55:39,16.73,0.0,2,3346,卖盘
13:55:42,16.73,0.0,39,65247,卖盘
13:55:45,16.73,0.0,5,8365,卖盘
13:55:48,16.73,0.0,1,1673,卖盘
13:55:51,16.73,0.0,11,18403,卖盘
13:55:57,16.73,0.0,13,21749,卖盘
13:56:09,16.73,0.0,2,3346,卖盘
13:56:15,16.73,0.0,6,10038,卖盘
13:56:18,16.73,0.0,2,3346,卖盘
13:56:24,16.73,0.0,46,76958,卖盘
13:56:33,16.73,0.0,8,13384,卖盘
13:56:36,16.73,0.0,12,20076,卖盘
13:56:42,16.73,0.0,4,6692,卖盘
13:56:45,16.73,0.0,30,50190,卖盘
13:56:48,16.73,0.0,2,3346,卖盘
13:56:54,16.73,0.0,10,16730,卖盘
13:57:03,16.73,0.0,3,5019,卖盘
13:57:06,16.73,0.0,21,35133,卖盘
13:57:09,16.73,0.0,23,38479,卖盘
13:57:12,16.73,0.0,5,8365,卖盘
13:57:18,16.73,0.0,202,337946,卖盘
13:57:21,16.73,0.0,5,8365,卖盘
13:57:27,16.73,0.0,9,15057,卖盘
13:57:30,16.73,0.0,17,28441,卖盘
13:57:36,16.73,0.0,12,20076,卖盘
13:57:39,16.73,0.0,5,8365,卖盘
13:57:42,16.73,0.0,1,1673,卖盘
13:57:45,16.73,0.0,50,83650,卖盘
13:57:48,16.73,0.0,13,21749,卖盘
13:57:51,16.73,0.0,1,1673,卖盘
13:57:57,16.73,0.0,2,3346,卖盘
13:58:06,16.73,0.0,10,16730,卖盘
13:58:09,16.73,0.0,4,6692,卖盘
13:58:12,16.73,0.0,6,10038,卖盘
13:58:18,16.73,0.0,2,3346,卖盘
13:58:24,16.73,0.0,72,120456,卖盘
13:58:27,16.73,0.0,4,6692,卖盘
13:58:30,16.73,0.0,21,35133,卖盘
13:58:39,16.73,0.0,31,51863,卖盘
13:58:42,16.73,0.0,8,13384,卖盘
13:58:45,16.73,0.0,4,6692,卖盘
13:58:48,16.73,0.0,16,26768,卖盘
13:58:51,16.73,0.0,9,15057,卖盘
13:58:54,16.73,0.0,42,70266,卖盘
13:58:57,16.73,0.0,7,11711,卖盘
13:59:00,16.73,0.0,64,107072,卖盘
13:59:15,16.73,0.0,6,10038,卖盘
13:59:18,16.73,0.0,2,3346,卖盘
13:59:21,16.73,0.0,2,3346,卖盘
13:59:30,16.73,0.0,43,71939,卖盘
13:59:33,16.73,0.0,9,15057,卖盘
13:59:42,16.73,0.0,8,13384,卖盘
13:59:48,16.73,0.0,1,1673,卖盘
13:59:51,16.73,0.0,6,10038,卖盘
13:59:54,16.73,0.0,425,711025,卖盘
13:59:57,16.73,0.0,6,10038,卖盘
14:00:00,16.73,0.0,4,6692,卖盘
14:00:03,16.73,0.0,10,16730,卖盘
14:00:09,16.73,0.0,4,6692,卖盘
14:00:15,16.73,0.0,1,1673,卖盘
14:00:18,16.73,0.0,3,5019,卖盘
14:00:21,16.73,0.0,1,1673,卖盘
14:00:33,16.73,0.0,3,5019,卖盘
14:00:36,16.73,0.0,10,16730,卖盘
14:00:39,16.73,0.0,14,23422,卖盘
14:00:42,16.73,0.0,4,6692,卖盘
14:00:48,16.73,0.0,2,3346,卖盘
14:00:51,16.73,0.0,40,66920,卖盘
14:00:54,16.73,0.0,16,26768,卖盘
14:01:03,16.73,0.0,4,6692,卖盘
14:01:06,16.73,0.0,7,11711,卖盘
14:01:18,16.73,0.0,2,3346,卖盘
14:01:24,16.73,0.0,2,3346,卖盘
14:01:33,16.73,0.0,6,10038,卖盘
14:01:45,16.73,0.0,6,10038,卖盘
14:01:48,16.73,0.0,1,1673,卖盘
14:01:54,16.73,0.0,6,10038,卖盘
14:02:03,16.73,0.0,16,26768,卖盘
14:02:12,16.73,0.0,2,3346,卖盘
14:02:15,16.73,0.0,6,10038,卖盘
14:02:18,16.73,0.0,3,5019,卖盘
14:02:30,16.73,0.0,24,40152,卖盘
14:02:39,16.73,0.0,5,8365,卖盘
14:02:42,16.73,0.0,5,8365,卖盘
14:02:48,16.73,0.0,4,6692,卖盘
14:02:54,16.73,0.0,26,43498,卖盘
14:03:00,16.73,0.0,30,50190,卖盘
14:03:06,16.73,0.0,11,18403,卖盘
14:03:09,16.73,0.0,3,5019,卖盘
14:03:12,16.73,0.0,9,15057,卖盘
14:03:18,16.73,0.0,1,1673,卖盘
14:03:27,16.73,0.0,9,15057,卖盘
14:03:33,16.73,0.0,3,5019,卖盘
14:03:36,16.73,0.0,1,1673,卖盘
14:03:42,16.73,0.0,4,6692,卖盘
14:03:48,16.73,0.0,9,15057,卖盘
14:04:00,16.73,0.0,1,1673,卖盘
14:04:03,16.73,0.0,2,3346,卖盘
14:04:06,16.73,0.0,52,86996,卖盘
14:04:09,16.73,0.0,60,100380,卖盘
14:04:12,16.73,0.0,28,46844,卖盘
14:04:15,16.73,0.0,1,1673,卖盘
14:04:18,16.73,0.0,14,23422,卖盘
14:04:21,16.73,0.0,3,5019,卖盘
14:04:27,16.73,0.0,56,93688,卖盘
14:04:33,16.73,0.0,234,391482,卖盘
14:04:36,16.73,0.0,4,6692,卖盘
14:04:48,16.73,0.0,7,11711,卖盘
14:04:57,16.73,0.0,7,11711,卖盘
14:05:09,16.73,0.0,7,11711,卖盘
14:05:12,16.73,0.0,15,25095,卖盘
14:05:15,16.73,0.0,8,13384,卖盘
14:05:18,16.73,0.0,8,13384,卖盘
14:05:24,16.73,0.0,11,18403,卖盘
14:05:27,16.73,0.0,23,38479,卖盘
14:05:30,16.73,0.0,42,70266,卖盘
14:05:33,16.73,0.0,1,1673,卖盘
14:05:36,16.73,0.0,2,3346,卖盘
14:05:39,16.73,0.0,12,20076,卖盘
14:05:42,16.73,0.0,15,25095,卖盘
14:05:45,16.73,0.0,10,16730,卖盘
14:05:48,16.73,0.0,2,3346,卖盘
14:05:54,16.73,0.0,20,33460,卖盘
14:05:57,16.73,0.0,1,1673,卖盘
14:06:00,16.73,0.0,29,48517,卖盘
14:06:03,16.73,0.0,3,5019,卖盘
14:06:06,16.73,0.0,4,6692,卖盘
14:06:09,16.73,0.0,9,15057,卖盘
14:06:15,16.73,0.0,5,8365,卖盘
14:06:18,16.73,0.0,1,1673,卖盘
14:06:27,16.73,0.0,4,6692,卖盘
14:06:33,16.73,0.0,2,3346,卖盘
14:06:36,16.73,0.0,14,23422,卖盘
14:06:39,16.73,0.0,5,8365,卖盘
14:06:48,16.73,0.0,2,3346,卖盘
14:06:54,16.73,0.0,12,20076,卖盘
14:07:03,16.73,0.0,4,6692,卖盘
14:07:09,16.73,0.0,47,78631,卖盘
14:07:12,16.73,0.0,6,10038,卖盘
14:07:15,16.73,0.0,5,8365,卖盘
14:07:18,16.73,0.0,2,3346,卖盘
14:07:24,16.73,0.0,3,5019,卖盘
14:07:42,16.73,0.0,2,3346,卖盘
14:07:45,16.73,0.0,6,10038,卖盘
14:07:48,16.73,0.0,7,11711,卖盘
14:07:51,16.73,0.0,5,8365,卖盘
14:07:54,16.73,0.0,40,66920,卖盘
14:07:57,16.73,0.0,15,25095,卖盘
14:08:00,16.73,0.0,27,45171,卖盘
14:08:09,16.73,0.0,80,133840,卖盘
14:08:12,16.73,0.0,4,6341,卖盘
14:08:15,16.73,0.0,1,1673,卖盘
14:08:18,16.73,0.0,2,3346,卖盘
14:08:24,16.73,0.0,7,11711,卖盘
14:08:27,16.73,0.0,5,8365,卖盘
14:08:30,16.73,0.0,1,1673,卖盘
14:08:36,16.73,0.0,4,6692,卖盘
14:08:42,16.73,0.0,15,25095,卖盘
14:08:45,16.73,0.0,36,60228,卖盘
14:09:03,16.73,0.0,6,10038,卖盘
14:09:06,16.73,0.0,6,10038,卖盘
14:09:18,16.73,0.0,1,1673,卖盘
14:09:21,16.73,0.0,1,1673,卖盘
14:09:27,16.73,0.0,72,120456,卖盘
14:09:36,16.73,0.0,1,1673,卖盘
14:09:45,16.73,0.0,12,20076,卖盘
14:09:48,16.73,0.0,2,3346,卖盘
14:10:06,16.73,0.0,2,3346,卖盘
14:10:18,16.73,0.0,28,46844,卖盘
14:10:21,16.73,0.0,5,8365,卖盘
14:10:27,16.73,0.0,4,6692,卖盘
14:10:42,16.73,0.0,211,353003,卖盘
14:10:45,16.73,0.0,3,5019,卖盘
14:10:48,16.73,0.0,952,1592696,卖盘
14:10:51,16.73,0.0,797,1333381,卖盘
14:10:54,16.73,0.0,60,100380,卖盘
14:11:00,16.73,0.0,13,21749,卖盘
14:11:03,16.73,0.0,8,13384,卖盘
14:11:09,16.73,0.0,3,5019,卖盘
14:11:12,16.73,0.0,4,6692,卖盘
14:11:18,16.73,0.0,2,3346,卖盘
14:11:21,16.73,0.0,1,1673,卖盘
14:11:30,16.73,0.0,3,5019,卖盘
14:11:33,16.73,0.0,2,3346,卖盘
14:11:36,16.73,0.0,4,6692,卖盘
14:11:48,16.73,0.0,3,5019,卖盘
14:11:51,16.73,0.0,1,1673,卖盘
14:11:54,16.73,0.0,9,15057,卖盘
14:11:57,16.73,0.0,6,10038,卖盘
14:12:06,16.73,0.0,2,3346,卖盘
14:12:12,16.73,0.0,80,133840,卖盘
14:12:15,16.73,0.0,6,10038,卖盘
14:12:18,16.73,0.0,35,58555,卖盘
14:12:24,16.73,0.0,6,10038,卖盘
14:12:30,16.73,0.0,41,68593,卖盘
14:12:45,16.73,0.0,21,35133,卖盘
14:12:48,16.73,0.0,6,10038,卖盘
14:12:51,16.73,0.0,3,5019,卖盘
14:12:54,16.73,0.0,6,10038,卖盘
14:12:57,16.73,0.0,3,5019,卖盘
14:13:03,16.73,0.0,1,1673,卖盘
14:13:18,16.73,0.0,2,3346,卖盘
14:13:33,16.73,0.0,16,26768,卖盘
14:13:39,16.73,0.0,5,8365,卖盘
14:13:42,16.73,0.0,14,23422,卖盘
14:13:51,16.73,0.0,1,1673,卖盘
14:13:54,16.73,0.0,8,13384,卖盘
14:14:03,16.73,0.0,19,31787,卖盘
14:14:06,16.73,0.0,3,5019,卖盘
14:14:09,16.73,0.0,1,1673,卖盘
14:14:12,16.73,0.0,11,18403,卖盘
14:14:15,16.73,0.0,1,1673,卖盘
14:14:21,16.73,0.0,9,15057,卖盘
14:14:27,16.73,0.0,2,3346,卖盘
14:14:30,16.73,0.0,1,2008,卖盘
14:14:36,16.73,0.0,7,11711,卖盘
14:14:39,16.73,0.0,11,18403,卖盘
14:14:57,16.73,0.0,7,11711,卖盘
14:15:00,16.73,0.0,3,5019,卖盘
14:15:03,16.73,0.0,13,21749,卖盘
14:15:15,16.73,0.0,31,51863,卖盘
14:15:18,16.73,0.0,11,18403,卖盘
14:15:21,16.73,0.0,12,20076,卖盘
14:15:24,16.73,0.0,2,3346,卖盘
14:15:27,16.73,0.0,58,97034,卖盘
14:15:30,16.73,0.0,2,3346,卖盘
14:15:33,16.73,0.0,2,3346,卖盘
14:15:39,16.73,0.0,1,1673,卖盘
14:15:42,16.73,0.0,9,15057,卖盘
14:15:45,16.73,0.0,6,10038,卖盘
14:15:48,16.73,0.0,6,10038,卖盘
14:15:54,16.73,0.0,1,1673,卖盘
14:15:57,16.73,0.0,3,5019,卖盘
14:16:06,16.73,0.0,2,3346,卖盘
14:16:12,16.73,0.0,4,6692,卖盘
14:16:21,16.73,0.0,2,3346,卖盘
14:16:30,16.73,0.0,6,10038,卖盘
14:16:33,16.73,0.0,4,6692,卖盘
14:16:36,16.73,0.0,19,31787,卖盘
14:16:42,16.73,0.0,400,669200,卖盘
14:16:48,16.73,0.0,2,3346,卖盘
14:16:51,16.73,0.0,3,5019,卖盘
14:16:54,16.73,0.0,2,3346,卖盘
14:16:57,16.73,0.0,251,419923,卖盘
14:17:00,16.73,0.0,393,657489,卖盘
14:17:03,16.73,0.0,756,1264788,卖盘
14:17:09,16.73,0.0,41,68593,卖盘
14:17:15,16.73,0.0,7,11711,卖盘
14:17:18,16.73,0.0,8,13384,卖盘
14:17:21,16.73,0.0,4,6692,卖盘
14:17:27,16.73,0.0,49,81977,卖盘
14:17:30,16.73,0.0,10,16730,卖盘
14:17:33,16.73,0.0,12,20076,卖盘
14:17:39,16.73,0.0,4,6692,卖盘
14:17:42,16.73,0.0,10,16730,卖盘
14:17:48,16.73,0.0,4,6692,卖盘
14:17:54,16.73,0.0,7,11711,卖盘
14:18:03,16.73,0.0,20,33460,卖盘
14:18:06,16.73,0.0,5,8365,卖盘
14:18:09,16.73,0.0,3,5019,卖盘
14:18:12,16.73,0.0,3,5019,卖盘
14:18:15,16.73,0.0,71,118783,卖盘
14:18:24,16.73,0.0,18,30114,卖盘
14:18:27,16.73,0.0,4,6692,卖盘
14:18:30,16.73,0.0,35,58555,卖盘
14:18:33,16.73,0.0,2,3346,卖盘
14:18:36,16.73,0.0,4,6692,卖盘
14:18:39,16.73,0.0,2,3346,卖盘
14:18:45,16.73,0.0,5,8365,卖盘
14:18:48,16.73,0.0,13,21749,卖盘
14:18:51,16.73,0.0,11,18403,卖盘
14:18:54,16.73,0.0,105,175665,卖盘
14:18:57,16.73,0.0,6,10038,卖盘
14:19:00,16.73,0.0,1,2174,卖盘
14:19:03,16.73,0.0,82,137186,卖盘
14:19:06,16.73,0.0,5,8365,卖盘
14:19:15,16.73,0.0,6,10038,卖盘
14:19:21,16.73,0.0,4,6692,卖盘
14:19:24,16.73,0.0,15,25095,卖盘
14:19:30,16.73,0.0,4,6692,卖盘
14:19:36,16.73,0.0,3,5019,卖盘
14:19:39,16.73,0.0,35,58555,卖盘
14:19:42,16.73,0.0,66,110418,卖盘
14:19:48,16.73,0.0,18,30114,卖盘
14:19:51,16.73,0.0,1,1673,卖盘
14:19:54,16.73,0.0,5,8365,卖盘
14:20:00,16.73,0.0,83,138859,卖盘
14:20:03,16.73,0.0,10,16730,卖盘
14:20:06,16.73,0.0,1,1673,卖盘
14:20:09,16.73,0.0,12,20076,卖盘
14:20:12,16.73,0.0,4,6692,卖盘
14:20:18,16.73,0.0,3,5019,卖盘
14:20:24,16.73,0.0,2,3346,卖盘
14:20:30,16.73,0.0,5,8365,卖盘
14:20:33,16.73,0.0,5,8365,卖盘
14:20:36,16.73,0.0,20,33460,卖盘
14:20:39,16.73,0.0,69,115437,卖盘
14:20:42,16.73,0.0,3,5019,卖盘
14:20:45,16.73,0.0,54,90342,卖盘
14:20:48,16.73,0.0,7,11711,卖盘
14:20:57,16.73,0.0,2,3346,卖盘
14:21:00,16.73,0.0,46,76958,卖盘
14:21:03,16.73,0.0,168,281064,卖盘
14:21:06,16.73,0.0,5,8365,卖盘
14:21:15,16.73,0.0,103,172319,卖盘
14:21:18,16.73,0.0,46,76958,卖盘
14:21:24,16.73,0.0,2,3346,卖盘
14:21:27,16.73,0.0,5,8365,卖盘
14:21:33,16.73,0.0,54,90342,卖盘
14:21:36,16.73,0.0,5,8365,卖盘
14:21:39,16.73,0.0,2,3346,卖盘
14:21:42,16.73,0.0,111,185703,卖盘
