成交时间,成交价格,价格变动,成交量,成交金额,性质
09:25:03,7.55,0.0,11094,8375970,卖盘
09:30:00,7.69,0.14,13256,10168886,买盘
09:30:04,7.69,0.0,1278,982782,卖盘
09:30:06,7.69,0.0,3322,2554618,卖盘
09:30:09,7.69,0.0,1635,1257315,卖盘
09:30:13,7.69,0.0,3392,2608448,卖盘
09:30:16,7.69,0.0,1098,844362,卖盘
09:30:18,7.69,0.0,929,714401,卖盘
09:30:22,7.69,0.0,655,503695,卖盘
09:30:24,7.69,0.0,1338,1028922,卖盘
09:30:28,7.69,0.0,2412,1854828,卖盘
09:30:30,7.69,0.0,502,386038,卖盘
09:30:34,7.69,0.0,788,605972,卖盘
09:30:36,7.69,0.0,335,257615,卖盘
09:30:39,7.69,0.0,106,81514,卖盘
09:30:43,7.69,0.0,984,756696,卖盘
09:30:45,7.69,0.0,616,473704,卖盘
09:30:48,7.69,0.0,539,414491,卖盘
09:30:51,7.69,0.0,212,163028,卖盘
09:30:55,7.69,0.0,196,150724,卖盘
09:30:58,7.69,0.0,134,103046,卖盘
09:31:01,7.69,0.0,28,21532,卖盘
09:31:03,7.69,0.0,430,330670,卖盘
09:31:07,7.69,0.0,48,36912,卖盘
09:31:09,7.69,0.0,135,103815,卖盘
09:31:12,7.69,0.0,130,99970,卖盘
09:31:15,7.69,0.0,133,102277,卖盘
09:31:18,7.69,0.0,130,99970,卖盘
09:31:21,7.69,0.0,73,56137,卖盘
09:31:24,7.69,0.0,11,8459,卖盘
09:31:28,7.69,0.0,248,190720,卖盘
09:31:31,7.69,0.0,82,63058,卖盘
09:31:33,7.69,0.0,62,47678,卖盘
09:31:36,7.69,0.0,52,39988,卖盘
09:31:39,7.69,0.0,36,27684,卖盘
09:31:42,7.69,0.0,13,9997,卖盘
09:31:45,7.69,0.0,70,53830,卖盘
09:31:48,7.69,0.0,115,88435,卖盘
09:31:52,7.69,0.0,180,138420,卖盘
09:31:54,7.69,0.0,53,40757,卖盘
09:31:57,7.69,0.0,27,20763,卖盘
09:32:01,7.69,0.0,56,43064,卖盘
09:32:06,7.69,0.0,48,36912,卖盘
09:32:09,7.69,0.0,2,1538,卖盘
09:32:12,7.69,0.0,1,769,卖盘
09:32:15,7.69,0.0,54,41526,卖盘
09:32:18,7.69,0.0,4,3076,卖盘
09:32:21,7.69,0.0,100,76900,卖盘
09:32:25,7.69,0.0,35,26915,卖盘
09:32:27,7.69,0.0,38,29222,卖盘
09:32:31,7.69,0.0,162,124578,卖盘
09:32:34,7.69,0.0,17,13073,卖盘
09:32:43,7.69,0.0,99,76131,卖盘
09:32:46,7.69,0.0,85,65365,卖盘
09:32:48,7.69,0.0,54,41526,卖盘
09:32:52,7.69,0.0,94,72286,卖盘
09:32:54,7.69,0.0,66,50754,卖盘
09:32:58,7.69,0.0,39,29991,卖盘
09:33:01,7.69,0.0,498,382962,卖盘
09:33:03,7.69,0.0,4,3076,卖盘
09:33:07,7.69,0.0,155,119195,卖盘
09:33:09,7.69,0.0,18,13842,卖盘
09:33:13,7.69,0.0,68,52292,卖盘
09:33:15,7.69,0.0,58,44602,卖盘
09:33:18,7.69,0.0,80,61597,卖盘
09:33:22,7.69,0.0,1105,849745,卖盘
09:33:24,7.69,0.0,53,40757,卖盘
09:33:27,7.69,0.0,28,21532,卖盘
09:33:30,7.69,0.0,76,58444,卖盘
09:33:33,7.69,0.0,97,74593,卖盘
09:33:36,7.69,0.0,41,31529,卖盘
09:33:39,7.69,0.0,130,99970,卖盘
09:33:43,7.69,0.0,39,29991,卖盘
09:33:45,7.69,0.0,441,339129,卖盘
09:33:49,7.69,0.0,28,21532,卖盘
09:33:51,7.69,0.0,60,46140,卖盘
09:33:57,7.69,0.0,3589,2759941,卖盘
09:34:01,7.69,0.0,449,345281,卖盘
09:34:03,7.69,0.0,1,769,卖盘
09:34:06,7.69,0.0,296,227624,卖盘
09:34:09,7.69,0.0,112,86128,卖盘
09:34:12,7.69,0.0,206,158414,卖盘
09:34:15,7.69,0.0,51,39219,卖盘
09:34:18,7.69,0.0,86,66134,卖盘
09:34:21,7.69,0.0,70,53830,卖盘
09:34:24,7.69,0.0,289,222241,卖盘
09:34:33,7.69,0.0,31,23839,卖盘
09:34:36,7.69,0.0,10,7690,卖盘
09:34:39,7.69,0.0,56,43064,卖盘
09:34:45,7.69,0.0,15,11535,卖盘
09:34:48,7.69,0.0,6,4614,卖盘
09:34:51,7.69,0.0,25,19225,卖盘
09:34:54,7.69,0.0,110,84590,卖盘
09:35:00,7.69,0.0,1,769,卖盘
09:35:03,7.69,0.0,15,11535,卖盘
09:35:06,7.69,0.0,54,41526,卖盘
09:35:12,7.69,0.0,15,11535,卖盘
09:35:15,7.69,0.0,200,153800,卖盘
09:35:18,7.69,0.0,37,28453,卖盘
09:35:21,7.69,0.0,7,5383,卖盘
09:35:24,7.69,0.0,126,96894,卖盘
09:35:28,7.69,0.0,50,38450,卖盘
09:35:30,7.69,0.0,20,15380,卖盘
09:35:33,7.69,0.0,375,288375,卖盘
09:35:36,7.69,0.0,5,3845,卖盘
09:35:40,7.69,0.0,116,89204,卖盘
09:35:42,7.69,0.0,10,7690,卖盘
09:35:45,7.69,0.0,5,3845,卖盘
09:35:49,7.69,0.0,9,6921,卖盘
09:35:51,7.69,0.0,81,62289,卖盘
09:35:54,7.69,0.0,20,15380,卖盘
09:35:57,7.69,0.0,10,7690,卖盘
09:36:01,7.69,0.0,42,32298,卖盘
09:36:03,7.69,0.0,53,40757,卖盘
09:36:06,7.69,0.0,6,4614,卖盘
09:36:09,7.69,0.0,300,230700,卖盘
09:36:18,7.69,0.0,43,33067,卖盘
09:36:22,7.69,0.0,60,46140,卖盘
09:36:27,7.69,0.0,1,769,卖盘
09:36:31,7.69,0.0,8,6152,卖盘
09:36:39,7.69,0.0,343,263767,卖盘
09:36:42,7.69,0.0,13,9997,卖盘
09:36:51,7.69,0.0,99,76131,卖盘
09:36:55,7.69,0.0,2,1538,卖盘
09:37:00,7.69,0.0,10,7690,卖盘
09:37:03,7.69,0.0,34,26146,卖盘
09:37:16,7.69,0.0,4,3076,卖盘
09:37:19,7.69,0.0,21,16149,卖盘
09:37:21,7.69,0.0,250,192250,卖盘
09:37:24,7.69,0.0,4,3076,卖盘
09:37:28,7.69,0.0,14,10766,卖盘
09:37:31,7.69,0.0,1,769,卖盘
09:37:36,7.69,0.0,16,12304,卖盘
09:37:45,7.69,0.0,103,79207,卖盘
09:38:00,7.69,0.0,10,7690,卖盘
09:38:06,7.69,0.0,285,219165,卖盘
09:38:09,7.69,0.0,117,89973,卖盘
09:38:15,7.69,0.0,282,216858,卖盘
09:38:18,7.69,0.0,51,39219,卖盘
09:38:21,7.69,0.0,46,35374,卖盘
09:38:27,7.69,0.0,41,31529,卖盘
09:38:30,7.69,0.0,1,769,卖盘
09:38:33,7.69,0.0,291,223779,卖盘
09:38:36,7.69,0.0,11,8459,卖盘
09:38:39,7.69,0.0,4,3076,卖盘
09:38:42,7.69,0.0,239,183791,卖盘
09:38:45,7.69,0.0,569,437561,卖盘
09:38:48,7.69,0.0,28,21532,卖盘
09:38:51,7.69,0.0,4,3076,卖盘
09:38:54,7.69,0.0,19,14611,卖盘
09:38:57,7.69,0.0,50,38450,卖盘
09:39:09,7.69,0.0,111,85359,卖盘
09:39:13,7.69,0.0,23,17687,卖盘
09:39:18,7.69,0.0,105,80745,卖盘
09:39:27,7.69,0.0,80,61520,卖盘
09:39:31,7.69,0.0,10,7690,卖盘
09:39:37,7.69,0.0,18,13842,卖盘
09:39:39,7.69,0.0,190,146110,卖盘
09:39:48,7.69,0.0,98,75362,卖盘
09:40:00,7.69,0.0,10,7690,卖盘
09:40:06,7.69,0.0,2,1538,卖盘
09:40:12,7.69,0.0,15,11535,卖盘
09:40:21,7.69,0.0,1,769,卖盘
09:40:25,7.69,0.0,7,5383,卖盘
09:40:27,7.69,0.0,31,23839,卖盘
09:40:30,7.69,0.0,10,7690,卖盘
09:40:34,7.69,0.0,50,38450,卖盘
09:40:37,7.69,0.0,4,3076,卖盘
09:40:40,7.69,0.0,10,7690,卖盘
09:40:42,7.69,0.0,15,11535,卖盘
09:40:54,7.69,0.0,13,9997,卖盘
09:40:58,7.69,0.0,20,15380,卖盘
09:41:07,7.69,0.0,10,7690,卖盘
09:41:15,7.69,0.0,59,45371,卖盘
09:41:24,7.69,0.0,1,769,卖盘
09:41:33,7.69,0.0,327,251463,卖盘
09:41:42,7.69,0.0,71,54599,卖盘
09:41:45,7.69,0.0,10,7690,卖盘
09:41:49,7.69,0.0,43,33067,卖盘
09:41:54,7.69,0.0,50,38450,卖盘
09:42:03,7.69,0.0,103,79207,卖盘
09:42:09,7.69,0.0,2,1538,卖盘
09:42:12,7.69,0.0,2,1538,卖盘
09:42:18,7.69,0.0,26,19994,卖盘
09:42:22,7.69,0.0,10,7690,卖盘
09:42:27,7.69,0.0,102,78438,卖盘
09:42:30,7.69,0.0,23,17687,卖盘
09:42:36,7.69,0.0,16,12304,卖盘
09:42:45,7.69,0.0,311,239159,卖盘
09:42:48,7.69,0.0,40,30760,卖盘
09:42:54,7.69,0.0,15,11535,卖盘
09:43:06,7.69,0.0,657,505233,卖盘
09:43:10,7.69,0.0,26,19994,卖盘
09:43:15,7.69,0.0,7,5383,卖盘
09:43:24,7.69,0.0,15,11535,卖盘
09:43:28,7.69,0.0,24,18456,卖盘
09:43:30,7.69,0.0,11,8459,卖盘
09:43:45,7.69,0.0,5,3845,卖盘
09:43:54,7.69,0.0,8,6152,卖盘
09:44:00,7.69,0.0,309,237621,卖盘
09:44:03,7.69,0.0,24,18456,卖盘
09:44:06,7.69,0.0,13,9997,卖盘
09:44:15,7.69,0.0,53,40757,卖盘
09:44:21,7.69,0.0,7,5383,卖盘
09:44:28,7.69,0.0,12,9228,卖盘
09:44:33,7.69,0.0,22,16918,卖盘
09:44:40,7.69,0.0,7,5383,卖盘
09:44:43,7.69,0.0,36,27684,卖盘
09:44:49,7.69,0.0,10,7690,卖盘
09:44:55,7.69,0.0,83,63827,卖盘
09:45:00,7.69,0.0,178,136882,卖盘
09:45:27,7.69,0.0,1,769,卖盘
09:45:30,7.69,0.0,31,23839,卖盘
09:45:34,7.69,0.0,10,7690,卖盘
09:45:45,7.69,0.0,10,7690,卖盘
09:45:48,7.69,0.0,10,7690,卖盘
09:45:51,7.69,0.0,1,769,卖盘
09:45:54,7.69,0.0,1,769,卖盘
09:45:57,7.69,0.0,11,8459,卖盘
09:46:12,7.69,0.0,40,30760,卖盘
09:46:24,7.69,0.0,807,620583,卖盘
09:46:34,7.69,0.0,15,11535,卖盘
09:46:36,7.69,0.0,10,7690,卖盘
09:46:40,7.69,0.0,201,154569,卖盘
09:46:48,7.69,0.0,25,19225,卖盘
09:47:03,7.69,0.0,20,15380,卖盘
09:47:09,7.69,0.0,100,76900,卖盘
09:47:15,7.69,0.0,3,2307,卖盘
09:47:21,7.69,0.0,4,3076,卖盘
09:47:24,7.69,0.0,6,4614,卖盘
09:47:31,7.69,0.0,22,16918,卖盘
09:47:39,7.69,0.0,2,1538,卖盘
09:47:42,7.69,0.0,7,5383,卖盘
09:47:48,7.69,0.0,10,7690,卖盘
09:48:09,7.69,0.0,3,2307,卖盘
09:48:12,7.69,0.0,6,4614,卖盘
09:48:16,7.69,0.0,1,769,卖盘
09:48:36,7.69,0.0,5,3845,卖盘
09:48:42,7.69,0.0,50,38450,卖盘
09:48:45,7.69,0.0,128,98432,卖盘
09:48:48,7.69,0.0,1,769,卖盘
09:48:51,7.69,0.0,20,15380,卖盘
09:49:01,7.69,0.0,14,10766,卖盘
09:49:06,7.69,0.0,34,26146,卖盘
09:49:09,7.69,0.0,67,51523,卖盘
09:49:18,7.69,0.0,4,3076,卖盘
09:49:24,7.69,0.0,12,9228,卖盘
09:49:30,7.69,0.0,14,10766,卖盘
09:49:34,7.69,0.0,62,47678,卖盘
09:49:37,7.69,0.0,1,769,卖盘
09:49:42,7.69,0.0,10,7690,卖盘
09:49:51,7.69,0.0,5,3845,卖盘
09:49:54,7.69,0.0,25,19225,卖盘
09:49:57,7.69,0.0,2,1538,卖盘
09:50:01,7.69,0.0,3,2307,卖盘
09:50:03,7.69,0.0,19,14611,卖盘
09:50:09,7.69,0.0,19,14611,卖盘
09:50:15,7.69,0.0,83,63827,卖盘
09:50:27,7.69,0.0,78,59982,卖盘
09:50:30,7.69,0.0,11,8459,卖盘
09:50:37,7.69,0.0,12,9228,卖盘
09:50:39,7.69,0.0,3,2307,卖盘
09:50:42,7.69,0.0,35,26915,卖盘
09:50:54,7.69,0.0,19,14611,卖盘
09:51:15,7.69,0.0,40,30760,卖盘
09:51:24,7.69,0.0,10,7690,卖盘
09:52:00,7.69,0.0,2,1538,卖盘
09:52:06,7.69,0.0,5,3845,卖盘
09:52:33,7.69,0.0,4,3076,卖盘
09:52:39,7.69,0.0,5,3845,卖盘
09:52:51,7.69,0.0,14,10766,卖盘
09:52:57,7.69,0.0,79,60751,卖盘
09:53:12,7.69,0.0,130,99970,卖盘
09:53:15,7.69,0.0,88,67672,卖盘
09:53:48,7.69,0.0,15,11535,卖盘
09:53:51,7.69,0.0,15,11535,卖盘
09:53:57,7.69,0.0,2,1538,卖盘
09:54:00,7.69,0.0,17,13073,卖盘
09:54:12,7.69,0.0,97,74593,卖盘
09:54:18,7.69,0.0,56,43064,卖盘
09:54:27,7.69,0.0,4,3076,卖盘
09:54:33,7.69,0.0,222,170718,卖盘
09:54:42,7.69,0.0,35,26915,卖盘
09:54:45,7.69,0.0,20,15380,卖盘
09:54:55,7.69,0.0,20,15380,卖盘
09:54:57,7.69,0.0,2,1538,卖盘
09:55:03,7.69,0.0,39,29991,卖盘
09:55:13,7.69,0.0,2,1538,卖盘
09:55:18,7.69,0.0,23,17687,卖盘
09:55:24,7.69,0.0,61,46909,卖盘
09:55:45,7.69,0.0,2,1538,卖盘
09:56:03,7.69,0.0,12,9228,卖盘
09:56:09,7.69,0.0,3,2307,卖盘
09:56:40,7.69,0.0,12,9228,卖盘
09:56:46,7.69,0.0,20,15380,卖盘
09:56:54,7.69,0.0,412,316828,卖盘
09:56:58,7.69,0.0,100,76900,卖盘
09:57:06,7.69,0.0,10,7690,卖盘
09:57:28,7.69,0.0,46,35374,卖盘
09:57:33,7.69,0.0,16,12304,卖盘
09:57:45,7.69,0.0,2,1538,卖盘
09:58:25,7.69,0.0,2,1538,卖盘
09:58:28,7.69,0.0,3,2307,卖盘
09:58:30,7.69,0.0,717,551373,卖盘
09:58:42,7.69,0.0,5,3845,卖盘
09:58:52,7.69,0.0,1,769,卖盘
09:59:00,7.69,0.0,350,269150,卖盘
09:59:03,7.69,0.0,6,4614,卖盘
09:59:15,7.69,0.0,5,3845,卖盘
09:59:18,7.69,0.0,3,2307,卖盘
09:59:28,7.69,0.0,5,3845,卖盘
09:59:43,7.69,0.0,20,15380,卖盘
09:59:46,7.69,0.0,4,3076,卖盘
09:59:52,7.69,0.0,2,1538,卖盘
10:00:00,7.69,0.0,1,769,卖盘
10:00:18,7.69,0.0,40,30760,卖盘
10:00:30,7.69,0.0,26,19994,卖盘
10:00:36,7.69,0.0,161,123809,卖盘
10:00:39,7.69,0.0,10,7690,卖盘
10:00:58,7.69,0.0,25,19225,卖盘
10:01:07,7.69,0.0,23,17687,卖盘
10:01:09,7.69,0.0,2,1538,卖盘
10:01:13,7.69,0.0,50,38450,卖盘
10:01:18,7.69,0.0,430,330670,卖盘
10:01:21,7.69,0.0,5,3845,卖盘
10:01:45,7.69,0.0,15,11535,卖盘
10:02:31,7.69,0.0,10,7690,卖盘
10:02:33,7.69,0.0,16,12304,卖盘
10:02:42,7.69,0.0,14,10766,卖盘
10:02:48,7.69,0.0,4,3076,卖盘
10:02:51,7.69,0.0,2,1538,卖盘
10:02:55,7.69,0.0,4,3076,卖盘
10:03:03,7.69,0.0,3,2307,卖盘
10:03:09,7.69,0.0,10,7690,卖盘
10:03:12,7.69,0.0,2,1538,卖盘
10:03:16,7.69,0.0,49,37681,卖盘
10:03:19,7.69,0.0,5,3845,卖盘
10:03:21,7.69,0.0,234,179946,卖盘
10:03:27,7.69,0.0,117,89973,卖盘
10:03:33,7.69,0.0,20,15380,卖盘
10:03:49,7.69,0.0,10,7690,卖盘
10:03:52,7.69,0.0,2,1538,卖盘
10:03:57,7.69,0.0,1,769,卖盘
10:04:07,7.69,0.0,22,16918,卖盘
10:04:10,7.69,0.0,237,182253,卖盘
10:04:15,7.69,0.0,6,4614,卖盘
10:04:19,7.69,0.0,8,6152,卖盘
10:04:25,7.69,0.0,9,6921,卖盘
10:04:28,7.69,0.0,5,3845,卖盘
10:04:34,7.69,0.0,14,10766,卖盘
10:04:40,7.69,0.0,12,9228,卖盘
10:04:46,7.69,0.0,7,5383,卖盘
10:04:52,7.69,0.0,1,769,卖盘
10:04:57,7.69,0.0,105,80745,卖盘
10:05:07,7.69,0.0,38,29222,卖盘
10:05:16,7.69,0.0,20,15380,卖盘
10:05:24,7.69,0.0,6,4614,卖盘
10:05:36,7.69,0.0,30,23070,卖盘
10:05:48,7.69,0.0,10,7690,卖盘
10:05:51,7.69,0.0,10,7690,卖盘
10:06:30,7.69,0.0,98,75362,卖盘
10:06:39,7.69,0.0,3,2307,卖盘
10:06:54,7.69,0.0,2,1538,卖盘
10:07:18,7.69,0.0,10,7690,卖盘
10:07:31,7.69,0.0,2,1538,卖盘
10:07:33,7.69,0.0,6,4614,卖盘
10:07:39,7.69,0.0,2,1538,卖盘
10:08:03,7.69,0.0,30,23070,卖盘
10:08:24,7.69,0.0,46,35374,卖盘
10:08:27,7.69,0.0,1,769,卖盘
10:08:45,7.69,0.0,3,2307,卖盘
10:09:13,7.69,0.0,44,33836,卖盘
10:09:25,7.69,0.0,62,47678,卖盘
10:09:39,7.69,0.0,50,38450,卖盘
10:09:51,7.69,0.0,2,1538,卖盘
10:10:27,7.69,0.0,9,6921,卖盘
10:10:33,7.69,0.0,15,11535,卖盘
10:10:42,7.69,0.0,2,1538,卖盘
10:11:21,7.69,0.0,1,769,卖盘
10:11:31,7.69,0.0,36,27684,卖盘
10:11:42,7.69,0.0,1,769,卖盘
10:11:46,7.69,0.0,13,9997,卖盘
10:13:00,7.69,0.0,6,4614,卖盘
10:13:09,7.69,0.0,10,7690,卖盘
10:13:37,7.69,0.0,7,5383,卖盘
10:13:39,7.69,0.0,1,769,卖盘
10:13:43,7.69,0.0,10,7690,卖盘
10:14:36,7.69,0.0,24,18456,卖盘
10:14:57,7.69,0.0,15,11535,卖盘
10:15:18,7.69,0.0,5,3845,卖盘
10:15:22,7.69,0.0,10,7690,卖盘
10:15:24,7.69,0.0,84,64596,卖盘
10:15:52,7.69,0.0,50,38450,卖盘
10:16:09,7.69,0.0,35,26915,卖盘
10:16:13,7.69,0.0,20,15380,卖盘
10:16:18,7.69,0.0,10,7690,卖盘
10:16:33,7.69,0.0,3,2307,卖盘
10:16:57,7.69,0.0,2,1538,卖盘
10:17:00,7.69,0.0,200,153800,卖盘
10:17:45,7.69,0.0,2,1538,卖盘
10:17:54,7.69,0.0,15,11535,卖盘
10:18:04,7.69,0.0,1,769,卖盘
10:18:12,7.69,0.0,10,7690,卖盘
10:18:39,7.69,0.0,1,769,卖盘
10:18:58,7.69,0.0,15,11535,卖盘
10:19:00,7.69,0.0,20,15380,卖盘
10:19:21,7.69,0.0,6,4614,卖盘
10:19:28,7.69,0.0,1,769,卖盘
10:19:33,7.69,0.0,1,769,卖盘
10:19:36,7.69,0.0,93,71517,卖盘
10:19:39,7.69,0.0,15,11535,卖盘
10:19:51,7.69,0.0,1,769,卖盘
10:20:15,7.69,0.0,22,16918,卖盘
10:20:18,7.69,0.0,1,769,卖盘
10:20:24,7.69,0.0,13,9997,卖盘
10:20:30,7.69,0.0,10,7690,卖盘
10:20:39,7.69,0.0,10,7690,卖盘
10:21:03,7.69,0.0,1,769,卖盘
10:21:25,7.69,0.0,50,38450,卖盘
10:21:33,7.69,0.0,14,10766,卖盘
10:21:45,7.69,0.0,50,38450,卖盘
10:21:48,7.69,0.0,1,769,卖盘
10:21:57,7.69,0.0,35,26915,卖盘
10:22:27,7.69,0.0,3,2307,卖盘
10:22:39,7.69,0.0,4,3076,卖盘
10:22:45,7.69,0.0,6,4614,卖盘
10:22:52,7.69,0.0,6,4614,卖盘
10:23:24,7.69,0.0,30,23070,卖盘
10:23:45,7.69,0.0,50,38450,卖盘
10:23:48,7.69,0.0,3,2307,卖盘
10:24:01,7.69,0.0,2,1538,卖盘
10:24:22,7.69,0.0,1,769,卖盘
10:24:57,7.69,0.0,83,63827,卖盘
10:25:12,7.69,0.0,6,4614,卖盘
10:25:27,7.69,0.0,24,18456,卖盘
10:26:04,7.69,0.0,5,3845,卖盘
10:26:09,7.69,0.0,25,19225,卖盘
10:26:15,7.69,0.0,2,1538,卖盘
10:26:39,7.69,0.0,59,45371,卖盘
10:26:55,7.69,0.0,15,11535,卖盘
10:27:01,7.69,0.0,5,3845,卖盘
10:27:33,7.69,0.0,69,53061,卖盘
10:27:51,7.69,0.0,2,1538,卖盘
10:27:54,7.69,0.0,7,5383,卖盘
10:27:57,7.69,0.0,3,2307,卖盘
10:28:07,7.69,0.0,8,6152,卖盘
10:28:13,7.69,0.0,41,31529,卖盘
10:28:22,7.69,0.0,5,3845,卖盘
10:28:39,7.69,0.0,6,4614,卖盘
10:28:54,7.69,0.0,10,7690,卖盘
10:29:00,7.69,0.0,52,39988,卖盘
10:29:12,7.69,0.0,16,12304,卖盘
10:29:15,7.69,0.0,20,15380,卖盘
10:29:21,7.69,0.0,10,7690,卖盘
10:29:30,7.69,0.0,55,42295,卖盘
10:29:45,7.69,0.0,10,7690,卖盘
10:30:21,7.69,0.0,10,7690,卖盘
10:30:27,7.69,0.0,15,11535,卖盘
10:30:30,7.69,0.0,1,769,卖盘
10:30:33,7.69,0.0,3,2307,卖盘
10:30:40,7.69,0.0,13,9997,卖盘
10:30:51,7.69,0.0,22,16918,卖盘
10:30:57,7.69,0.0,20,15380,卖盘
10:31:01,7.69,0.0,15,11535,卖盘
10:31:06,7.69,0.0,5,3845,卖盘
10:31:18,7.69,0.0,2687,2066303,卖盘
10:31:24,7.69,0.0,2,1538,卖盘
10:31:27,7.69,0.0,18,13842,卖盘
10:31:33,7.69,0.0,100,76900,卖盘
10:31:40,7.69,0.0,1374,1056606,卖盘
10:31:42,7.69,0.0,560,430640,卖盘
10:31:45,7.69,0.0,1073,825137,卖盘
10:31:48,7.69,0.0,770,592130,卖盘
10:31:51,7.69,0.0,115,88435,卖盘
10:31:55,7.69,0.0,40,30760,卖盘
10:31:57,7.69,0.0,480,369120,卖盘
10:32:00,7.69,0.0,960,738240,卖盘
10:32:04,7.69,0.0,880,676720,卖盘
10:32:06,7.69,0.0,860,661340,卖盘
10:32:10,7.69,0.0,48,36912,卖盘
10:32:13,7.69,0.0,980,753620,卖盘
10:32:15,7.69,0.0,100,76900,卖盘
10:32:18,7.69,0.0,531,408339,卖盘
10:32:21,7.69,0.0,320,246080,卖盘
10:32:24,7.69,0.0,67,51523,卖盘
10:32:30,7.69,0.0,120,92280,卖盘
10:32:34,7.69,0.0,160,123040,卖盘
10:32:36,7.69,0.0,53,40757,卖盘
10:32:39,7.69,0.0,243,186867,卖盘
10:32:42,7.69,0.0,9,6921,卖盘
10:32:54,7.69,0.0,6,4614,卖盘
10:32:57,7.69,0.0,30,23070,卖盘
10:33:06,7.69,0.0,12,9228,卖盘
10:33:09,7.69,0.0,10,7690,卖盘
10:33:12,7.69,0.0,216,166104,卖盘
10:33:21,7.69,0.0,5,3845,卖盘
10:33:25,7.69,0.0,25,19225,卖盘
10:33:27,7.69,0.0,66,50754,卖盘
10:33:31,7.69,0.0,8,6152,卖盘
10:33:33,7.69,0.0,61,46909,卖盘
10:33:36,7.69,0.0,98,75362,卖盘
10:33:45,7.69,0.0,40,30760,卖盘
10:33:49,7.69,0.0,20,15380,卖盘
10:33:52,7.69,0.0,500,384500,卖盘
10:33:55,7.69,0.0,112,86128,卖盘
10:34:00,7.69,0.0,100,76900,卖盘
10:34:03,7.69,0.0,40,30760,卖盘
10:34:06,7.69,0.0,16,12304,卖盘
10:34:09,7.69,0.0,20,15380,卖盘
10:34:15,7.69,0.0,142,109198,卖盘
10:34:24,7.69,0.0,340,261460,卖盘
10:34:30,7.69,0.0,100,76900,卖盘
10:34:39,7.69,0.0,2,1538,卖盘
10:34:46,7.69,0.0,6,4614,卖盘
10:34:54,7.69,0.0,30,23070,卖盘
10:34:57,7.69,0.0,2,1538,卖盘
10:35:04,7.69,0.0,20,15380,卖盘
10:35:09,7.69,0.0,100,76900,卖盘
10:35:12,7.69,0.0,50,38450,卖盘
10:35:24,7.69,0.0,15,11535,卖盘
10:35:27,7.69,0.0,50,38450,卖盘
10:36:06,7.69,0.0,23,17687,卖盘
10:36:18,7.69,0.0,50,38450,卖盘
10:36:30,7.69,0.0,8,6152,卖盘
10:36:42,7.69,0.0,1,769,卖盘
10:36:45,7.69,0.0,20,15380,卖盘
10:36:48,7.69,0.0,2,1538,卖盘
10:37:00,7.69,0.0,55,42295,卖盘
10:37:12,7.69,0.0,13,9997,卖盘
10:37:30,7.69,0.0,44,33836,卖盘
10:37:37,7.69,0.0,10,7690,卖盘
10:37:45,7.69,0.0,9,6921,卖盘
10:38:06,7.69,0.0,15,11535,卖盘
10:38:10,7.69,0.0,29,22301,卖盘
10:38:18,7.69,0.0,2,1538,卖盘
10:38:22,7.69,0.0,187,143803,卖盘
10:38:27,7.69,0.0,2,1538,卖盘
10:38:33,7.69,0.0,6,4614,卖盘
10:38:46,7.69,0.0,10,7690,卖盘
10:38:48,7.69,0.0,30,23070,卖盘
10:38:51,7.69,0.0,165,126885,卖盘
10:38:54,7.69,0.0,58,44602,卖盘
10:38:57,7.69,0.0,27,20763,卖盘
10:39:00,7.69,0.0,628,482932,卖盘
10:39:06,7.69,0.0,38,29222,卖盘
10:39:09,7.69,0.0,1,769,卖盘
10:39:21,7.69,0.0,1052,808988,卖盘
10:39:33,7.69,0.0,1,769,卖盘
10:39:39,7.69,0.0,20,15380,卖盘
10:39:42,7.69,0.0,2,1538,卖盘
10:39:48,7.69,0.0,5,3845,卖盘
10:40:04,7.69,0.0,20,15380,卖盘
10:40:16,7.69,0.0,20,15380,卖盘
10:40:30,7.69,0.0,583,448327,卖盘
10:40:43,7.69,0.0,80,61520,卖盘
10:40:45,7.69,0.0,100,76900,卖盘
10:40:51,7.69,0.0,4,3076,卖盘
10:40:54,7.69,0.0,5,3845,卖盘
10:41:01,7.69,0.0,200,153800,卖盘
10:41:06,7.69,0.0,125,96125,卖盘
10:41:18,7.69,0.0,25,19225,卖盘
10:41:21,7.69,0.0,200,153800,卖盘
10:41:24,7.69,0.0,20,15380,卖盘
10:41:31,7.69,0.0,50,38450,卖盘
10:41:33,7.69,0.0,589,452941,卖盘
10:41:37,7.69,0.0,9,6921,卖盘
10:41:48,7.69,0.0,2529,1944801,卖盘
10:41:51,7.69,0.0,207,159183,卖盘
10:41:54,7.69,0.0,28,21532,卖盘
10:41:57,7.69,0.0,2,1538,卖盘
10:42:00,7.69,0.0,60,46140,卖盘
10:42:04,7.69,0.0,44,33836,卖盘
10:42:06,7.69,0.0,410,315290,卖盘
10:42:10,7.69,0.0,10,7690,卖盘
10:42:18,7.69,0.0,5,3845,卖盘
10:42:22,7.69,0.0,1,769,卖盘
10:42:24,7.69,0.0,2,1538,卖盘
10:42:33,7.69,0.0,57,43833,卖盘
10:42:36,7.69,0.0,212,163028,卖盘
10:42:39,7.69,0.0,10,7690,卖盘
10:42:43,7.69,0.0,3,2307,卖盘
10:42:46,7.69,0.0,12,9228,卖盘
10:42:48,7.69,0.0,70,53830,卖盘
10:42:55,7.69,0.0,76,58444,卖盘
10:42:57,7.69,0.0,8,6152,卖盘
10:43:12,7.69,0.0,1,769,卖盘
10:43:21,7.69,0.0,3,2307,卖盘
10:43:30,7.69,0.0,300,230700,卖盘
10:43:43,7.69,0.0,20,15380,卖盘
10:43:54,7.69,0.0,30,23070,卖盘
10:44:10,7.69,0.0,287,220703,卖盘
10:44:24,7.69,0.0,5,3845,卖盘
10:44:31,7.69,0.0,10,7690,卖盘
10:45:55,7.69,0.0,6,4614,卖盘
10:45:57,7.69,0.0,1,769,卖盘
10:46:06,7.69,0.0,10,7690,卖盘
10:46:15,7.69,0.0,8,6152,卖盘
10:46:19,7.69,0.0,6,4614,卖盘
10:46:21,7.69,0.0,1,769,卖盘
10:46:30,7.69,0.0,150,115350,卖盘
10:47:13,7.69,0.0,4,3076,卖盘
10:47:18,7.69,0.0,8,6152,卖盘
10:47:21,7.69,0.0,53,40757,卖盘
10:47:30,7.69,0.0,100,76900,卖盘
10:47:46,7.69,0.0,6,4614,卖盘
10:47:48,7.69,0.0,10,7690,卖盘
10:48:30,7.69,0.0,13,9997,卖盘
10:48:51,7.69,0.0,34,26146,卖盘
10:49:07,7.69,0.0,2,1538,卖盘
10:49:13,7.69,0.0,1,769,卖盘
10:49:15,7.69,0.0,10,7690,卖盘
10:49:19,7.69,0.0,81,62289,卖盘
10:49:33,7.69,0.0,10,7690,卖盘
10:49:51,7.69,0.0,46,35374,卖盘
10:50:00,7.69,0.0,6,4614,卖盘
10:50:25,7.69,0.0,66,50754,卖盘
10:51:21,7.69,0.0,22,16918,卖盘
10:51:31,7.69,0.0,30,23070,卖盘
10:51:45,7.69,0.0,10,7690,卖盘
10:52:12,7.69,0.0,12,9228,卖盘
10:52:15,7.69,0.0,10,7690,卖盘
10:52:24,7.69,0.0,50,38450,卖盘
10:52:39,7.69,0.0,2,1538,卖盘
10:52:45,7.69,0.0,4,3076,卖盘
10:52:54,7.69,0.0,2,1538,卖盘
10:53:06,7.69,0.0,3,2307,卖盘
10:53:27,7.69,0.0,17,13073,卖盘
10:53:48,7.69,0.0,13,9997,卖盘
10:53:52,7.69,0.0,6,4614,卖盘
10:54:06,7.69,0.0,2,1538,卖盘
10:54:21,7.69,0.0,5,3845,卖盘
10:54:42,7.69,0.0,5,3845,卖盘
10:55:31,7.69,0.0,69,53061,卖盘
10:55:34,7.69,0.0,6,4614,卖盘
10:55:55,7.69,0.0,13,9997,卖盘
10:56:57,7.69,0.0,109,83821,卖盘
10:57:27,7.69,0.0,5,3845,卖盘
10:58:42,7.69,0.0,4,3076,卖盘
10:59:03,7.69,0.0,60,46140,卖盘
10:59:18,7.69,0.0,1,769,卖盘
10:59:48,7.69,0.0,1,769,卖盘
10:59:51,7.69,0.0,241,185329,卖盘
11:00:12,7.69,0.0,200,153800,卖盘
11:00:34,7.69,0.0,13,9997,卖盘
11:01:30,7.69,0.0,13,9997,卖盘
11:01:42,7.69,0.0,5,3845,卖盘
11:01:49,7.69,0.0,10,7690,卖盘
11:02:18,7.69,0.0,1,769,卖盘
11:02:22,7.69,0.0,88,67672,卖盘
11:02:58,7.69,0.0,78,59982,卖盘
11:03:36,7.69,0.0,2,1538,卖盘
11:03:48,7.69,0.0,10,7690,卖盘
11:03:51,7.69,0.0,98,75362,卖盘
11:03:54,7.69,0.0,50,38450,卖盘
11:03:57,7.69,0.0,106,81514,卖盘
11:04:10,7.69,0.0,210,161490,卖盘
11:04:31,7.69,0.0,10,7690,卖盘
11:04:43,7.69,0.0,1,769,卖盘
11:05:46,7.69,0.0,1,769,卖盘
11:06:03,7.69,0.0,1,769,卖盘
11:06:28,7.69,0.0,40,30760,卖盘
11:06:48,7.69,0.0,12,9228,卖盘
11:07:01,7.69,0.0,2,1538,卖盘
11:07:49,7.69,0.0,1,769,卖盘
11:08:22,7.69,0.0,4,3076,卖盘
11:08:49,7.69,0.0,40,30760,卖盘
11:08:51,7.69,0.0,3,2307,卖盘
11:09:03,7.69,0.0,1,769,卖盘
11:09:22,7.69,0.0,10,7690,卖盘
11:09:55,7.69,0.0,30,23070,卖盘
11:10:31,7.69,0.0,183,140727,卖盘
11:10:51,7.69,0.0,100,76900,卖盘
11:10:57,7.69,0.0,10,7690,卖盘
11:11:04,7.69,0.0,62,47678,卖盘
11:11:57,7.69,0.0,103,79207,卖盘
11:12:27,7.69,0.0,500,384500,卖盘
11:12:42,7.69,0.0,17,13073,卖盘
11:12:49,7.69,0.0,2,1538,卖盘
11:12:54,7.69,0.0,94,72286,卖盘
11:13:24,7.69,0.0,1,769,卖盘
11:13:54,7.69,0.0,2,1538,卖盘
11:14:13,7.69,0.0,50,38450,卖盘
11:14:30,7.69,0.0,2,1538,卖盘
11:14:39,7.69,0.0,10,7690,卖盘
11:16:03,7.69,0.0,5,3845,卖盘
11:17:21,7.69,0.0,1,769,卖盘
11:17:39,7.69,0.0,10,7690,卖盘
11:18:33,7.69,0.0,16,12304,卖盘
11:19:04,7.69,0.0,110,84590,卖盘
11:19:54,7.69,0.0,6,4614,卖盘
11:20:51,7.69,0.0,1,769,卖盘
11:22:39,7.69,0.0,12,9228,卖盘
11:23:24,7.69,0.0,5,3845,卖盘
11:25:09,7.69,0.0,3,2307,卖盘
11:25:18,7.69,0.0,1,769,卖盘
11:25:36,7.69,0.0,1,769,卖盘
11:26:49,7.69,0.0,58,44602,卖盘
11:27:45,7.69,0.0,21,16149,卖盘
11:28:09,7.69,0.0,23,17687,卖盘
11:28:37,7.69,0.0,2,1538,卖盘
11:28:57,7.69,0.0,2,1538,卖盘
13:00:03,7.69,0.0,471,362199,卖盘
13:00:06,7.69,0.0,131,100739,卖盘
13:00:10,7.69,0.0,413,317597,卖盘
13:00:13,7.69,0.0,2,1538,卖盘
13:00:27,7.69,0.0,282,216858,卖盘
13:00:30,7.69,0.0,1,769,卖盘
13:01:04,7.69,0.0,18,13842,卖盘
13:01:34,7.69,0.0,61,46909,卖盘
13:02:06,7.69,0.0,10,7690,卖盘
13:02:30,7.69,0.0,9,6921,卖盘
13:03:18,7.69,0.0,17,13073,卖盘
13:03:42,7.69,0.0,50,38450,卖盘
13:03:57,7.69,0.0,50,38450,卖盘
13:05:01,7.69,0.0,25,19225,卖盘
13:05:21,7.69,0.0,7,5383,卖盘
13:05:30,7.69,0.0,94,72286,卖盘
13:05:40,7.69,0.0,1900,1461100,卖盘
13:05:45,7.69,0.0,5,3845,卖盘
13:05:55,7.69,0.0,10,7690,卖盘
13:06:00,7.69,0.0,10,7690,卖盘
13:06:31,7.69,0.0,50,38450,卖盘
13:06:36,7.69,0.0,136,104584,卖盘
13:06:51,7.69,0.0,50,38450,卖盘
13:07:03,7.69,0.0,25,19225,卖盘
13:07:15,7.69,0.0,20,15380,卖盘
13:07:22,7.69,0.0,14,10766,卖盘
13:07:27,7.69,0.0,1,769,卖盘
13:08:12,7.69,0.0,16,12304,卖盘
13:08:25,7.69,0.0,5,3845,卖盘
13:08:49,7.69,0.0,10,7690,卖盘
13:08:52,7.69,0.0,10,7690,卖盘
13:09:09,7.69,0.0,20,15380,卖盘
13:09:33,7.69,0.0,3,2307,卖盘
13:09:45,7.69,0.0,3,2307,卖盘
13:10:12,7.69,0.0,10,7690,卖盘
13:10:18,7.69,0.0,147,113043,卖盘
13:10:24,7.69,0.0,400,307600,卖盘
13:10:27,7.69,0.0,4,3076,卖盘
13:10:45,7.69,0.0,20,15380,卖盘
13:10:57,7.69,0.0,5,3845,卖盘
13:11:37,7.69,0.0,35,26915,卖盘
13:11:46,7.69,0.0,4,3076,卖盘
13:12:27,7.69,0.0,74,56906,卖盘
13:13:07,7.69,0.0,55,42295,卖盘
13:13:12,7.69,0.0,100,76900,卖盘
13:13:15,7.69,0.0,20,15380,卖盘
13:13:33,7.69,0.0,50,38450,卖盘
13:13:40,7.69,0.0,35,26915,卖盘
13:13:51,7.69,0.0,78,59982,卖盘
13:15:07,7.69,0.0,10,7690,卖盘
13:15:21,7.69,0.0,2,1538,卖盘
13:15:36,7.69,0.0,17,13073,卖盘
13:15:49,7.69,0.0,32,24608,卖盘
13:16:00,7.69,0.0,15,11535,卖盘
13:16:12,7.69,0.0,15,11535,卖盘
13:16:16,7.69,0.0,50,38450,卖盘
13:16:21,7.69,0.0,33,25377,卖盘
13:16:39,7.69,0.0,84,64596,卖盘
13:16:42,7.69,0.0,5,3845,卖盘
13:16:54,7.69,0.0,100,76900,卖盘
13:17:24,7.69,0.0,125,96125,卖盘
13:17:42,7.69,0.0,73,55983,卖盘
13:17:55,7.69,0.0,22,16918,卖盘
13:18:00,7.69,0.0,12,9228,卖盘
13:18:24,7.69,0.0,1,769,卖盘
13:18:57,7.69,0.0,3,2307,卖盘
13:19:09,7.69,0.0,104,79976,卖盘
13:20:16,7.69,0.0,10,7690,卖盘
13:20:33,7.69,0.0,15,11535,卖盘
13:20:40,7.69,0.0,8,6152,卖盘
13:21:07,7.69,0.0,1,769,卖盘
13:21:24,7.69,0.0,1,769,卖盘
13:21:42,7.69,0.0,10,7690,卖盘
13:22:27,7.69,0.0,5,3845,卖盘
13:22:51,7.69,0.0,50,38450,卖盘
13:23:24,7.69,0.0,151,116119,卖盘
13:23:30,7.69,0.0,3,2307,卖盘
13:24:21,7.69,0.0,100,76900,卖盘
13:25:07,7.69,0.0,2,1538,卖盘
13:25:39,7.69,0.0,2,1538,卖盘
13:26:03,7.69,0.0,28,21532,卖盘
13:26:24,7.69,0.0,4,3076,卖盘
13:28:12,7.69,0.0,20,15380,卖盘
13:28:27,7.69,0.0,8,6152,卖盘
13:28:31,7.69,0.0,9,6921,卖盘
13:28:36,7.69,0.0,10,7690,卖盘
13:29:06,7.69,0.0,25,19225,卖盘
13:29:45,7.69,0.0,4,3076,卖盘
13:30:07,7.69,0.0,5,3845,卖盘
13:30:24,7.69,0.0,10,7690,卖盘
13:30:30,7.69,0.0,3,2307,卖盘
13:30:36,7.69,0.0,3,2307,卖盘
13:30:51,7.69,0.0,50,38450,卖盘
13:31:03,7.69,0.0,10,7690,卖盘
13:31:16,7.69,0.0,2,1538,卖盘
13:31:33,7.69,0.0,20,15380,卖盘
13:31:48,7.69,0.0,4,3076,卖盘
13:31:57,7.69,0.0,72,55368,卖盘
13:32:18,7.69,0.0,3,2307,卖盘
13:32:21,7.69,0.0,1,769,卖盘
13:32:51,7.69,0.0,1,769,卖盘
13:33:27,7.69,0.0,100,76900,卖盘
13:33:36,7.69,0.0,2,1538,卖盘
13:34:30,7.69,0.0,46,35374,卖盘
13:34:33,7.69,0.0,5,3845,卖盘
13:34:43,7.69,0.0,5,3845,卖盘
13:35:06,7.69,0.0,148,113812,卖盘
13:35:37,7.69,0.0,1,769,卖盘
13:35:57,7.69,0.0,40,30760,卖盘
13:37:25,7.69,0.0,5,3845,卖盘
13:37:31,7.69,0.0,7,5383,卖盘
13:37:33,7.69,0.0,50,38450,卖盘
13:37:42,7.69,0.0,20,15380,卖盘
13:37:48,7.69,0.0,1,769,卖盘
13:38:01,7.69,0.0,5,3845,卖盘
13:38:18,7.69,0.0,10,7690,卖盘
13:40:21,7.69,0.0,30,23070,卖盘
13:41:24,7.69,0.0,150,115350,卖盘
13:41:40,7.69,0.0,5,3845,卖盘
13:42:18,7.69,0.0,18,13842,卖盘
13:42:49,7.69,0.0,100,76900,卖盘
13:42:57,7.69,0.0,10,7690,卖盘
13:43:15,7.69,0.0,4,3076,卖盘
13:43:24,7.69,0.0,9,6921,卖盘
13:45:24,7.69,0.0,19,14611,卖盘
13:45:36,7.69,0.0,4,3076,卖盘
13:46:45,7.69,0.0,10,7690,卖盘
13:46:51,7.69,0.0,2,1538,卖盘
13:49:03,7.69,0.0,76,58444,卖盘
13:50:49,7.69,0.0,1,769,卖盘
13:51:49,7.69,0.0,2,1538,卖盘
13:53:51,7.69,0.0,5,3845,卖盘
13:55:25,7.69,0.0,25,19225,卖盘
13:56:12,7.69,0.0,20,15380,卖盘
13:56:25,7.69,0.0,20,15380,卖盘
13:57:04,7.69,0.0,46,35374,卖盘
13:57:06,7.69,0.0,2,1538,卖盘
13:57:12,7.69,0.0,50,38450,卖盘
13:58:04,7.69,0.0,1,769,卖盘
13:59:07,7.69,0.0,1,769,卖盘
13:59:12,7.69,0.0,2,1538,卖盘
14:00:19,7.69,0.0,1,769,卖盘
14:00:40,7.69,0.0,2,1538,卖盘
14:01:15,7.69,0.0,50,38450,卖盘
14:01:43,7.69,0.0,8,6152,卖盘
14:02:13,7.69,0.0,10,7690,卖盘
14:02:21,7.69,0.0,5,3845,卖盘
14:02:43,7.69,0.0,1,769,卖盘
14:02:51,7.69,0.0,3,2307,卖盘
14:04:19,7.69,0.0,249,191481,卖盘
14:05:09,7.69,0.0,10,7690,卖盘
14:05:45,7.69,0.0,3,2307,卖盘
14:05:48,7.69,0.0,13,9997,卖盘
14:05:55,7.69,0.0,1,769,卖盘
14:06:24,7.69,0.0,15,11535,卖盘
14:10:09,7.69,0.0,14,10766,卖盘
14:12:58,7.69,0.0,1,769,卖盘
14:14:48,7.69,0.0,1,769,卖盘
14:15:12,7.69,0.0,22,16918,卖盘
14:15:24,7.69,0.0,9,6921,卖盘
14:15:54,7.69,0.0,1,769,卖盘
14:16:18,7.69,0.0,10,7690,卖盘
14:16:33,7.69,0.0,15,11535,卖盘
14:18:12,7.69,0.0,104,79976,卖盘
14:19:36,7.69,0.0,100,76900,卖盘
14:19:46,7.69,0.0,2,1799,卖盘
14:20:00,7.69,0.0,37,28453,卖盘
14:20:30,7.69,0.0,20,15380,卖盘
14:22:07,7.69,0.0,5,3845,卖盘
14:22:33,7.69,0.0,39,29991,卖盘
14:22:37,7.69,0.0,12,9228,卖盘
14:23:31,7.69,0.0,5,3845,卖盘
14:23:33,7.69,0.0,20,15380,卖盘
14:24:19,7.69,0.0,6,4614,卖盘
14:26:57,7.69,0.0,10,7690,卖盘
14:27:19,7.69,0.0,30,23070,卖盘
14:27:39,7.69,0.0,10,7690,卖盘
14:29:27,7.69,0.0,35,26915,卖盘
14:29:45,7.69,0.0,10,7690,卖盘
14:30:30,7.69,0.0,2,1538,卖盘
14:33:03,7.69,0.0,10,7690,卖盘
14:33:55,7.69,0.0,5,3845,卖盘
14:33:57,7.69,0.0,1,769,卖盘
14:34:21,7.69,0.0,51,39219,卖盘
14:34:45,7.69,0.0,2,1538,卖盘
14:35:54,7.69,0.0,10,7690,卖盘
14:36:21,7.69,0.0,5,3845,卖盘
14:37:24,7.69,0.0,5,3845,卖盘
14:37:33,7.69,0.0,10,7690,卖盘
14:37:55,7.69,0.0,11,8459,卖盘
14:38:24,7.69,0.0,13,9997,卖盘
14:38:51,7.69,0.0,58,44602,卖盘
14:38:57,7.69,0.0,10,7690,卖盘
14:39:42,7.69,0.0,15,11535,卖盘
14:40:27,7.69,0.0,12,9228,卖盘
14:40:42,7.69,0.0,15,11535,卖盘
14:41:45,7.69,0.0,10,7690,卖盘
14:42:27,7.69,0.0,3,2307,卖盘
14:42:36,7.69,0.0,143,109967,卖盘
14:42:57,7.69,0.0,2,1538,卖盘
14:43:12,7.69,0.0,7,5383,卖盘
14:43:18,7.69,0.0,5,3845,卖盘
14:43:48,7.69,0.0,5,3845,卖盘
14:45:42,7.69,0.0,24,18456,卖盘
14:45:51,7.69,0.0,1,769,卖盘
14:46:18,7.69,0.0,1,769,卖盘
14:46:52,7.69,0.0,1,769,卖盘
14:46:55,7.69,0.0,11,8459,卖盘
14:46:57,7.69,0.0,3,2307,卖盘
14:48:12,7.69,0.0,33,25377,卖盘
14:48:15,7.69,0.0,3,2307,卖盘
14:49:00,7.69,0.0,1,769,卖盘
14:49:04,7.69,0.0,2,1538,卖盘
14:49:36,7.69,0.0,10,7690,卖盘
14:50:06,7.69,0.0,2,1538,卖盘
14:50:36,7.69,0.0,7,5383,卖盘
14:50:45,7.69,0.0,25,19225,卖盘
14:52:10,7.69,0.0,22,16918,卖盘
14:53:06,7.69,0.0,26,19994,卖盘
14:53:18,7.69,0.0,11,8459,卖盘
14:53:55,7.69,0.0,38,29222,卖盘
14:54:06,7.69,0.0,1,769,卖盘
14:55:24,7.69,0.0,2,1538,卖盘
14:55:45,7.69,0.0,56,43064,卖盘
14:55:49,7.69,0.0,44,33836,卖盘
14:56:03,7.69,0.0,1,769,卖盘
14:56:42,7.69,0.0,1,769,卖盘
14:57:00,7.69,0.0,1,769,卖盘
15:00:03,7.69,0.0,188,144572,卖盘
