成交时间,成交价格,价格变动,成交量,成交金额,性质
09:25:02,2.54,0.0,4020,1021080,卖盘
09:30:02,2.54,0.0,836,211724,买盘
09:30:05,2.54,0.0,1321,335612,买盘
09:30:08,2.55,0.01,941,239314,买盘
09:30:11,2.54,-0.01,713,181915,卖盘
09:30:14,2.56,0.02,1554,395321,买盘
09:30:17,2.55,-0.01,784,199257,中性盘
09:30:20,2.54,-0.01,256,65197,卖盘
09:30:23,2.54,0.0,277,70577,卖盘
09:30:26,2.55,0.01,290,73915,买盘
09:30:29,2.54,-0.01,958,243657,卖盘
09:30:32,2.54,0.0,2307,586182,卖盘
09:30:35,2.54,0.0,2554,649205,卖盘
09:30:38,2.54,0.0,336,85463,卖盘
09:30:41,2.54,0.0,1423,361881,买盘
09:30:44,2.55,0.01,937,238476,买盘
09:30:47,2.54,-0.01,451,114864,卖盘
09:30:50,2.54,0.0,221,56301,卖盘
09:30:53,2.54,0.0,204,51988,卖盘
09:30:56,2.55,0.01,653,166460,买盘
09:30:59,2.55,0.0,206,52337,买盘
09:31:02,2.54,-0.01,651,165992,卖盘
09:31:05,2.55,0.01,807,205785,买盘
09:31:08,2.55,0.0,976,249806,卖盘
09:31:11,2.56,0.01,1017,260339,买盘
09:31:14,2.57,0.01,351,89927,买盘
09:31:17,2.57,0.0,77,19779,买盘
09:31:20,2.57,0.0,588,151106,买盘
09:31:23,2.58,0.01,547,140726,买盘
09:31:26,2.57,-0.01,197,50728,卖盘
09:31:29,2.58,0.01,346,89219,买盘
09:31:32,2.57,-0.01,2075,534250,卖盘
09:31:35,2.58,0.01,652,168215,买盘
09:31:38,2.58,0.0,87,22486,卖盘
09:31:41,2.59,0.01,596,154004,买盘
09:31:44,2.58,-0.01,433,111715,卖盘
09:31:47,2.58,0.0,695,179245,买盘
09:31:50,2.58,0.0,1711,441432,买盘
09:31:53,2.59,0.01,668,172308,买盘
09:31:56,2.58,-0.01,347,89576,卖盘
09:31:59,2.59,0.01,388,100357,买盘
09:32:02,2.58,-0.01,860,222581,卖盘
09:32:05,2.59,0.01,3482,899908,买盘
09:32:08,2.58,-0.01,1141,293817,买盘
09:32:11,2.57,-0.01,515,132738,卖盘
09:32:14,2.57,0.0,807,207557,卖盘
09:32:17,2.58,0.01,4500,1160578,买盘
09:32:20,2.58,0.0,571,147353,卖盘
09:32:23,2.58,0.0,142,36692,卖盘
09:32:26,2.58,0.0,41,10578,卖盘
09:32:29,2.58,0.0,308,79611,卖盘
09:32:32,2.59,0.01,427,110303,买盘
09:32:35,2.58,-0.01,2879,742658,卖盘
09:32:38,2.58,0.0,67,17286,买盘
09:32:41,2.57,-0.01,221,56953,卖盘
09:32:44,2.57,0.0,689,177619,卖盘
09:32:47,2.58,0.01,4575,1178593,买盘
09:32:50,2.59,0.01,393,101337,买盘
09:32:53,2.58,-0.01,377,97357,卖盘
09:32:56,2.58,0.0,59,15225,卖盘
09:32:59,2.59,0.01,1681,434165,买盘
09:33:02,2.58,-0.01,870,223995,中性盘
09:33:05,2.58,0.0,52,13416,买盘
09:33:08,2.57,-0.01,77,19789,卖盘
09:33:11,2.58,0.01,727,187566,买盘
09:33:14,2.59,0.01,5338,1383366,买盘
09:33:17,2.59,0.0,657,170076,买盘
09:33:20,2.58,-0.01,101,26087,卖盘
09:33:23,2.59,0.01,430,111385,卖盘
09:33:26,2.6,0.01,1867,485243,买盘
09:33:29,2.59,-0.01,1463,380339,卖盘
09:33:32,2.6,0.01,1031,268208,买盘
09:33:35,2.61,0.01,488,127058,买盘
09:33:38,2.62,0.01,1970,514346,买盘
09:33:41,2.62,0.0,60,15690,买盘
09:33:44,2.62,0.0,1091,285842,买盘
09:33:47,2.62,0.0,1810,474031,买盘
09:33:50,2.63,0.01,2276,598576,买盘
09:33:53,2.63,0.0,1029,271184,卖盘
09:33:56,2.65,0.02,3333,880095,买盘
09:33:59,2.67,0.02,7831,2077189,买盘
09:34:02,2.67,0.0,1709,457390,卖盘
09:34:05,2.68,0.01,3034,814427,买盘
09:34:08,2.67,-0.01,1573,422145,卖盘
09:34:11,2.68,0.01,657,176114,卖盘
09:34:14,2.7,0.02,820,220376,买盘
09:34:17,2.7,0.0,621,166893,买盘
09:34:20,2.7,0.0,1845,497135,买盘
09:34:23,2.7,0.0,2405,647693,买盘
09:34:26,2.68,-0.02,1560,420161,卖盘
09:34:29,2.71,0.03,3660,987493,买盘
09:34:32,2.7,-0.01,1706,460280,中性盘
09:34:35,2.7,0.0,1282,345172,买盘
09:34:38,2.7,0.0,2409,648758,卖盘
09:34:41,2.7,0.0,1591,429273,买盘
09:34:44,2.7,0.0,1171,316121,买盘
09:34:47,2.68,-0.02,1096,294722,卖盘
09:34:50,2.7,0.02,1075,289295,买盘
09:34:53,2.67,-0.03,1215,325708,卖盘
09:34:56,2.7,0.03,721,194409,买盘
09:34:59,2.68,-0.02,1496,400637,买盘
09:35:02,2.68,0.0,3754,1006711,买盘
09:35:05,2.69,0.01,1106,296664,买盘
09:35:08,2.68,-0.01,6628,1788709,卖盘
09:35:11,2.7,0.02,3554,960901,买盘
09:35:14,2.71,0.01,4275,1163889,中性盘
09:35:17,2.72,0.01,1213,331936,卖盘
09:35:20,2.74,0.02,1099,300310,买盘
09:35:23,2.74,0.0,1731,474702,买盘
09:35:26,2.75,0.01,2217,608476,买盘
09:35:29,2.77,0.02,16557,4576316,买盘
09:35:32,2.77,0.0,16895,4678995,买盘
09:35:35,2.77,0.0,3024,837648,卖盘
09:35:38,2.77,0.0,519,143763,卖盘
09:35:41,2.77,0.0,2513,696104,卖盘
09:35:44,2.77,0.0,1966,544582,卖盘
09:35:47,2.77,0.0,3208,888616,卖盘
09:35:50,2.77,0.0,9556,2647012,卖盘
09:35:53,2.77,0.0,3892,1078084,卖盘
09:35:56,2.77,0.0,7135,1976395,卖盘
09:35:59,2.77,0.0,5890,1631530,卖盘
09:36:02,2.77,0.0,2690,745130,卖盘
09:36:05,2.77,0.0,2953,817981,卖盘
09:36:08,2.77,0.0,14757,4087689,卖盘
09:36:11,2.76,-0.01,8079,2237373,卖盘
09:36:14,2.77,0.01,1356,374854,买盘
09:36:17,2.76,-0.01,1239,342384,卖盘
09:36:20,2.75,-0.01,1189,328005,卖盘
09:36:23,2.75,0.0,1883,517337,卖盘
09:36:26,2.75,0.0,1343,368595,买盘
09:36:29,2.74,-0.01,1835,503465,买盘
09:36:32,2.73,-0.01,778,212803,卖盘
09:36:35,2.74,0.01,1173,321023,买盘
09:36:38,2.73,-0.01,2258,618046,卖盘
09:36:41,2.74,0.01,646,176850,买盘
09:36:44,2.75,0.01,491,134558,买盘
09:36:47,2.74,-0.01,1779,488907,卖盘
09:36:50,2.74,0.0,1077,295611,卖盘
09:36:53,2.75,0.01,1746,479268,买盘
09:36:56,2.74,-0.01,1987,546860,卖盘
09:36:59,2.76,0.02,2206,608154,买盘
09:37:02,2.75,-0.01,1346,370836,卖盘
09:37:05,2.75,0.0,2676,738196,买盘
09:37:08,2.75,0.0,1017,279341,买盘
09:37:11,2.75,0.0,746,205097,买盘
09:37:14,2.76,0.01,602,165791,买盘
09:37:17,2.76,0.0,2093,576660,买盘
09:37:20,2.76,0.0,1386,382784,买盘
09:37:23,2.77,0.01,1542,426225,买盘
09:37:26,2.77,0.0,3075,851233,买盘
09:37:29,2.77,0.0,3247,898691,买盘
09:37:32,2.77,0.0,30320,8398279,买盘
09:37:35,2.77,0.0,8218,2276386,卖盘
09:37:38,2.77,0.0,1890,523530,卖盘
09:37:41,2.77,0.0,1074,297498,卖盘
09:37:44,2.77,0.0,1044,289188,卖盘
09:37:47,2.77,0.0,409,113293,卖盘
09:37:50,2.77,0.0,341,94457,卖盘
09:37:53,2.77,0.0,676,187252,卖盘
09:37:56,2.77,0.0,283,78391,卖盘
09:37:59,2.77,0.0,490,135730,卖盘
09:38:02,2.77,0.0,410,113570,卖盘
09:38:05,2.77,0.0,772,213844,卖盘
09:38:08,2.77,0.0,281,77837,卖盘
09:38:11,2.77,0.0,312,86424,卖盘
09:38:14,2.77,0.0,644,178388,卖盘
09:38:17,2.77,0.0,430,119110,卖盘
09:38:20,2.77,0.0,1993,552061,卖盘
09:38:23,2.77,0.0,131,36287,卖盘
09:38:26,2.77,0.0,1272,352344,卖盘
09:38:29,2.77,0.0,1565,433505,卖盘
09:38:32,2.77,0.0,120,33240,卖盘
09:38:35,2.77,0.0,448,124096,卖盘
09:38:38,2.77,0.0,462,127974,卖盘
09:38:41,2.77,0.0,1064,294728,卖盘
09:38:44,2.77,0.0,317,87809,卖盘
09:38:47,2.77,0.0,561,155397,卖盘
09:38:50,2.77,0.0,1390,385030,卖盘
09:38:53,2.77,0.0,2559,708843,卖盘
09:38:56,2.77,0.0,1784,494168,卖盘
09:38:59,2.77,0.0,4977,1378657,卖盘
09:39:02,2.77,0.0,1238,342926,卖盘
09:39:05,2.77,0.0,586,162322,卖盘
09:39:08,2.77,0.0,918,254286,卖盘
09:39:11,2.77,0.0,462,127974,卖盘
09:39:14,2.77,0.0,170,47090,卖盘
09:39:17,2.77,0.0,310,85870,卖盘
09:39:20,2.77,0.0,342,94734,卖盘
09:39:23,2.77,0.0,1784,494168,卖盘
09:39:26,2.77,0.0,695,192515,卖盘
09:39:29,2.77,0.0,435,120495,卖盘
09:39:32,2.77,0.0,225,62325,卖盘
09:39:35,2.77,0.0,478,132406,卖盘
09:39:38,2.77,0.0,104,28808,卖盘
09:39:41,2.77,0.0,230,63710,卖盘
09:39:44,2.77,0.0,505,139885,卖盘
09:39:47,2.77,0.0,1258,348466,卖盘
09:39:50,2.77,0.0,273,75621,卖盘
09:39:53,2.77,0.0,147,40719,卖盘
09:39:56,2.77,0.0,412,114124,卖盘
09:39:59,2.77,0.0,450,124650,卖盘
09:40:02,2.77,0.0,524,145148,卖盘
09:40:05,2.77,0.0,90,24930,卖盘
09:40:08,2.77,0.0,668,185036,卖盘
09:40:11,2.77,0.0,160,44320,卖盘
09:40:14,2.77,0.0,3173,878921,卖盘
09:40:17,2.77,0.0,330,91410,卖盘
09:40:20,2.77,0.0,2870,794990,卖盘
09:40:23,2.77,0.0,269,74513,卖盘
09:40:26,2.77,0.0,113,31301,卖盘
09:40:29,2.77,0.0,219,60663,卖盘
09:40:32,2.77,0.0,110,30470,卖盘
09:40:35,2.77,0.0,966,267582,卖盘
09:40:38,2.77,0.0,506,140162,卖盘
09:40:41,2.77,0.0,79,21883,卖盘
09:40:44,2.77,0.0,420,116340,卖盘
09:40:47,2.77,0.0,150,41550,卖盘
09:40:50,2.77,0.0,11,3047,卖盘
09:40:53,2.77,0.0,10,2770,卖盘
09:40:56,2.77,0.0,121,33517,卖盘
09:40:59,2.77,0.0,338,93626,卖盘
09:41:02,2.77,0.0,68,18836,卖盘
09:41:05,2.77,0.0,1112,308024,卖盘
09:41:08,2.77,0.0,80,22160,卖盘
09:41:11,2.77,0.0,53,14681,卖盘
09:41:14,2.77,0.0,117,32409,卖盘
09:41:17,2.77,0.0,21,5817,卖盘
09:41:20,2.77,0.0,40,11080,卖盘
09:41:23,2.77,0.0,414,114678,卖盘
09:41:26,2.77,0.0,114,31578,卖盘
09:41:29,2.77,0.0,100,27700,卖盘
09:41:32,2.77,0.0,63,17451,卖盘
09:41:35,2.77,0.0,50,13850,卖盘
09:41:38,2.77,0.0,12,3324,卖盘
09:41:41,2.77,0.0,314,86978,卖盘
09:41:44,2.77,0.0,115,31855,卖盘
09:41:47,2.77,0.0,18,4986,卖盘
09:41:50,2.77,0.0,62,17174,卖盘
09:41:53,2.77,0.0,62,17174,卖盘
09:41:56,2.77,0.0,1,277,卖盘
09:41:59,2.77,0.0,67,18559,卖盘
09:42:05,2.77,0.0,232,64264,卖盘
09:42:08,2.77,0.0,124,34348,卖盘
09:42:11,2.77,0.0,30,8310,卖盘
09:42:14,2.77,0.0,224,62048,卖盘
09:42:17,2.77,0.0,63,17451,卖盘
09:42:20,2.77,0.0,5,1385,卖盘
09:42:23,2.77,0.0,150,41550,卖盘
09:42:26,2.77,0.0,115,31855,卖盘
09:42:29,2.77,0.0,99,27423,卖盘
09:42:32,2.77,0.0,32,8864,卖盘
09:42:35,2.77,0.0,392,108584,卖盘
09:42:38,2.77,0.0,29,8033,卖盘
09:42:41,2.77,0.0,1338,370626,卖盘
09:42:44,2.77,0.0,211,58447,卖盘
09:42:47,2.77,0.0,243,67311,卖盘
09:42:50,2.77,0.0,170,47090,卖盘
09:42:53,2.77,0.0,40,11080,卖盘
09:42:56,2.77,0.0,7,1939,卖盘
09:42:59,2.77,0.0,481,133237,卖盘
09:43:02,2.77,0.0,34,9418,卖盘
09:43:08,2.77,0.0,30,8310,卖盘
09:43:11,2.77,0.0,55,15235,卖盘
09:43:14,2.77,0.0,65,18005,卖盘
09:43:17,2.77,0.0,60,16620,卖盘
09:43:20,2.77,0.0,114,31578,卖盘
09:43:23,2.77,0.0,50,13850,卖盘
09:43:26,2.77,0.0,756,209412,卖盘
09:43:29,2.77,0.0,188,52076,卖盘
09:43:32,2.77,0.0,26,7202,卖盘
09:43:35,2.77,0.0,1,277,卖盘
09:43:38,2.77,0.0,14,3878,卖盘
09:43:41,2.77,0.0,69,19113,卖盘
09:43:44,2.77,0.0,54,14958,卖盘
09:43:47,2.77,0.0,375,103875,卖盘
09:43:50,2.77,0.0,208,57616,卖盘
09:43:53,2.77,0.0,485,134345,卖盘
09:43:59,2.77,0.0,130,36010,卖盘
09:44:02,2.77,0.0,47,13019,卖盘
09:44:05,2.77,0.0,112,31024,卖盘
09:44:08,2.77,0.0,6,1662,卖盘
09:44:14,2.77,0.0,204,56508,卖盘
09:44:17,2.77,0.0,10,2770,卖盘
09:44:23,2.77,0.0,54,14958,卖盘
09:44:26,2.77,0.0,50,13850,卖盘
09:44:29,2.77,0.0,301,83377,卖盘
09:44:32,2.77,0.0,54,14958,卖盘
09:44:35,2.77,0.0,400,110800,卖盘
09:44:38,2.77,0.0,118,32686,卖盘
09:44:41,2.77,0.0,36,9972,卖盘
09:44:44,2.77,0.0,609,168693,卖盘
09:44:47,2.77,0.0,775,214675,卖盘
09:44:50,2.77,0.0,67,18559,卖盘
09:44:53,2.77,0.0,1188,329076,卖盘
09:44:59,2.77,0.0,15,4155,卖盘
09:45:02,2.77,0.0,20,5540,卖盘
09:45:05,2.77,0.0,94,26038,卖盘
09:45:08,2.77,0.0,148,40996,卖盘
09:45:11,2.77,0.0,1078,298606,卖盘
09:45:17,2.77,0.0,32,8864,卖盘
09:45:20,2.77,0.0,13,3601,卖盘
09:45:23,2.77,0.0,278,77006,卖盘
09:45:26,2.77,0.0,136,37672,卖盘
09:45:29,2.77,0.0,100,27700,卖盘
09:45:32,2.77,0.0,245,67865,卖盘
09:45:35,2.77,0.0,263,72851,卖盘
09:45:38,2.77,0.0,236,65372,卖盘
09:45:41,2.77,0.0,29,8033,卖盘
09:45:44,2.77,0.0,3,831,卖盘
09:45:47,2.77,0.0,25,6925,卖盘
09:45:50,2.77,0.0,56,15512,卖盘
09:45:53,2.77,0.0,101,27977,卖盘
09:45:56,2.77,0.0,10,2770,卖盘
09:45:59,2.77,0.0,98,27088,卖盘
09:46:02,2.77,0.0,103,28531,卖盘
09:46:05,2.77,0.0,332,91964,卖盘
09:46:08,2.77,0.0,500,138500,卖盘
09:46:11,2.77,0.0,2,554,卖盘
09:46:14,2.77,0.0,262,72574,卖盘
09:46:17,2.77,0.0,2502,693054,卖盘
09:46:20,2.77,0.0,500,138500,卖盘
09:46:23,2.77,0.0,210,58170,卖盘
09:46:26,2.77,0.0,343,95011,卖盘
09:46:29,2.77,0.0,781,216337,卖盘
09:46:32,2.77,0.0,2516,696932,卖盘
09:46:35,2.77,0.0,3180,880860,卖盘
09:46:38,2.77,0.0,13839,3833403,卖盘
09:46:41,2.77,0.0,4557,1262289,卖盘
09:46:44,2.77,0.0,3756,1040181,卖盘
09:46:47,2.75,-0.02,398,109837,卖盘
09:46:50,2.75,0.0,1003,275834,卖盘
09:46:53,2.75,0.0,1139,313530,卖盘
09:46:56,2.75,0.0,1401,384593,买盘
09:46:59,2.75,0.0,4807,1318703,买盘
09:47:02,2.75,0.0,1459,401072,中性盘
09:47:05,2.74,-0.01,1679,460243,卖盘
09:47:08,2.73,-0.01,129,35345,卖盘
09:47:11,2.73,0.0,414,113103,卖盘
09:47:14,2.74,0.01,702,191722,买盘
09:47:17,2.75,0.01,4662,1279281,买盘
09:47:20,2.75,0.0,621,169864,买盘
09:47:23,2.75,0.0,561,154524,买盘
09:47:26,2.77,0.02,1005,277967,买盘
09:47:29,2.75,-0.02,5514,1519127,卖盘
09:47:32,2.76,0.01,1232,339461,买盘
09:47:35,2.76,0.0,582,160564,买盘
09:47:38,2.76,0.0,564,155530,买盘
09:47:41,2.76,0.0,871,239964,买盘
09:47:44,2.76,0.0,1387,382386,买盘
09:47:47,2.76,0.0,700,193185,买盘
09:47:50,2.75,-0.01,1268,349760,卖盘
09:47:53,2.76,0.01,968,267010,买盘
09:47:56,2.77,0.01,2535,700227,买盘
09:47:59,2.75,-0.02,4255,1172418,卖盘
09:48:02,2.75,0.0,5302,1458023,买盘
09:48:05,2.76,0.01,443,121955,买盘
09:48:08,2.76,0.0,683,188255,买盘
09:48:11,2.74,-0.02,10871,2980062,卖盘
09:48:14,2.73,-0.01,3054,837070,卖盘
09:48:17,2.75,0.02,1336,367461,买盘
09:48:20,2.74,-0.01,4971,1366339,卖盘
09:48:23,2.73,-0.01,343,93685,卖盘
09:48:26,2.75,0.02,565,155282,买盘
09:48:29,2.74,-0.01,4683,1279610,卖盘
09:48:32,2.75,0.01,1151,315031,买盘
09:48:35,2.72,-0.03,4235,1153847,卖盘
09:48:38,2.71,-0.01,2017,546871,卖盘
09:48:41,2.71,0.0,281,76127,买盘
09:48:44,2.71,0.0,1352,366082,买盘
09:48:47,2.72,0.01,1650,450045,买盘
09:48:50,2.73,0.01,482,131105,买盘
09:48:53,2.72,-0.01,812,220694,买盘
09:48:56,2.7,-0.02,4791,1296038,卖盘
09:48:59,2.69,-0.01,333,89871,卖盘
09:49:02,2.7,0.01,813,218969,买盘
09:49:05,2.69,-0.01,1190,320308,卖盘
09:49:08,2.7,0.01,1191,320614,买盘
09:49:11,2.69,-0.01,278,75016,卖盘
09:49:14,2.71,0.02,1843,497336,买盘
09:49:17,2.69,-0.02,1179,318740,卖盘
09:49:20,2.69,0.0,4670,1257459,卖盘
09:49:23,2.69,0.0,1874,504516,买盘
09:49:26,2.69,0.0,866,233063,卖盘
09:49:29,2.69,0.0,769,207544,卖盘
09:49:32,2.7,0.01,264,71275,买盘
09:49:35,2.7,0.0,944,254937,卖盘
09:49:38,2.69,-0.01,2458,661391,卖盘
09:49:41,2.68,-0.01,1042,280537,卖盘
09:49:44,2.7,0.02,857,230812,买盘
09:49:47,2.7,0.0,150,40490,买盘
09:49:50,2.7,0.0,391,105500,买盘
09:49:53,2.7,0.0,257,69390,买盘
09:49:56,2.7,0.0,3314,893297,卖盘
09:49:59,2.7,0.0,2105,573767,买盘
09:50:02,2.7,0.0,139,37537,卖盘
09:50:05,2.7,0.0,798,215468,卖盘
09:50:08,2.7,0.0,888,239977,卖盘
09:50:11,2.7,0.0,1415,382067,卖盘
09:50:14,2.71,0.01,543,146651,买盘
09:50:17,2.7,-0.01,319,86136,卖盘
09:50:20,2.71,0.01,439,118744,买盘
09:50:23,2.71,0.0,485,131435,卖盘
09:50:26,2.7,-0.01,477,128790,卖盘
09:50:29,2.7,0.0,688,185736,买盘
09:50:32,2.71,0.01,604,163462,买盘
09:50:35,2.71,0.0,257,69647,卖盘
09:50:38,2.72,0.01,546,148463,买盘
09:50:41,2.71,-0.01,439,119082,卖盘
09:50:44,2.71,0.0,49,13286,卖盘
09:50:47,2.71,0.0,688,186779,卖盘
09:50:50,2.71,0.0,476,129068,卖盘
09:50:53,2.71,0.0,1040,282096,卖盘
09:50:56,2.71,0.0,88,23848,买盘
09:50:59,2.71,0.0,775,209881,买盘
09:51:02,2.71,0.0,436,117832,买盘
09:51:05,2.7,-0.01,2112,570365,卖盘
09:51:08,2.69,-0.01,882,237900,卖盘
09:51:11,2.69,0.0,2575,693793,卖盘
09:51:14,2.69,0.0,780,209882,卖盘
09:51:17,2.69,0.0,204,54877,卖盘
09:51:20,2.69,0.0,804,216583,卖盘
09:51:23,2.69,0.0,127,34253,卖盘
09:51:26,2.69,0.0,2552,686536,卖盘
09:51:29,2.68,-0.01,295,79161,卖盘
09:51:32,2.69,0.01,1443,388086,买盘
09:51:35,2.68,-0.01,2215,593627,卖盘
09:51:38,2.68,0.0,2832,759283,卖盘
09:51:41,2.68,0.0,568,152210,买盘
09:51:44,2.67,-0.01,1621,432947,卖盘
09:51:47,2.68,0.01,1639,438093,买盘
09:51:50,2.68,0.0,2364,631379,买盘
09:51:53,2.67,-0.01,1565,417985,卖盘
09:51:56,2.68,0.01,766,205175,买盘
09:51:59,2.67,-0.01,1219,325496,卖盘
09:52:02,2.67,0.0,951,253383,卖盘
09:52:05,2.68,0.01,1242,331676,买盘
09:52:08,2.67,-0.01,711,189817,卖盘
09:52:11,2.67,0.0,318,84943,卖盘
09:52:14,2.67,0.0,621,166040,卖盘
09:52:17,2.67,0.0,781,208494,买盘
09:52:20,2.66,-0.01,1193,318418,卖盘
09:52:23,2.68,0.02,177,47253,买盘
09:52:26,2.67,-0.01,405,108215,卖盘
09:52:29,2.67,0.0,117,31264,卖盘
09:52:32,2.67,0.0,77,20566,卖盘
09:52:35,2.67,0.0,2269,607014,卖盘
09:52:38,2.67,0.0,405,108226,卖盘
09:52:41,2.67,0.0,1223,326583,卖盘
09:52:44,2.68,0.01,85,22731,买盘
09:52:47,2.67,-0.01,1366,363794,卖盘
09:52:50,2.67,0.0,199,53133,买盘
09:52:53,2.67,0.0,251,66967,买盘
09:52:56,2.67,0.0,778,207726,买盘
09:52:59,2.67,0.0,191,50997,买盘
09:53:02,2.67,0.0,354,94486,买盘
09:53:05,2.67,0.0,28,7477,卖盘
09:53:08,2.67,0.0,232,61971,卖盘
09:53:11,2.68,0.01,6,1608,买盘
09:53:14,2.68,0.0,91,24377,买盘
09:53:17,2.67,-0.01,1038,277146,卖盘
09:53:20,2.67,0.0,102,27282,卖盘
09:53:23,2.67,0.0,569,152458,卖盘
09:53:26,2.68,0.01,719,192460,买盘
09:53:29,2.67,-0.01,149,39878,卖盘
09:53:32,2.68,0.01,207,55391,买盘
09:53:35,2.68,0.0,21,5628,买盘
09:53:38,2.68,0.0,83,22241,买盘
09:53:41,2.68,0.0,347,92926,买盘
09:53:44,2.68,0.0,310,83080,买盘
09:53:47,2.68,0.0,37,9916,买盘
09:53:50,2.68,0.0,5,1340,买盘
09:53:53,2.68,0.0,446,119528,买盘
09:53:56,2.68,0.0,232,62116,买盘
09:53:59,2.68,0.0,175,46900,买盘
09:54:02,2.68,0.0,405,108464,买盘
09:54:05,2.68,0.0,797,213349,买盘
09:54:08,2.67,-0.01,513,137390,卖盘
09:54:11,2.66,-0.01,6936,1847914,卖盘
09:54:14,2.67,0.01,1412,375382,买盘
09:54:17,2.66,-0.01,182,48387,买盘
09:54:20,2.66,0.0,173,46018,买盘
09:54:23,2.66,0.0,304,80834,买盘
09:54:26,2.66,0.0,186,49418,买盘
09:54:29,2.66,0.0,257,68191,买盘
09:54:32,2.66,0.0,236,62776,买盘
09:54:35,2.65,-0.01,217,57585,卖盘
09:54:38,2.66,0.01,563,149517,买盘
09:54:41,2.66,0.0,93,24701,买盘
09:54:44,2.66,0.0,282,74771,买盘
09:54:47,2.66,0.0,240,63712,买盘
09:54:50,2.66,0.0,990,262682,买盘
09:54:53,2.65,-0.01,233,61845,卖盘
09:54:56,2.65,0.0,255,67577,卖盘
09:54:59,2.65,0.0,443,117795,卖盘
09:55:02,2.65,0.0,57,15105,卖盘
09:55:05,2.65,0.0,108,28623,卖盘
09:55:08,2.66,0.01,273,72387,买盘
09:55:11,2.65,-0.01,22,5832,卖盘
09:55:14,2.66,0.01,627,166727,买盘
09:55:17,2.66,0.0,229,60856,买盘
09:55:20,2.66,0.0,508,135128,买盘
09:55:26,2.66,0.0,540,143674,卖盘
09:55:29,2.66,0.0,525,139650,卖盘
09:55:32,2.67,0.01,4,1068,买盘
09:55:35,2.67,0.0,33,8811,买盘
09:55:38,2.66,-0.01,1335,356414,卖盘
09:55:41,2.67,0.01,386,102965,买盘
09:55:44,2.66,-0.01,111,29626,卖盘
09:55:47,2.68,0.02,68,18181,买盘
09:55:50,2.68,0.0,59,15754,买盘
09:55:53,2.67,-0.01,201,53667,卖盘
09:55:56,2.67,0.0,111,29637,卖盘
09:55:59,2.67,0.0,395,105465,买盘
09:56:02,2.68,0.01,381,101825,买盘
09:56:05,2.68,0.0,128,34272,买盘
09:56:08,2.68,0.0,185,49407,买盘
09:56:11,2.68,0.0,129,34540,买盘
09:56:14,2.68,0.0,130,34840,买盘
09:56:17,2.68,0.0,39,10432,买盘
09:56:20,2.68,0.0,645,172780,买盘
09:56:23,2.68,0.0,157,41976,买盘
09:56:26,2.68,0.0,254,68062,买盘
09:56:29,2.68,0.0,68,18162,买盘
09:56:32,2.68,0.0,326,87348,买盘
09:56:35,2.68,0.0,252,67460,买盘
09:56:38,2.68,0.0,361,96747,买盘
09:56:41,2.68,0.0,690,184920,买盘
09:56:44,2.68,0.0,106,28405,买盘
09:56:47,2.68,0.0,405,108540,卖盘
09:56:50,2.68,0.0,447,119796,买盘
09:56:53,2.68,0.0,267,71606,买盘
09:56:59,2.69,0.01,198,53160,买盘
09:57:02,2.68,-0.01,957,256903,卖盘
09:57:05,2.68,0.0,835,223780,卖盘
09:57:08,2.67,-0.01,129,34529,卖盘
09:57:11,2.68,0.01,322,86342,买盘
09:57:14,2.68,0.0,72,19296,买盘
09:57:17,2.67,-0.01,727,194826,卖盘
09:57:20,2.68,0.01,133,35644,买盘
09:57:23,2.67,-0.01,224,59833,卖盘
09:57:26,2.67,0.0,1948,520308,卖盘
09:57:29,2.67,0.0,107,28558,买盘
09:57:32,2.67,0.0,647,172967,买盘
09:57:35,2.66,-0.01,44,11745,卖盘
09:57:38,2.67,0.01,188,50196,买盘
09:57:41,2.67,0.0,271,72366,卖盘
09:57:44,2.67,0.0,54,14418,卖盘
09:57:47,2.67,0.0,127,33919,卖盘
09:57:50,2.67,0.0,2457,657865,卖盘
09:57:53,2.68,0.01,519,139032,买盘
09:57:56,2.68,0.0,51,13668,卖盘
09:57:59,2.67,-0.01,77,20612,卖盘
09:58:02,2.68,0.01,7,1876,买盘
09:58:05,2.68,0.0,208,55644,买盘
09:58:08,2.68,0.0,10,2680,卖盘
09:58:11,2.69,0.01,502,135036,买盘
09:58:14,2.69,0.0,30,8070,买盘
09:58:17,2.68,-0.01,663,178233,卖盘
09:58:20,2.68,0.0,142,38188,卖盘
09:58:23,2.69,0.01,478,128132,买盘
09:58:26,2.68,-0.01,191,51269,卖盘
09:58:29,2.69,0.01,104,27976,买盘
09:58:32,2.69,0.0,163,43818,买盘
09:58:35,2.69,0.0,136,36584,买盘
09:58:38,2.68,-0.01,43,11536,卖盘
09:58:41,2.69,0.01,1152,309888,买盘
09:58:44,2.68,-0.01,226,60764,卖盘
09:58:47,2.69,0.01,202,54319,买盘
09:58:50,2.68,-0.01,14,3761,卖盘
09:58:53,2.69,0.01,22,5918,买盘
09:58:56,2.69,0.0,101,27169,买盘
09:58:59,2.68,-0.01,295,79335,卖盘
09:59:02,2.69,0.01,270,72630,买盘
09:59:05,2.69,0.0,1272,342165,买盘
09:59:08,2.7,0.01,292,78650,买盘
09:59:11,2.7,0.0,368,98910,买盘
09:59:14,2.69,-0.01,137,36854,中性盘
09:59:17,2.69,0.0,102,27444,买盘
09:59:20,2.7,0.01,6,1620,买盘
09:59:23,2.69,-0.01,40,10764,卖盘
09:59:26,2.7,0.01,132,35640,买盘
09:59:29,2.7,0.0,198,53450,买盘
09:59:32,2.7,0.0,486,130999,买盘
09:59:35,2.7,0.0,263,71010,买盘
09:59:38,2.7,0.0,140,37765,买盘
09:59:41,2.7,0.0,33,8910,买盘
09:59:44,2.7,0.0,64,17252,买盘
09:59:47,2.7,0.0,710,191700,买盘
09:59:50,2.7,0.0,311,83970,买盘
09:59:53,2.7,0.0,160,43200,买盘
09:59:56,2.7,0.0,275,74250,卖盘
09:59:59,2.69,-0.01,725,195748,卖盘
10:00:02,2.7,0.01,828,223560,买盘
10:00:05,2.7,0.0,686,185220,卖盘
10:00:08,2.7,0.0,389,104799,买盘
10:00:11,2.69,-0.01,1164,313126,卖盘
10:00:14,2.7,0.01,365,98549,买盘
10:00:17,2.7,0.0,537,144473,买盘
10:00:20,2.7,0.0,854,230580,买盘
10:00:23,2.7,0.0,134,36180,中性盘
10:00:26,2.71,0.01,100,27020,买盘
10:00:29,2.71,0.0,59,15954,买盘
10:00:32,2.7,-0.01,72,19452,卖盘
10:00:35,2.7,0.0,127,34382,卖盘
10:00:38,2.71,0.01,1714,464474,买盘
10:00:41,2.71,0.0,179,48509,买盘
10:00:44,2.71,0.0,501,135771,买盘
10:00:47,2.71,0.0,205,55555,买盘
10:00:50,2.71,0.0,321,86991,买盘
10:00:53,2.71,0.0,105,28455,买盘
10:00:56,2.71,0.0,132,35772,买盘
10:00:59,2.71,0.0,188,50948,卖盘
10:01:02,2.71,0.0,86,23306,买盘
10:01:05,2.7,-0.01,304,82282,卖盘
10:01:08,2.7,0.0,542,146392,卖盘
10:01:11,2.7,0.0,47,12710,卖盘
10:01:14,2.7,0.0,478,129075,卖盘
10:01:17,2.7,0.0,53,14314,卖盘
10:01:20,2.7,0.0,882,238963,卖盘
10:01:23,2.7,0.0,3179,858199,卖盘
10:01:26,2.69,-0.01,189,50855,卖盘
10:01:29,2.7,0.01,51,13770,买盘
10:01:32,2.69,-0.01,146,39274,卖盘
10:01:35,2.69,0.0,316,85030,卖盘
10:01:38,2.7,0.01,12,3238,买盘
10:01:41,2.68,-0.02,6,1609,卖盘
10:01:44,2.7,0.02,98,26383,买盘
10:01:47,2.69,-0.01,252,67968,卖盘
10:01:50,2.68,-0.01,648,174753,卖盘
10:01:53,2.69,0.01,99,26643,卖盘
10:01:56,2.69,0.0,116,31204,卖盘
10:01:59,2.68,-0.01,2,536,卖盘
10:02:05,2.69,0.01,32,8608,买盘
10:02:08,2.69,0.0,120,32280,买盘
10:02:11,2.69,0.0,178,47718,买盘
10:02:14,2.68,-0.01,868,233472,卖盘
10:02:17,2.69,0.01,110,29550,买盘
10:02:20,2.69,0.0,34,9134,买盘
10:02:23,2.68,-0.01,90,24209,卖盘
10:02:26,2.68,0.0,17,4572,卖盘
10:02:29,2.69,0.01,72,19368,买盘
10:02:32,2.69,0.0,4,1076,买盘
10:02:35,2.69,0.0,541,145529,买盘
10:02:38,2.68,-0.01,234,62945,卖盘
10:02:41,2.69,0.01,870,234000,买盘
10:02:50,2.69,0.0,1058,284149,买盘
10:02:53,2.68,-0.01,85,22788,卖盘
10:02:56,2.69,0.01,177,47443,买盘
10:02:59,2.69,0.0,2,538,买盘
10:03:02,2.69,0.0,257,69133,买盘
10:03:05,2.69,0.0,953,256357,买盘
10:03:08,2.69,0.0,330,88770,买盘
10:03:11,2.69,0.0,108,29052,卖盘
10:03:14,2.69,0.0,737,198203,卖盘
10:03:17,2.69,0.0,37,9953,买盘
10:03:20,2.68,-0.01,1856,500131,卖盘
10:03:23,2.69,0.01,43,11565,中性盘
10:03:26,2.69,0.0,71,19099,买盘
10:03:29,2.69,0.0,180,48378,买盘
10:03:32,2.69,0.0,33,8867,买盘
10:03:35,2.69,0.0,56,15014,买盘
10:03:38,2.69,0.0,160,43040,买盘
10:03:41,2.7,0.01,140,37697,买盘
10:03:44,2.69,-0.01,79,21325,卖盘
10:03:50,2.69,0.0,19,5117,卖盘
10:03:53,2.7,0.01,19,5130,买盘
10:03:56,2.69,-0.01,680,182920,卖盘
10:03:59,2.69,0.0,34,9146,买盘
10:04:02,2.7,0.01,147,39550,买盘
10:04:05,2.7,0.0,100,27000,买盘
10:04:08,2.7,0.0,101,27194,买盘
10:04:11,2.69,-0.01,227,61080,卖盘
10:04:14,2.69,0.0,111,29859,卖盘
10:04:17,2.69,0.0,77,20729,买盘
10:04:20,2.7,0.01,4,1080,买盘
10:04:23,2.7,0.0,100,27000,买盘
10:04:26,2.7,0.0,667,179440,买盘
10:04:29,2.7,0.0,129,34718,买盘
10:04:32,2.7,0.0,69,18630,买盘
10:04:35,2.69,-0.01,8,2155,卖盘
10:04:38,2.7,0.01,6,1620,买盘
10:04:41,2.69,-0.01,218,58774,卖盘
10:04:44,2.7,0.01,227,61265,买盘
10:04:47,2.7,0.0,54,14527,买盘
10:04:53,2.7,0.0,202,54540,买盘
10:04:56,2.7,0.0,248,66736,买盘
10:04:59,2.7,0.0,121,32670,买盘
10:05:02,2.69,-0.01,290,78020,卖盘
10:05:05,2.7,0.01,75,20250,买盘
10:05:11,2.7,0.0,248,66960,买盘
10:05:14,2.7,0.0,2,540,买盘
10:05:17,2.69,-0.01,102,27449,卖盘
10:05:20,2.7,0.01,1595,430650,买盘
10:05:23,2.7,0.0,2111,571944,卖盘
10:05:26,2.71,0.01,64,17287,中性盘
10:05:29,2.71,0.0,82,22222,卖盘
10:05:32,2.72,0.01,163,44200,买盘
10:05:35,2.72,0.0,627,169907,买盘
10:05:38,2.72,0.0,56,15230,买盘
10:05:41,2.72,0.0,297,80784,买盘
10:05:44,2.72,0.0,38,10327,买盘
10:05:47,2.72,0.0,233,63376,买盘
10:05:50,2.72,0.0,269,73069,买盘
10:05:53,2.72,0.0,4,1088,买盘
10:05:56,2.72,0.0,119,32368,买盘
10:05:59,2.72,0.0,40,10880,买盘
10:06:02,2.72,0.0,133,36176,买盘
10:06:05,2.72,0.0,47,12784,买盘
10:06:08,2.71,-0.01,67,18164,卖盘
10:06:11,2.72,0.01,38,10336,买盘
10:06:14,2.72,0.0,24,6528,买盘
10:06:17,2.72,0.0,197,53584,买盘
10:06:20,2.72,0.0,408,110826,买盘
10:06:23,2.72,0.0,977,264957,买盘
10:06:26,2.72,0.0,165,44855,买盘
10:06:29,2.72,0.0,190,51680,买盘
10:06:32,2.72,0.0,46,12512,买盘
10:06:35,2.72,0.0,93,25218,买盘
10:06:38,2.71,-0.01,858,233227,卖盘
10:06:41,2.71,0.0,30,8142,卖盘
10:06:44,2.71,0.0,1192,323032,卖盘
10:06:47,2.71,0.0,67,18157,买盘
10:06:50,2.71,0.0,181,49070,买盘
10:06:53,2.71,0.0,36,9756,卖盘
10:06:56,2.71,0.0,439,118969,卖盘
10:06:59,2.71,0.0,75,20325,卖盘
10:07:02,2.71,0.0,123,33333,卖盘
10:07:05,2.71,0.0,400,108400,买盘
10:07:08,2.71,0.0,135,36587,卖盘
10:07:11,2.71,0.0,9,2439,买盘
10:07:14,2.71,0.0,5,1355,买盘
10:07:17,2.71,0.0,15,4065,买盘
10:07:20,2.71,0.0,31,8371,买盘
10:07:26,2.71,0.0,1,271,买盘
10:07:29,2.71,0.0,48,12968,买盘
10:07:32,2.71,0.0,110,29809,买盘
10:07:35,2.71,0.0,17,4605,买盘
10:07:38,2.71,0.0,6,1626,买盘
10:07:41,2.71,0.0,4,1084,买盘
10:07:44,2.71,0.0,13,3523,买盘
10:07:47,2.71,0.0,8,2168,买盘
10:07:50,2.71,0.0,91,24594,买盘
10:07:53,2.71,0.0,43,11653,买盘
10:07:56,2.71,0.0,141,38204,买盘
10:08:02,2.7,-0.01,138,37391,卖盘
10:08:05,2.71,0.01,42,11382,买盘
10:08:11,2.71,0.0,59,15984,买盘
10:08:14,2.7,-0.01,161,43471,卖盘
10:08:17,2.71,0.01,88,23848,买盘
10:08:20,2.71,0.0,203,55012,买盘
10:08:23,2.71,0.0,13,3523,买盘
10:08:26,2.71,0.0,191,51761,买盘
10:08:32,2.71,0.0,8,2168,买盘
10:08:35,2.71,0.0,211,57181,买盘
10:08:38,2.71,0.0,98,26508,买盘
10:08:41,2.7,-0.01,116,31429,卖盘
10:08:44,2.71,0.01,323,87533,买盘
10:08:47,2.71,0.0,1190,321303,中性盘
10:08:50,2.7,-0.01,60,16256,卖盘
10:08:53,2.7,0.0,51,13795,卖盘
10:08:56,2.71,0.01,120,32520,买盘
10:08:59,2.71,0.0,223,60433,买盘
10:09:02,2.71,0.0,7,1891,买盘
10:09:05,2.72,0.01,1203,326803,买盘
10:09:08,2.71,-0.01,17,4607,中性盘
10:09:11,2.71,0.0,21,5700,卖盘
10:09:14,2.71,0.0,40,10843,卖盘
10:09:17,2.71,0.0,129,35062,卖盘
10:09:20,2.71,0.0,66,17886,买盘
10:09:23,2.71,0.0,28,7588,买盘
10:09:26,2.71,0.0,2,542,买盘
10:09:29,2.71,0.0,68,18428,买盘
10:09:32,2.71,0.0,620,168020,买盘
10:09:35,2.71,0.0,85,23108,卖盘
10:09:38,2.72,0.01,10,2720,买盘
10:09:44,2.72,0.0,1,272,买盘
10:09:47,2.72,0.0,5,1360,买盘
10:09:53,2.72,0.0,210,57120,买盘
10:09:56,2.72,0.0,1,272,买盘
10:09:59,2.72,0.0,700,190400,买盘
10:10:02,2.72,0.0,33,8975,买盘
10:10:05,2.72,0.0,70,19040,买盘
10:10:08,2.72,0.0,23,6236,买盘
10:10:11,2.72,0.0,1179,319511,买盘
10:10:14,2.72,0.0,176,47817,买盘
10:10:20,2.72,0.0,69,18768,买盘
10:10:23,2.72,0.0,10,2720,买盘
10:10:26,2.72,0.0,378,102816,买盘
10:10:29,2.72,0.0,11,2992,买盘
10:10:32,2.71,-0.01,1545,420218,卖盘
10:10:35,2.72,0.01,61,16592,买盘
10:10:38,2.72,0.0,168,45685,买盘
10:10:41,2.72,0.0,1,272,买盘
10:10:44,2.72,0.0,201,54666,买盘
10:10:47,2.72,0.0,58,15776,买盘
10:10:50,2.71,-0.01,33,8970,卖盘
10:10:56,2.71,0.0,89,24121,卖盘
10:10:59,2.72,0.01,5,1360,买盘
10:11:02,2.71,-0.01,178,48290,卖盘
10:11:05,2.71,0.0,69,18748,卖盘
10:11:08,2.72,0.01,143,38791,买盘
10:11:11,2.71,-0.01,13,3523,卖盘
10:11:14,2.71,0.0,250,67750,卖盘
10:11:17,2.71,0.0,2167,587257,卖盘
10:11:20,2.71,0.0,4,1084,买盘
10:11:23,2.71,0.0,25,6775,买盘
10:11:26,2.71,0.0,19,5133,买盘
10:11:29,2.71,0.0,17,4607,买盘
10:11:32,2.71,0.0,101,27361,买盘
10:11:35,2.71,0.0,281,76031,买盘
10:11:38,2.7,-0.01,11,2971,卖盘
10:11:41,2.7,0.0,21,5671,卖盘
10:11:44,2.7,0.0,121,32670,卖盘
10:11:47,2.7,0.0,3,810,卖盘
10:11:50,2.71,0.01,37,10027,买盘
10:11:56,2.71,0.0,1,271,买盘
10:11:59,2.71,0.0,230,62320,买盘
10:12:05,2.71,0.0,3,813,买盘
10:12:11,2.7,-0.01,61,16470,卖盘
10:12:14,2.7,0.0,111,30021,卖盘
10:12:17,2.7,0.0,70,18944,卖盘
10:12:20,2.7,0.0,22,5943,卖盘
10:12:23,2.7,0.0,28,7562,卖盘
10:12:26,2.71,0.01,1,271,买盘
10:12:29,2.71,0.0,303,81811,买盘
10:12:32,2.71,0.0,10,2710,买盘
10:12:35,2.71,0.0,8,2166,买盘
10:12:38,2.71,0.0,12,3252,买盘
10:12:41,2.7,-0.01,792,213844,卖盘
10:12:47,2.71,0.01,97,26270,买盘
10:12:50,2.7,-0.01,134,36180,卖盘
10:12:56,2.71,0.01,7,1897,买盘
10:12:59,2.7,-0.01,454,122584,卖盘
10:13:02,2.7,0.0,3,810,买盘
10:13:05,2.7,0.0,25,6750,买盘
10:13:08,2.7,0.0,21,5670,买盘
10:13:11,2.7,0.0,301,80970,买盘
10:13:14,2.7,0.0,56,15120,买盘
10:13:17,2.7,0.0,608,163943,买盘
10:13:20,2.69,-0.01,103,27713,卖盘
10:13:23,2.7,0.01,1,270,买盘
10:13:26,2.69,-0.01,51,13719,卖盘
10:13:32,2.69,0.0,114,30666,卖盘
10:13:35,2.7,0.01,78,21015,买盘
10:13:38,2.7,0.0,11,2970,买盘
10:13:41,2.7,0.0,118,31860,买盘
10:13:44,2.69,-0.01,55,14795,卖盘
10:13:47,2.69,0.0,374,100607,卖盘
10:13:50,2.69,0.0,20,5380,卖盘
10:13:53,2.7,0.01,482,130107,买盘
10:13:56,2.69,-0.01,36,9684,卖盘
10:13:59,2.7,0.01,16,4308,买盘
10:14:05,2.69,-0.01,277,74730,卖盘
10:14:11,2.7,0.01,87,23409,买盘
10:14:14,2.7,0.0,4,1080,买盘
10:14:17,2.7,0.0,14,3779,买盘
10:14:23,2.69,-0.01,1,269,卖盘
10:14:29,2.69,0.0,125,33629,卖盘
10:14:32,2.69,0.0,1,269,卖盘
10:14:35,2.7,0.01,40,10768,买盘
10:14:38,2.7,0.0,61,16470,买盘
10:14:44,2.69,-0.01,11,2959,卖盘
10:14:47,2.69,0.0,194,52226,卖盘
10:14:50,2.7,0.01,4,1080,买盘
10:14:56,2.69,-0.01,20,5380,卖盘
10:14:59,2.69,0.0,18,4859,卖盘
10:15:02,2.7,0.01,18,4860,买盘
10:15:05,2.7,0.0,33,8910,买盘
10:15:08,2.7,0.0,13,3510,买盘
10:15:11,2.69,-0.01,86,23144,卖盘
10:15:14,2.69,0.0,114,30678,卖盘
10:15:17,2.69,0.0,1821,489849,卖盘
10:15:20,2.68,-0.01,3966,1066056,卖盘
10:15:23,2.68,0.0,73,19572,卖盘
10:15:26,2.69,0.01,197,52993,买盘
10:15:29,2.69,0.0,60,16140,买盘
10:15:32,2.69,0.0,5,1345,买盘
10:15:35,2.69,0.0,32,8596,买盘
10:15:38,2.69,0.0,641,172429,买盘
10:15:41,2.69,0.0,296,79468,买盘
10:15:44,2.69,0.0,280,75320,买盘
10:15:47,2.68,-0.01,41,10988,卖盘
10:15:50,2.69,0.01,2136,574584,买盘
10:15:53,2.69,0.0,46,12374,卖盘
10:15:56,2.69,0.0,5,1345,卖盘
10:16:02,2.7,0.01,4,1080,买盘
10:16:05,2.7,0.0,1,270,买盘
10:16:08,2.7,0.0,57,15347,买盘
10:16:11,2.7,0.0,201,54270,买盘
10:16:14,2.7,0.0,36,9700,买盘
10:16:17,2.7,0.0,3,810,买盘
10:16:20,2.7,0.0,93,25110,买盘
10:16:23,2.7,0.0,120,32390,买盘
10:16:26,2.7,0.0,69,18602,买盘
10:16:29,2.7,0.0,225,60730,买盘
10:16:32,2.7,0.0,159,42848,买盘
10:16:35,2.7,0.0,24,6480,买盘
10:16:38,2.7,0.0,7,1890,买盘
10:16:41,2.69,-0.01,24,6456,卖盘
10:16:47,2.7,0.01,12,3240,买盘
10:16:50,2.7,0.0,152,40911,买盘
10:16:53,2.7,0.0,772,208440,买盘
10:16:56,2.7,0.0,30,8100,买盘
10:16:59,2.7,0.0,14,3780,买盘
10:17:02,2.7,0.0,900,242120,买盘
10:17:05,2.69,-0.01,40,10760,卖盘
10:17:08,2.7,0.01,91,24570,买盘
10:17:11,2.7,0.0,3,809,买盘
10:17:14,2.7,0.0,87,23490,买盘
10:17:17,2.7,0.0,3,810,买盘
10:17:23,2.7,0.0,21,5670,买盘
10:17:26,2.7,0.0,8,2160,买盘
10:17:29,2.69,-0.01,1,269,卖盘
10:17:32,2.69,0.0,28,7533,卖盘
10:17:35,2.7,0.01,10,2700,买盘
10:17:38,2.69,-0.01,206,55415,卖盘
10:17:41,2.69,0.0,90,24210,卖盘
10:17:44,2.69,0.0,78,20982,卖盘
10:17:47,2.7,0.01,49,13201,买盘
10:17:50,2.7,0.0,445,120150,买盘
10:17:53,2.7,0.0,1,270,买盘
10:17:56,2.7,0.0,4,1079,买盘
10:17:59,2.7,0.0,25,6750,买盘
10:18:05,2.7,0.0,127,34271,买盘
10:18:08,2.7,0.0,22,5932,买盘
10:18:11,2.69,-0.01,80,21520,卖盘
10:18:14,2.69,0.0,2200,591800,卖盘
10:18:17,2.69,0.0,302,81238,买盘
10:18:20,2.68,-0.01,163,43796,卖盘
10:18:23,2.69,0.01,35,9415,买盘
10:18:26,2.69,0.0,304,81776,买盘
10:18:29,2.68,-0.01,19,5093,卖盘
10:18:32,2.69,0.01,336,90186,买盘
10:18:35,2.69,0.0,5,1345,买盘
10:18:38,2.69,0.0,4,1076,买盘
10:18:41,2.69,0.0,10,2690,买盘
10:18:44,2.69,0.0,80,21519,买盘
10:18:47,2.68,-0.01,526,141468,卖盘
10:18:50,2.68,0.0,48,12869,卖盘
10:18:53,2.69,0.01,1140,306616,买盘
10:18:56,2.68,-0.01,1793,480614,卖盘
10:18:59,2.69,0.01,7,1883,买盘
10:19:02,2.68,-0.01,383,102644,卖盘
10:19:05,2.68,0.0,1415,379220,卖盘
10:19:08,2.69,0.01,147,39397,买盘
10:19:11,2.68,-0.01,300,80401,卖盘
10:19:14,2.68,0.0,325,87149,卖盘
10:19:17,2.68,0.0,22,5896,买盘
10:19:20,2.68,0.0,13,3484,买盘
10:19:23,2.67,-0.01,74,19797,卖盘
10:19:26,2.68,0.01,200,53600,买盘
10:19:29,2.68,0.0,10,2680,买盘
10:19:32,2.68,0.0,1234,330712,买盘
10:19:35,2.69,0.01,49,13157,买盘
10:19:38,2.68,-0.01,455,121940,卖盘
10:19:41,2.68,0.0,5,1340,卖盘
10:19:44,2.68,0.0,72,19317,卖盘
10:19:47,2.68,0.0,38,10186,卖盘
10:19:50,2.68,0.0,233,62444,卖盘
10:19:53,2.68,0.0,94,25192,卖盘
10:19:59,2.68,0.0,48,12871,卖盘
10:20:02,2.68,0.0,250,67001,卖盘
10:20:05,2.69,0.01,19,5111,买盘
10:20:08,2.68,-0.01,212,56838,卖盘
10:20:17,2.68,0.0,97,25996,卖盘
10:20:20,2.68,0.0,1,268,买盘
10:20:23,2.68,0.0,6,1608,买盘
10:20:26,2.67,-0.01,65,17405,卖盘
10:20:29,2.68,0.01,50,13400,买盘
10:20:32,2.68,0.0,1,268,买盘
10:20:35,2.68,0.0,188,50319,买盘
10:20:38,2.68,0.0,2,535,买盘
10:20:44,2.68,0.0,76,20368,买盘
10:20:47,2.67,-0.01,6,1602,卖盘
10:20:50,2.68,0.01,39,10452,买盘
10:20:53,2.68,0.0,163,43591,买盘
10:20:56,2.67,-0.01,142,37914,卖盘
10:21:02,2.67,0.0,193,51531,卖盘
10:21:05,2.67,0.0,32,8544,卖盘
10:21:08,2.67,0.0,12,3204,卖盘
10:21:11,2.67,0.0,130,34710,卖盘
10:21:17,2.67,0.0,209,55954,卖盘
10:21:20,2.67,0.0,132,35244,卖盘
10:21:23,2.67,0.0,3,801,卖盘
10:21:29,2.68,0.01,69,18454,买盘
10:21:35,2.67,-0.01,172,45993,卖盘
10:21:38,2.68,0.01,2,536,买盘
10:21:41,2.68,0.0,26,6960,买盘
10:21:44,2.67,-0.01,42,11214,卖盘
10:21:47,2.68,0.01,28,7504,买盘
10:21:50,2.67,-0.01,2116,566972,卖盘
10:21:53,2.68,0.01,16,4275,买盘
10:21:56,2.68,0.0,70,18760,买盘
10:21:59,2.68,0.0,1927,514539,买盘
10:22:02,2.68,0.0,90,24120,买盘
10:22:11,2.68,0.0,32,8556,买盘
10:22:14,2.68,0.0,216,57872,买盘
10:22:17,2.68,0.0,379,101566,买盘
10:22:20,2.68,0.0,15,4020,买盘
10:22:23,2.68,0.0,12,3216,买盘
10:22:29,2.68,0.0,199,53328,买盘
10:22:32,2.68,0.0,118,31599,买盘
10:22:35,2.67,-0.01,57,15252,卖盘
10:22:38,2.68,0.01,22,5896,买盘
10:22:41,2.68,0.0,50,13400,买盘
10:22:44,2.68,0.0,8,2144,买盘
10:22:47,2.67,-0.01,38,10146,卖盘
10:22:50,2.68,0.01,2514,673752,买盘
10:22:53,2.68,0.0,1400,375200,卖盘
10:22:59,2.7,0.02,4993,1344115,买盘
10:23:02,2.72,0.02,6673,1808223,买盘
10:23:05,2.72,0.0,9,2448,买盘
10:23:08,2.71,-0.01,64,17344,卖盘
10:23:11,2.72,0.01,1212,329664,买盘
10:23:14,2.72,0.0,27,7344,买盘
10:23:17,2.72,0.0,714,194208,买盘
10:23:20,2.72,0.0,684,186048,买盘
10:23:23,2.72,0.0,1235,335104,买盘
10:23:29,2.72,0.0,234,63648,卖盘
10:23:32,2.72,0.0,300,81700,卖盘
10:23:35,2.73,0.01,7,1911,买盘
10:23:38,2.72,-0.01,204,55666,卖盘
10:23:41,2.73,0.01,123,33577,买盘
10:23:44,2.74,0.01,3674,1004086,买盘
10:23:47,2.74,0.0,266,72869,买盘
10:23:50,2.75,0.01,2723,746486,买盘
10:23:53,2.75,0.0,437,120175,买盘
10:23:56,2.75,0.0,111,30447,买盘
10:23:59,2.75,0.0,236,64863,买盘
10:24:02,2.75,0.0,1294,355850,买盘
10:24:05,2.74,-0.01,1549,424752,卖盘
10:24:08,2.74,0.0,81,22194,买盘
10:24:11,2.74,0.0,524,143618,买盘
10:24:14,2.74,0.0,151,41374,买盘
10:24:17,2.74,0.0,216,59118,买盘
10:24:20,2.74,0.0,121,33134,买盘
10:24:23,2.74,0.0,56,15344,买盘
10:24:26,2.73,-0.01,103,28196,卖盘
10:24:29,2.74,0.01,119,32506,买盘
10:24:32,2.74,0.0,28,7657,买盘
10:24:35,2.74,0.0,74,20267,买盘
10:24:38,2.74,0.0,164,44936,买盘
10:24:41,2.73,-0.01,70,19165,卖盘
10:24:44,2.74,0.01,201,54964,买盘
10:24:47,2.74,0.0,64,17536,买盘
10:24:50,2.74,0.0,877,240295,买盘
10:24:53,2.74,0.0,1107,303318,买盘
10:24:56,2.75,0.01,190,52161,买盘
10:24:59,2.75,0.0,527,144621,买盘
10:25:02,2.74,-0.01,160,43840,中性盘
10:25:05,2.75,0.01,1032,282769,买盘
10:25:08,2.75,0.0,91,24964,买盘
10:25:11,2.75,0.0,169,46475,买盘
10:25:14,2.75,0.0,488,134170,买盘
10:25:17,2.75,0.0,120,33000,买盘
10:25:20,2.75,0.0,332,91279,买盘
10:25:23,2.75,0.0,445,122375,买盘
10:25:26,2.75,0.0,528,145200,买盘
10:25:29,2.74,-0.01,909,249925,卖盘
10:25:32,2.75,0.01,323,88772,买盘
10:25:35,2.75,0.0,67,18425,买盘
10:25:38,2.75,0.0,844,232028,买盘
10:25:41,2.75,0.0,523,143508,买盘
10:25:44,2.74,-0.01,226,61930,卖盘
10:25:47,2.74,0.0,1121,307157,卖盘
10:25:50,2.74,0.0,46,12606,中性盘
10:25:53,2.74,0.0,170,46560,买盘
10:25:56,2.74,0.0,378,103532,买盘
10:25:59,2.73,-0.01,240,65628,卖盘
10:26:02,2.73,0.0,414,113030,卖盘
10:26:05,2.73,0.0,201,54873,买盘
10:26:08,2.73,0.0,6,1638,卖盘
10:26:11,2.73,0.0,35,9555,卖盘
10:26:14,2.74,0.01,557,152481,买盘
10:26:17,2.74,0.0,71,19454,买盘
10:26:20,2.74,0.0,364,99696,买盘
10:26:23,2.74,0.0,868,237807,买盘
10:26:26,2.74,0.0,13,3562,卖盘
10:26:29,2.74,0.0,131,35980,卖盘
10:26:32,2.74,0.0,80,21978,卖盘
10:26:35,2.74,0.0,279,76605,卖盘
10:26:38,2.74,0.0,269,73733,卖盘
10:26:41,2.74,0.0,116,31784,卖盘
10:26:44,2.74,0.0,131,35894,买盘
10:26:47,2.74,0.0,430,117821,买盘
10:26:50,2.74,0.0,178,48788,卖盘
10:26:53,2.75,0.01,525,144152,买盘
10:26:56,2.75,0.0,35,9625,买盘
10:26:59,2.75,0.0,131,36025,买盘
10:27:02,2.75,0.0,239,65653,买盘
10:27:05,2.74,-0.01,58,15900,卖盘
10:27:08,2.74,0.0,347,95099,卖盘
10:27:11,2.74,0.0,493,135083,卖盘
10:27:14,2.74,0.0,1609,442336,卖盘
10:27:17,2.74,0.0,49,13427,卖盘
10:27:20,2.74,0.0,29,7946,买盘
10:27:23,2.74,0.0,143,39179,买盘
10:27:26,2.74,0.0,1,274,买盘
10:27:29,2.73,-0.01,4,1092,卖盘
10:27:32,2.74,0.01,113,30867,买盘
10:27:35,2.73,-0.01,776,211848,卖盘
10:27:38,2.73,0.0,141,38496,卖盘
10:27:41,2.74,0.01,466,127316,买盘
10:27:44,2.73,-0.01,166,45338,卖盘
10:27:47,2.73,0.0,557,152509,买盘
10:27:50,2.73,0.0,9,2457,买盘
10:27:53,2.74,0.01,6,1644,买盘
10:27:56,2.73,-0.01,30,8190,卖盘
10:27:59,2.72,-0.01,1118,305648,卖盘
10:28:02,2.73,0.01,142,38848,卖盘
10:28:08,2.73,0.0,1,273,买盘
10:28:11,2.73,0.0,405,110659,买盘
10:28:14,2.73,0.0,72,19656,买盘
10:28:20,2.74,0.01,136,37162,买盘
10:28:23,2.73,-0.01,2,546,卖盘
10:28:26,2.74,0.01,74,20276,买盘
10:28:29,2.73,-0.01,56,15317,卖盘
10:28:32,2.75,0.02,2835,778914,买盘
10:28:35,2.75,0.0,95,26005,买盘
10:28:38,2.75,0.0,124,34100,买盘
10:28:41,2.75,0.0,1036,284900,买盘
10:28:44,2.75,0.0,2754,757350,买盘
10:28:47,2.74,-0.01,37,10172,卖盘
10:28:50,2.75,0.01,443,121675,买盘
10:28:53,2.75,0.0,77,21175,买盘
10:28:56,2.75,0.0,361,99275,买盘
10:28:59,2.75,0.0,335,92115,买盘
10:29:02,2.75,0.0,406,111644,买盘
10:29:05,2.75,0.0,24,6600,买盘
10:29:08,2.75,0.0,214,58843,买盘
10:29:11,2.75,0.0,179,49224,买盘
10:29:14,2.75,0.0,413,113575,买盘
10:29:17,2.75,0.0,217,59769,买盘
10:29:20,2.75,0.0,394,108392,卖盘
10:29:23,2.76,0.01,317,87329,买盘
10:29:26,2.76,0.0,750,206961,买盘
10:29:29,2.76,0.0,463,127763,买盘
10:29:32,2.76,0.0,648,178548,买盘
10:29:35,2.76,0.0,1977,545652,买盘
10:29:38,2.76,0.0,493,136058,买盘
10:29:41,2.76,0.0,210,57907,买盘
10:29:44,2.76,0.0,564,155664,买盘
10:29:47,2.75,-0.01,925,255093,卖盘
10:29:50,2.76,0.01,1282,353769,买盘
10:29:53,2.76,0.0,872,240672,买盘
10:29:56,2.76,0.0,213,58786,买盘
10:29:59,2.76,0.0,600,165476,买盘
10:30:02,2.76,0.0,1243,343003,买盘
10:30:05,2.76,0.0,408,112588,买盘
10:30:08,2.76,0.0,102,28152,买盘
10:30:11,2.76,0.0,209,57677,买盘
10:30:14,2.76,0.0,669,184518,买盘
10:30:17,2.76,0.0,1434,394796,买盘
10:30:20,2.76,0.0,489,134813,买盘
10:30:23,2.77,0.01,833,229970,买盘
10:30:26,2.77,0.0,1763,488318,买盘
10:30:29,2.76,-0.01,2057,569562,卖盘
10:30:32,2.77,0.01,1538,425393,买盘
10:30:35,2.76,-0.01,1181,327032,中性盘
10:30:38,2.77,0.01,777,215111,买盘
10:30:41,2.77,0.0,314,86959,买盘
10:30:44,2.76,-0.01,400,110390,卖盘
10:30:47,2.76,0.0,222,61272,买盘
10:30:50,2.76,0.0,26,7176,买盘
10:30:53,2.76,0.0,1111,306738,买盘
10:30:56,2.77,0.01,286,79122,买盘
10:30:59,2.77,0.0,263,72691,买盘
10:31:02,2.77,0.0,531,146931,买盘
10:31:05,2.76,-0.01,898,248568,卖盘
10:31:08,2.76,0.0,258,71401,卖盘
10:31:11,2.77,0.01,505,139820,买盘
10:31:14,2.77,0.0,371,102653,买盘
10:31:17,2.77,0.0,1524,421744,买盘
10:31:20,2.77,0.0,882,243674,买盘
10:31:23,2.77,0.0,208,57493,买盘
10:31:26,2.77,0.0,515,142579,买盘
10:31:29,2.77,0.0,909,251695,买盘
10:31:32,2.76,-0.01,1024,282771,卖盘
10:31:35,2.76,0.0,243,67068,买盘
10:31:41,2.76,0.0,218,60157,买盘
10:31:44,2.76,0.0,213,58788,买盘
10:31:47,2.76,0.0,138,38088,买盘
10:31:50,2.76,0.0,123,33873,买盘
10:31:53,2.76,0.0,319,87940,买盘
10:31:56,2.76,0.0,488,134687,买盘
10:31:59,2.76,0.0,63,17368,买盘
10:32:02,2.76,0.0,1404,386180,买盘
10:32:05,2.76,0.0,133,36655,买盘
10:32:08,2.76,0.0,233,64237,买盘
10:32:11,2.76,0.0,94,25942,买盘
10:32:14,2.76,0.0,526,144796,买盘
10:32:17,2.76,0.0,16,4416,买盘
10:32:20,2.75,-0.01,912,250800,卖盘
10:32:23,2.75,0.0,4,1100,买盘
10:32:26,2.75,0.0,166,45646,买盘
10:32:29,2.75,0.0,19,5225,买盘
10:32:32,2.75,0.0,1,275,买盘
10:32:35,2.74,-0.01,524,143591,卖盘
10:32:38,2.74,0.0,201,55109,卖盘
10:32:41,2.74,0.0,72,19666,买盘
10:32:44,2.73,-0.01,106,28944,卖盘
10:32:47,2.74,0.01,7,1918,买盘
10:32:50,2.73,-0.01,905,247065,卖盘
10:32:53,2.73,0.0,14,3822,买盘
10:32:56,2.73,0.0,8,2184,买盘
10:32:59,2.73,0.0,49,13376,买盘
10:33:02,2.72,-0.01,18,4904,卖盘
10:33:05,2.73,0.01,62,16889,买盘
10:33:08,2.73,0.0,13,3546,买盘
10:33:14,2.73,0.0,67,18264,买盘
10:33:17,2.72,-0.01,5,1360,卖盘
10:33:20,2.72,0.0,814,221408,卖盘
10:33:23,2.73,0.01,243,66114,买盘
10:33:26,2.73,0.0,135,36816,买盘
10:33:29,2.72,-0.01,834,226889,卖盘
10:33:32,2.73,0.01,60,16365,买盘
10:33:35,2.72,-0.01,373,101476,卖盘
10:33:38,2.73,0.01,34,9259,买盘
10:33:41,2.72,-0.01,12,3264,卖盘
10:33:44,2.72,0.0,168,45781,卖盘
10:33:47,2.72,0.0,325,88400,卖盘
10:33:50,2.73,0.01,191,51960,买盘
10:33:53,2.72,-0.01,29,7888,卖盘
10:33:56,2.72,0.0,373,101456,买盘
10:34:02,2.72,0.0,107,29104,买盘
10:34:05,2.72,0.0,431,116832,买盘
10:34:08,2.71,-0.01,35,9516,卖盘
10:34:11,2.71,0.0,71,19301,卖盘
10:34:14,2.71,0.0,11,2982,卖盘
10:34:17,2.72,0.01,3,816,买盘
10:34:20,2.72,0.0,10,2720,买盘
10:34:23,2.71,-0.01,155,42159,卖盘
10:34:26,2.72,0.01,11,2982,买盘
10:34:29,2.72,0.0,1,272,买盘
10:34:32,2.71,-0.01,41,11112,卖盘
10:34:35,2.72,0.01,3,816,买盘
10:34:38,2.71,-0.01,13,3535,卖盘
10:34:41,2.72,0.01,317,85928,买盘
10:34:44,2.72,0.0,2,543,买盘
10:34:50,2.72,0.0,41,11151,买盘
10:34:53,2.72,0.0,18,4896,买盘
10:34:56,2.71,-0.01,2177,589969,卖盘
10:34:59,2.71,0.0,55,14905,买盘
10:35:02,2.71,0.0,21,5691,买盘
10:35:05,2.7,-0.01,37,10007,卖盘
10:35:08,2.72,0.02,1413,383422,买盘
10:35:11,2.72,0.0,530,144158,买盘
10:35:14,2.71,-0.01,80,21753,卖盘
10:35:17,2.73,0.02,66,17898,买盘
10:35:20,2.72,-0.01,44,11968,卖盘
10:35:23,2.72,0.0,5,1360,买盘
10:35:26,2.72,0.0,145,39438,买盘
10:35:29,2.72,0.0,126,34272,买盘
10:35:32,2.72,0.0,53,14433,买盘
10:35:35,2.72,0.0,101,27472,卖盘
10:35:38,2.72,0.0,23,6259,卖盘
10:35:41,2.73,0.01,25,6805,买盘
10:35:44,2.72,-0.01,40,10900,卖盘
10:35:50,2.72,0.0,31,8462,卖盘
10:35:53,2.73,0.01,80,21840,买盘
10:35:56,2.73,0.0,367,100191,买盘
10:35:59,2.73,0.0,22,6006,买盘
10:36:02,2.73,0.0,38,10374,买盘
10:36:08,2.72,-0.01,45,12255,卖盘
10:36:11,2.72,0.0,753,204834,卖盘
10:36:14,2.72,0.0,5,1360,买盘
10:36:17,2.72,0.0,155,42160,买盘
10:36:20,2.73,0.01,323,88175,买盘
10:36:23,2.73,0.0,281,76713,买盘
10:36:26,2.72,-0.01,90,24480,卖盘
10:36:29,2.72,0.0,20,5440,卖盘
10:36:32,2.73,0.01,34,9282,买盘
10:36:35,2.72,-0.01,164,44611,卖盘
10:36:38,2.72,0.0,76,20698,卖盘
10:36:41,2.73,0.01,42,11466,买盘
10:36:44,2.72,-0.01,600,163230,卖盘
10:36:47,2.73,0.01,38,10374,买盘
10:36:50,2.73,0.0,2,546,买盘
10:36:53,2.72,-0.01,9,2448,卖盘
10:36:56,2.73,0.01,7,1910,买盘
10:36:59,2.73,0.0,1,273,买盘
10:37:02,2.73,0.0,2,546,买盘
10:37:05,2.73,0.0,2,546,买盘
10:37:08,2.73,0.0,15,4095,买盘
10:37:11,2.72,-0.01,10,2720,卖盘
10:37:14,2.73,0.01,11,3003,买盘
10:37:17,2.72,-0.01,34,9248,卖盘
10:37:23,2.72,0.0,32,8705,卖盘
10:37:26,2.73,0.01,202,54946,买盘
10:37:29,2.73,0.0,226,61489,买盘
10:37:35,2.73,0.0,2,546,买盘
10:37:38,2.73,0.0,124,33847,买盘
10:37:41,2.72,-0.01,176,47872,卖盘
10:37:44,2.72,0.0,78,21226,卖盘
10:37:47,2.72,0.0,44,11988,卖盘
10:37:53,2.72,0.0,5,1361,卖盘
10:37:56,2.73,0.01,39,10647,买盘
10:37:59,2.73,0.0,11,3002,买盘
10:38:02,2.72,-0.01,3,816,卖盘
10:38:08,2.72,0.0,28,7620,卖盘
10:38:11,2.72,0.0,12,3264,卖盘
10:38:17,2.72,0.0,62,16875,卖盘
10:38:20,2.73,0.01,1554,424227,买盘
10:38:23,2.73,0.0,4,1092,买盘
10:38:26,2.73,0.0,25,6825,买盘
10:38:29,2.72,-0.01,21,5713,卖盘
10:38:32,2.72,0.0,147,39984,卖盘
10:38:35,2.73,0.01,107,29211,买盘
10:38:38,2.73,0.0,23,6279,卖盘
10:38:41,2.74,0.01,134,36583,买盘
10:38:44,2.74,0.0,42,11508,买盘
10:38:47,2.74,0.0,373,102202,买盘
10:38:50,2.73,-0.01,241,65793,卖盘
10:38:56,2.73,0.0,5,1365,买盘
10:39:05,2.72,-0.01,9,2451,卖盘
10:39:08,2.73,0.01,31,8463,买盘
10:39:11,2.72,-0.01,9,2448,卖盘
10:39:14,2.72,0.0,34,9281,卖盘
10:39:17,2.72,0.0,35,9550,卖盘
10:39:20,2.73,0.01,16,4368,买盘
10:39:23,2.73,0.0,125,34125,买盘
10:39:26,2.72,-0.01,8,2176,卖盘
10:39:29,2.73,0.01,59,16057,买盘
10:39:32,2.73,0.0,72,19654,买盘
10:39:35,2.72,-0.01,10,2720,卖盘
10:39:38,2.72,0.0,6,1632,卖盘
10:39:47,2.73,0.01,100,27300,买盘
10:39:50,2.73,0.0,20,5460,买盘
10:39:53,2.73,0.0,5,1365,买盘
10:39:59,2.73,0.0,511,139453,买盘
10:40:02,2.73,0.0,152,41495,买盘
10:40:05,2.73,0.0,56,15288,卖盘
10:40:08,2.73,0.0,1,273,卖盘
10:40:11,2.74,0.01,14,3835,买盘
10:40:14,2.73,-0.01,17,4648,卖盘
10:40:17,2.73,0.0,20,5460,卖盘
10:40:20,2.73,0.0,1,273,卖盘
10:40:23,2.74,0.01,28,7672,买盘
10:40:26,2.74,0.0,456,124944,买盘
10:40:29,2.74,0.0,503,137322,买盘
10:40:32,2.74,0.0,165,45210,买盘
10:40:35,2.74,0.0,7,1918,买盘
10:40:38,2.74,0.0,56,15344,买盘
10:40:41,2.75,0.01,1257,345294,买盘
10:40:44,2.74,-0.01,8,2192,卖盘
10:40:47,2.75,0.01,33,9053,买盘
10:40:50,2.75,0.0,52,14300,买盘
10:40:53,2.75,0.0,1,275,买盘
10:40:56,2.75,0.0,519,142725,买盘
10:40:59,2.75,0.0,352,96800,买盘
10:41:02,2.75,0.0,603,165825,买盘
10:41:05,2.75,0.0,389,106975,买盘
10:41:08,2.75,0.0,205,56378,卖盘
10:41:11,2.75,0.0,80,22000,买盘
10:41:14,2.75,0.0,74,20350,买盘
10:41:17,2.75,0.0,14,3850,买盘
10:41:20,2.75,0.0,104,28599,买盘
10:41:23,2.75,0.0,236,64900,买盘
10:41:26,2.75,0.0,79,21725,买盘
10:41:29,2.75,0.0,222,60928,买盘
10:41:32,2.74,-0.01,229,62773,卖盘
10:41:35,2.75,0.01,929,255455,买盘
10:41:38,2.75,0.0,175,48025,买盘
10:41:41,2.74,-0.01,5,1370,卖盘
10:41:44,2.75,0.01,52,14300,买盘
10:41:47,2.75,0.0,534,146600,买盘
10:41:53,2.74,-0.01,14,3836,买盘
10:41:56,2.73,-0.01,37,10107,卖盘
10:41:59,2.73,0.0,103,28136,卖盘
10:42:02,2.75,0.02,1,275,买盘
10:42:05,2.75,0.0,32,8794,买盘
10:42:08,2.75,0.0,590,162250,买盘
10:42:11,2.75,0.0,14,3850,买盘
10:42:14,2.75,0.0,493,135525,买盘
10:42:17,2.75,0.0,1038,285490,买盘
10:42:20,2.76,0.01,6,1656,买盘
10:42:23,2.76,0.0,506,139650,买盘
10:42:29,2.76,0.0,12,3312,买盘
10:42:32,2.75,-0.01,122,33627,卖盘
10:42:35,2.75,0.0,338,93188,卖盘
10:42:38,2.76,0.01,13,3588,买盘
10:42:41,2.76,0.0,414,114254,买盘
10:42:44,2.76,0.0,15,4136,买盘
10:42:47,2.75,-0.01,20,5500,卖盘
10:42:50,2.75,0.0,174,48022,卖盘
10:42:53,2.76,0.01,60,16560,买盘
10:42:56,2.75,-0.01,90,24801,卖盘
10:42:59,2.76,0.01,600,165183,买盘
10:43:02,2.76,0.0,229,63163,买盘
10:43:05,2.76,0.0,201,55476,买盘
10:43:08,2.75,-0.01,607,167022,卖盘
10:43:11,2.75,0.0,829,227975,买盘
10:43:14,2.75,0.0,72,19800,买盘
10:43:17,2.75,0.0,47,12925,买盘
10:43:23,2.75,0.0,144,39600,买盘
10:43:26,2.75,0.0,1232,338800,买盘
10:43:29,2.76,0.01,104,28682,买盘
10:43:32,2.75,-0.01,227,62650,卖盘
10:43:35,2.75,0.0,93,25576,卖盘
10:43:38,2.76,0.01,197,54261,买盘
10:43:41,2.76,0.0,185,51002,买盘
10:43:44,2.76,0.0,7,1929,买盘
10:43:47,2.75,-0.01,50,13750,买盘
10:43:50,2.75,0.0,123,33825,买盘
10:43:53,2.75,0.0,64,17600,买盘
10:43:56,2.75,0.0,352,96699,买盘
10:43:59,2.74,-0.01,277,75955,卖盘
10:44:02,2.75,0.01,402,110550,买盘
10:44:08,2.75,0.0,14,3850,卖盘
10:44:11,2.75,0.0,307,84425,卖盘
10:44:14,2.75,0.0,119,32725,卖盘
10:44:17,2.75,0.0,31,8525,卖盘
10:44:20,2.75,0.0,8,2200,卖盘
10:44:23,2.75,0.0,368,101242,卖盘
10:44:26,2.75,0.0,83,22877,卖盘
10:44:29,2.75,0.0,7,1925,买盘
10:44:32,2.75,0.0,248,68200,买盘
10:44:35,2.75,0.0,30,8250,买盘
10:44:38,2.75,0.0,172,47300,买盘
10:44:41,2.74,-0.01,153,41975,卖盘
10:44:44,2.75,0.01,1,275,买盘
10:44:53,2.74,-0.01,349,95974,卖盘
10:44:56,2.75,0.01,4,1100,买盘
10:44:59,2.75,0.0,5,1375,买盘
10:45:02,2.75,0.0,44,12080,买盘
10:45:05,2.75,0.0,369,101375,买盘
10:45:08,2.75,0.0,11,3024,买盘
10:45:11,2.75,0.0,348,95699,买盘
10:45:14,2.74,-0.01,230,63070,卖盘
10:45:17,2.75,0.01,11,3025,买盘
10:45:20,2.75,0.0,160,44000,买盘
10:45:23,2.74,-0.01,35,9615,卖盘
10:45:26,2.75,0.01,41,11275,买盘
10:45:29,2.74,-0.01,31,8494,卖盘
10:45:32,2.75,0.01,5,1375,买盘
10:45:35,2.74,-0.01,505,138372,卖盘
10:45:38,2.75,0.01,8,2200,买盘
10:45:41,2.75,0.0,311,85525,买盘
10:45:44,2.75,0.0,4,1100,买盘
10:45:47,2.75,0.0,3,825,买盘
10:45:50,2.74,-0.01,45,12370,卖盘
10:45:53,2.75,0.01,100,27474,买盘
10:45:59,2.75,0.0,83,22825,买盘
10:46:02,2.75,0.0,5,1374,买盘
10:46:05,2.75,0.0,30,8250,买盘
10:46:08,2.75,0.0,89,24424,买盘
10:46:11,2.75,0.0,32,8774,买盘
10:46:14,2.75,0.0,184,50465,买盘
10:46:20,2.75,0.0,11,3025,买盘
10:46:26,2.75,0.0,17,4675,买盘
10:46:32,2.75,0.0,91,25025,买盘
10:46:35,2.75,0.0,250,68550,买盘
10:46:41,2.75,0.0,177,48520,买盘
10:46:47,2.75,0.0,26,7125,买盘
10:46:50,2.75,0.0,10,2750,买盘
10:46:56,2.75,0.0,20,5500,买盘
10:46:59,2.75,0.0,45,12375,买盘
10:47:02,2.75,0.0,12,3300,买盘
10:47:05,2.74,-0.01,80,21970,卖盘
10:47:11,2.74,0.0,8,2192,卖盘
10:47:14,2.74,0.0,113,30964,卖盘
10:47:17,2.74,0.0,100,27400,卖盘
10:47:20,2.74,0.0,106,29051,卖盘
10:47:23,2.74,0.0,107,29375,卖盘
10:47:26,2.75,0.01,8,2200,买盘
10:47:29,2.75,0.0,1217,334675,买盘
10:47:32,2.75,0.0,111,30525,买盘
10:47:35,2.75,0.0,10,2750,买盘
10:47:38,2.75,0.0,15,4125,买盘
10:47:41,2.75,0.0,50,13750,买盘
10:47:47,2.74,-0.01,120,32880,卖盘
10:47:50,2.75,0.01,66,18150,买盘
10:47:56,2.74,-0.01,88,24137,卖盘
10:47:59,2.75,0.01,53,14525,买盘
10:48:02,2.74,-0.01,293,80558,卖盘
10:48:05,2.75,0.01,100,27500,买盘
10:48:08,2.74,-0.01,21,5754,卖盘
10:48:11,2.75,0.01,37,10175,买盘
10:48:17,2.74,-0.01,50,13713,卖盘
10:48:20,2.74,0.0,555,152505,卖盘
10:48:23,2.75,0.01,10,2750,买盘
10:48:26,2.75,0.0,2,550,买盘
10:48:29,2.75,0.0,50,13740,买盘
10:48:32,2.75,0.0,14,3850,买盘
10:48:35,2.75,0.0,40,11000,买盘
10:48:41,2.75,0.0,159,43725,买盘
10:48:44,2.75,0.0,1,275,买盘
10:48:47,2.75,0.0,57,15650,买盘
10:48:50,2.74,-0.01,110,30150,卖盘
10:48:53,2.75,0.01,2,550,买盘
10:48:56,2.75,0.0,35,9625,买盘
10:48:59,2.75,0.0,2,550,买盘
10:49:02,2.75,0.0,4,1100,买盘
10:49:08,2.75,0.0,6,1645,买盘
10:49:11,2.74,-0.01,115,31520,卖盘
10:49:14,2.75,0.01,13,3564,买盘
10:49:17,2.74,-0.01,28,7692,卖盘
10:49:29,2.75,0.01,14,3850,买盘
10:49:32,2.74,-0.01,10,2740,卖盘
10:49:35,2.75,0.01,305,83875,买盘
10:49:38,2.75,0.0,20,5490,买盘
10:49:41,2.75,0.0,13,3575,买盘
10:49:44,2.75,0.0,6,1650,买盘
10:49:50,2.74,-0.01,179,49046,卖盘
10:49:53,2.75,0.01,43,11800,买盘
10:49:56,2.74,-0.01,55,15116,卖盘
10:50:02,2.75,0.01,19,5225,买盘
10:50:05,2.75,0.0,1,275,买盘
10:50:08,2.74,-0.01,10,2740,卖盘
10:50:14,2.75,0.01,376,103400,买盘
10:50:17,2.75,0.0,57,15642,买盘
10:50:20,2.74,-0.01,394,107956,卖盘
10:50:23,2.75,0.01,57,15674,买盘
10:50:26,2.74,-0.01,15,4110,卖盘
10:50:29,2.75,0.01,9,2475,买盘
10:50:32,2.75,0.0,31,8495,买盘
10:50:35,2.74,-0.01,1063,291262,卖盘
10:50:38,2.75,0.01,145,39875,买盘
10:50:44,2.74,-0.01,61,16714,买盘
10:50:47,2.74,0.0,6,1644,买盘
10:50:50,2.74,0.0,34,9316,买盘
10:50:53,2.74,0.0,371,101654,买盘
10:50:56,2.74,0.0,77,21098,卖盘
10:50:59,2.74,0.0,18,4932,卖盘
10:51:02,2.74,0.0,1,274,买盘
10:51:05,2.75,0.01,101,27742,买盘
10:51:08,2.74,-0.01,78,21373,中性盘
10:51:11,2.74,0.0,38,10409,买盘
10:51:14,2.75,0.01,52,14300,买盘
10:51:20,2.74,-0.01,165,45210,卖盘
10:51:23,2.74,0.0,10,2740,买盘
10:51:26,2.74,0.0,1438,393912,买盘
10:51:29,2.74,0.0,5,1370,卖盘
10:51:32,2.74,0.0,30,8220,卖盘
10:51:35,2.74,0.0,253,69322,卖盘
10:51:38,2.74,0.0,9,2466,买盘
10:51:41,2.74,0.0,139,38088,买盘
10:51:44,2.74,0.0,458,125492,买盘
10:51:47,2.74,0.0,5,1370,卖盘
10:51:50,2.74,0.0,82,22548,卖盘
10:51:56,2.74,0.0,7,1922,卖盘
10:51:59,2.75,0.01,74,20296,买盘
10:52:02,2.75,0.0,202,55550,买盘
10:52:08,2.75,0.0,124,34027,买盘
10:52:11,2.75,0.0,17,4675,买盘
10:52:14,2.75,0.0,8,2200,买盘
10:52:17,2.74,-0.01,99,27126,卖盘
10:52:20,2.74,0.0,22,6028,买盘
10:52:29,2.74,0.0,353,96722,买盘
10:52:32,2.74,0.0,44,12056,卖盘
10:52:35,2.74,0.0,40,10960,卖盘
10:52:50,2.74,0.0,50,13700,卖盘
10:52:53,2.74,0.0,106,29045,卖盘
10:52:56,2.74,0.0,40,10960,卖盘
10:53:02,2.75,0.01,1,275,买盘
10:53:05,2.75,0.0,256,70400,买盘
10:53:08,2.75,0.0,23,6303,买盘
10:53:11,2.74,-0.01,120,32880,卖盘
10:53:14,2.75,0.01,3,825,买盘
10:53:17,2.75,0.0,620,169920,买盘
10:53:20,2.75,0.0,115,31525,买盘
10:53:23,2.74,-0.01,16,4386,卖盘
10:53:26,2.75,0.01,369,101242,买盘
10:53:29,2.74,-0.01,115,31525,卖盘
10:53:32,2.75,0.01,615,169021,买盘
10:53:35,2.74,-0.01,200,54800,卖盘
10:53:38,2.74,0.0,47,12889,卖盘
10:53:41,2.74,0.0,50,13700,卖盘
10:53:44,2.74,0.0,70,19180,卖盘
10:53:47,2.74,0.0,8,2192,卖盘
10:53:53,2.75,0.01,87,23840,买盘
10:53:56,2.75,0.0,1,275,买盘
10:53:59,2.74,-0.01,2,548,卖盘
10:54:05,2.74,0.0,119,32668,卖盘
10:54:14,2.75,0.01,335,92125,买盘
10:54:17,2.75,0.0,1,275,买盘
10:54:20,2.75,0.0,34,9340,买盘
10:54:23,2.75,0.0,11,3025,买盘
10:54:29,2.75,0.0,11,3025,买盘
10:54:35,2.75,0.0,24,6600,买盘
10:54:38,2.75,0.0,5,1375,买盘
10:54:41,2.74,-0.01,2,548,卖盘
10:54:44,2.74,0.0,252,69068,卖盘
10:54:50,2.75,0.01,42,11510,买盘
10:54:53,2.75,0.0,122,33450,买盘
10:54:56,2.75,0.0,257,70425,买盘
10:54:59,2.75,0.0,2,550,买盘
10:55:02,2.74,-0.01,117,32058,卖盘
10:55:05,2.75,0.01,174,47750,买盘
10:55:08,2.74,-0.01,189,51836,卖盘
10:55:11,2.75,0.01,15,4125,买盘
10:55:14,2.74,-0.01,140,38362,卖盘
10:55:17,2.75,0.01,260,71500,买盘
10:55:20,2.74,-0.01,84,23060,卖盘
10:55:23,2.74,0.0,6,1645,卖盘
10:55:32,2.75,0.01,2,550,买盘
10:55:38,2.74,-0.01,103,28222,卖盘
10:55:41,2.75,0.01,10,2750,买盘
10:55:44,2.75,0.0,28,7700,买盘
10:55:50,2.74,-0.01,19,5206,卖盘
10:55:53,2.74,0.0,8,2192,卖盘
10:55:56,2.75,0.01,9,2475,买盘
10:55:59,2.74,-0.01,11,3020,卖盘
10:56:02,2.74,0.0,4,1096,卖盘
10:56:05,2.75,0.01,159,43725,买盘
10:56:08,2.74,-0.01,20,5480,卖盘
10:56:11,2.75,0.01,4,1100,买盘
10:56:23,2.75,0.0,74,20350,买盘
10:56:26,2.74,-0.01,5,1370,卖盘
10:56:29,2.75,0.01,3,825,买盘
10:56:35,2.75,0.0,1,275,买盘
10:56:38,2.75,0.0,68,18700,买盘
10:56:41,2.74,-0.01,10,2740,卖盘
10:56:44,2.75,0.01,1,275,买盘
10:56:53,2.75,0.0,8,2200,买盘
10:56:56,2.75,0.0,6,1646,买盘
10:56:59,2.75,0.0,200,55000,买盘
10:57:02,2.75,0.0,1,275,买盘
10:57:05,2.74,-0.01,24,6597,卖盘
10:57:11,2.75,0.01,51,14025,买盘
10:57:14,2.75,0.0,5,1371,买盘
10:57:17,2.75,0.0,4,1100,买盘
10:57:20,2.74,-0.01,141,38634,卖盘
10:57:23,2.74,0.0,20,5480,卖盘
10:57:29,2.74,0.0,378,103949,卖盘
10:57:32,2.75,0.01,36,9900,买盘
10:57:38,2.74,-0.01,121,33154,卖盘
10:57:41,2.74,0.0,53,14522,卖盘
10:57:47,2.75,0.01,200,55000,买盘
10:57:50,2.74,-0.01,170,46580,卖盘
10:57:53,2.74,0.0,76,20888,卖盘
10:57:56,2.74,0.0,1,274,卖盘
10:58:05,2.75,0.01,35,9625,买盘
10:58:11,2.75,0.0,151,41525,买盘
10:58:14,2.74,-0.01,50,13700,卖盘
10:58:17,2.75,0.01,38,10424,买盘
10:58:23,2.75,0.0,280,76870,买盘
10:58:26,2.74,-0.01,35,9620,卖盘
10:58:29,2.75,0.01,2660,731500,买盘
10:58:32,2.75,0.0,21,5775,买盘
10:58:35,2.75,0.0,239,65525,买盘
10:58:38,2.75,0.0,11,3025,买盘
10:58:41,2.75,0.0,7,1925,买盘
10:58:44,2.75,0.0,10,2750,买盘
10:58:47,2.75,0.0,40,10975,买盘
10:58:50,2.74,-0.01,151,41375,卖盘
10:58:53,2.75,0.01,8,2200,买盘
10:59:02,2.75,0.0,10,2750,买盘
10:59:05,2.75,0.0,18,4950,买盘
10:59:08,2.74,-0.01,24,6576,卖盘
10:59:11,2.74,0.0,275,75350,卖盘
10:59:17,2.75,0.01,4,1100,买盘
10:59:20,2.74,-0.01,8,2195,卖盘
10:59:23,2.74,0.0,33,9052,卖盘
10:59:26,2.74,0.0,14,3836,卖盘
10:59:29,2.75,0.01,3,825,买盘
10:59:38,2.75,0.0,11,3025,买盘
10:59:41,2.75,0.0,5,1375,买盘
10:59:44,2.75,0.0,7,1925,买盘
10:59:50,2.75,0.0,1,275,买盘
10:59:56,2.75,0.0,122,33550,买盘
10:59:59,2.75,0.0,100,27500,买盘
11:00:02,2.74,-0.01,8,2192,卖盘
11:00:05,2.75,0.01,32,8800,买盘
11:00:08,2.75,0.0,2,550,买盘
11:00:11,2.74,-0.01,4,1096,卖盘
11:00:14,2.75,0.01,93,25574,买盘
11:00:17,2.74,-0.01,52,14250,卖盘
11:00:20,2.74,0.0,20,5480,卖盘
11:00:26,2.74,0.0,30,8220,卖盘
11:00:32,2.74,0.0,10,2740,卖盘
11:00:35,2.75,0.01,128,35187,买盘
11:00:38,2.74,-0.01,5,1372,卖盘
11:00:44,2.75,0.01,300,82500,买盘
11:00:50,2.74,-0.01,20,5480,卖盘
11:00:53,2.74,0.0,9,2466,卖盘
11:00:56,2.74,0.0,69,18953,卖盘
11:00:59,2.75,0.01,76,20900,买盘
11:01:02,2.75,0.0,43,11825,买盘
11:01:08,2.75,0.0,207,56864,买盘
11:01:11,2.75,0.0,100,27450,买盘
11:01:14,2.74,-0.01,286,78637,卖盘
11:01:17,2.75,0.01,2,550,买盘
11:01:20,2.75,0.0,15,4125,买盘
11:01:23,2.75,0.0,13,3575,买盘
11:01:29,2.75,0.0,200,55000,买盘
11:01:32,2.75,0.0,1,275,买盘
11:01:35,2.75,0.0,354,97350,买盘
11:01:41,2.75,0.0,22,6050,买盘
11:01:44,2.75,0.0,27,7425,买盘
11:01:47,2.75,0.0,14,3850,买盘
11:01:50,2.75,0.0,33,9075,买盘
11:01:56,2.75,0.0,221,60775,买盘
11:01:59,2.75,0.0,31,8525,买盘
11:02:02,2.75,0.0,40,11000,买盘
11:02:05,2.75,0.0,348,95650,买盘
11:02:08,2.75,0.0,5,1375,买盘
11:02:11,2.74,-0.01,13,3562,卖盘
11:02:17,2.75,0.01,187,51425,买盘
11:02:20,2.74,-0.01,1376,377100,卖盘
11:02:23,2.74,0.0,5,1374,卖盘
11:02:26,2.74,0.0,98,26860,卖盘
11:02:35,2.74,0.0,101,27774,卖盘
11:02:38,2.75,0.01,100,27500,买盘
11:02:41,2.74,-0.01,37,10153,卖盘
11:02:44,2.75,0.01,80,22000,买盘
11:02:47,2.74,-0.01,6,1644,卖盘
11:02:50,2.74,0.0,88,24185,卖盘
11:02:53,2.75,0.01,210,57750,买盘
11:02:56,2.75,0.0,10,2750,买盘
11:03:08,2.74,-0.01,58,15892,卖盘
11:03:11,2.75,0.01,30,8250,买盘
11:03:14,2.75,0.0,7,1925,买盘
11:03:17,2.75,0.0,635,174625,买盘
11:03:20,2.75,0.0,200,55000,买盘
11:03:23,2.74,-0.01,50,13700,卖盘
11:03:26,2.75,0.01,201,55275,买盘
11:03:29,2.75,0.0,178,48930,买盘
11:03:32,2.75,0.0,2,550,买盘
11:03:35,2.75,0.0,341,93775,买盘
11:03:38,2.75,0.0,2,550,买盘
11:03:41,2.74,-0.01,11,3014,卖盘
11:03:44,2.75,0.01,22,6037,买盘
11:03:47,2.75,0.0,60,16499,买盘
11:03:50,2.75,0.0,64,17600,买盘
11:03:53,2.74,-0.01,332,90968,卖盘
11:03:56,2.75,0.01,38,10449,买盘
11:03:59,2.75,0.0,3,825,买盘
11:04:02,2.75,0.0,102,28050,买盘
11:04:08,2.74,-0.01,1,274,卖盘
11:04:11,2.74,0.0,37,10158,卖盘
11:04:17,2.75,0.01,55,15117,买盘
11:04:20,2.75,0.0,3,825,买盘
11:04:23,2.75,0.0,394,108350,买盘
11:04:29,2.75,0.0,67,18425,买盘
11:04:32,2.74,-0.01,7,1918,卖盘
11:04:35,2.75,0.01,21,5775,买盘
11:04:38,2.75,0.0,20,5500,买盘
11:04:41,2.75,0.0,20,5500,买盘
11:04:44,2.75,0.0,205,56375,买盘
11:04:47,2.75,0.0,79,21725,买盘
11:04:50,2.75,0.0,7,1925,买盘
11:04:53,2.75,0.0,7,1925,买盘
11:04:56,2.75,0.0,167,45925,买盘
11:05:02,2.75,0.0,13,3575,买盘
11:05:08,2.75,0.0,51,14025,买盘
11:05:14,2.75,0.0,92,25300,买盘
11:05:17,2.75,0.0,4,1100,买盘
11:05:23,2.75,0.0,2,550,买盘
11:05:26,2.74,-0.01,4,1096,卖盘
11:05:38,2.75,0.01,40,10980,买盘
11:05:44,2.74,-0.01,146,40006,卖盘
11:05:50,2.74,0.0,21,5754,卖盘
11:05:53,2.75,0.01,2,550,买盘
11:05:59,2.75,0.0,237,65175,买盘
11:06:02,2.75,0.0,104,28500,买盘
11:06:05,2.75,0.0,11,3024,买盘
11:06:11,2.74,-0.01,12,3288,卖盘
11:06:20,2.74,0.0,493,135102,卖盘
11:06:23,2.74,0.0,83,22742,卖盘
11:06:26,2.75,0.01,78,21392,买盘
11:06:32,2.75,0.0,24,6590,买盘
11:06:35,2.74,-0.01,112,30698,卖盘
11:06:44,2.75,0.01,8,2200,买盘
11:06:47,2.75,0.0,18,4933,买盘
11:06:50,2.74,-0.01,51,13974,卖盘
11:06:53,2.74,0.0,194,53280,卖盘
11:06:56,2.74,0.0,4,1099,卖盘
11:07:02,2.74,0.0,55,15075,卖盘
11:07:05,2.75,0.01,189,51975,买盘
11:07:08,2.75,0.0,67,18425,买盘
11:07:11,2.74,-0.01,10,2740,卖盘
11:07:14,2.74,0.0,123,33802,卖盘
11:07:17,2.74,0.0,50,13700,卖盘
11:07:20,2.74,0.0,193,52882,卖盘
11:07:23,2.74,0.0,4,1096,卖盘
11:07:26,2.75,0.01,811,223025,买盘
11:07:32,2.75,0.0,90,24750,买盘
11:07:38,2.74,-0.01,80,21920,卖盘
11:07:41,2.75,0.01,28,7700,买盘
11:07:44,2.75,0.0,1,275,买盘
11:07:47,2.75,0.0,214,58850,买盘
11:07:50,2.74,-0.01,11,3021,卖盘
11:07:53,2.75,0.01,1,275,买盘
11:07:56,2.75,0.0,12,3290,买盘
11:07:59,2.75,0.0,10,2750,买盘
11:08:05,2.75,0.0,51,14025,买盘
11:08:08,2.74,-0.01,577,158099,卖盘
11:08:11,2.74,0.0,50,13700,卖盘
11:08:14,2.74,0.0,15,4119,卖盘
11:08:20,2.75,0.01,225,61875,买盘
11:08:23,2.74,-0.01,39,10686,卖盘
11:08:29,2.75,0.01,13,3565,买盘
11:08:32,2.74,-0.01,372,101928,卖盘
11:08:38,2.75,0.01,717,196975,买盘
11:08:41,2.75,0.0,2,550,买盘
11:08:44,2.75,0.0,77,21118,买盘
11:08:47,2.75,0.0,32,8800,买盘
11:08:50,2.75,0.0,3,823,买盘
11:08:53,2.75,0.0,10,2750,买盘
11:08:56,2.75,0.0,32,8788,买盘
11:08:59,2.75,0.0,3,825,买盘
11:09:02,2.75,0.0,124,34100,买盘
11:09:05,2.75,0.0,40,11000,买盘
11:09:08,2.75,0.0,24,6598,买盘
11:09:14,2.74,-0.01,45,12330,卖盘
11:09:20,2.75,0.01,32,8798,买盘
11:09:23,2.75,0.0,23,6312,买盘
11:09:32,2.75,0.0,195,53625,买盘
11:09:35,2.75,0.0,13,3575,买盘
11:09:38,2.75,0.0,104,28594,买盘
11:09:41,2.75,0.0,2,550,买盘
11:09:44,2.75,0.0,2,550,买盘
11:09:47,2.75,0.0,505,138375,买盘
11:09:50,2.75,0.0,18,4950,买盘
11:09:56,2.74,-0.01,6,1649,卖盘
11:10:02,2.75,0.01,1,275,买盘
11:10:17,2.75,0.0,1,275,买盘
11:10:20,2.75,0.0,146,40150,买盘
11:10:23,2.75,0.0,14,3850,买盘
11:10:29,2.75,0.0,20,5500,买盘
11:10:35,2.75,0.0,8,2200,买盘
11:10:38,2.75,0.0,877,241175,买盘
11:10:41,2.74,-0.01,250,68500,卖盘
11:10:44,2.75,0.01,204,56100,买盘
11:10:50,2.74,-0.01,217,59640,卖盘
11:10:53,2.75,0.01,1,275,买盘
11:10:56,2.74,-0.01,136,37398,卖盘
11:10:59,2.74,0.0,42,11548,卖盘
11:11:02,2.75,0.01,26,7150,买盘
11:11:05,2.74,-0.01,98,26852,卖盘
11:11:14,2.75,0.01,49,13475,买盘
11:11:20,2.75,0.0,8,2200,买盘
11:11:23,2.75,0.0,104,28600,买盘
11:11:29,2.74,-0.01,77,21098,卖盘
11:11:32,2.75,0.01,70,19209,买盘
11:11:44,2.74,-0.01,65,17810,卖盘
11:11:47,2.75,0.01,76,20880,买盘
11:11:50,2.74,-0.01,5,1370,卖盘
11:11:59,2.75,0.01,151,41376,买盘
11:12:02,2.74,-0.01,2,548,卖盘
11:12:05,2.74,0.0,457,125428,卖盘
11:12:11,2.74,0.0,52,14248,卖盘
11:12:14,2.74,0.0,108,29600,卖盘
11:12:17,2.75,0.01,195,53625,买盘
11:12:26,2.74,-0.01,10,2740,卖盘
11:12:29,2.75,0.01,47,12925,买盘
11:12:32,2.75,0.0,21,5775,买盘
11:12:35,2.75,0.0,13,3565,买盘
11:12:38,2.74,-0.01,395,108610,卖盘
11:12:44,2.74,0.0,21,5754,卖盘
11:12:47,2.74,0.0,20,5480,卖盘
11:12:53,2.75,0.01,8,2200,买盘
11:12:59,2.75,0.0,3,825,买盘
11:13:05,2.75,0.0,2,550,买盘
11:13:11,2.75,0.0,47,12921,买盘
11:13:14,2.75,0.0,35,9625,买盘
11:13:17,2.74,-0.01,1,274,卖盘
11:13:20,2.75,0.01,200,55000,买盘
11:13:23,2.74,-0.01,60,16440,卖盘
11:13:26,2.75,0.01,241,66234,买盘
11:13:32,2.74,-0.01,100,27400,卖盘
11:13:38,2.75,0.01,16,4400,买盘
11:13:41,2.75,0.0,7,1925,买盘
11:13:47,2.75,0.0,22,6030,买盘
11:13:50,2.75,0.0,142,39050,买盘
11:13:53,2.74,-0.01,43,11782,卖盘
11:13:56,2.74,0.0,2010,552740,卖盘
11:13:59,2.75,0.01,205,56375,买盘
11:14:02,2.75,0.0,659,180569,买盘
11:14:08,2.75,0.0,26,7150,买盘
11:14:11,2.75,0.0,2,550,买盘
11:14:17,2.75,0.0,5,1371,买盘
11:14:20,2.75,0.0,24,6600,买盘
11:14:23,2.75,0.0,27,7425,买盘
11:14:26,2.75,0.0,9,2475,买盘
11:14:29,2.74,-0.01,103,28225,卖盘
11:14:32,2.74,0.0,289,79186,卖盘
11:14:35,2.75,0.01,823,226232,买盘
11:14:38,2.74,-0.01,86,23564,卖盘
11:14:41,2.74,0.0,2,548,卖盘
11:14:47,2.75,0.01,1,275,买盘
11:14:50,2.75,0.0,28,7679,买盘
11:14:56,2.75,0.0,51,14025,买盘
11:14:59,2.75,0.0,64,17600,买盘
11:15:02,2.75,0.0,10,2746,买盘
11:15:05,2.74,-0.01,60,16440,卖盘
11:15:08,2.75,0.01,11738,3227950,买盘
11:15:11,2.75,0.0,9,2475,卖盘
11:15:14,2.76,0.01,18,4968,买盘
11:15:17,2.76,0.0,68,18757,买盘
11:15:20,2.76,0.0,96,26496,买盘
11:15:26,2.76,0.0,5,1380,买盘
11:15:32,2.76,0.0,56,15456,买盘
11:15:35,2.76,0.0,1,276,买盘
11:15:38,2.76,0.0,802,221327,买盘
11:15:41,2.76,0.0,4,1104,买盘
11:15:44,2.76,0.0,129,35604,买盘
11:15:47,2.76,0.0,16,4416,买盘
11:15:50,2.76,0.0,11,3036,买盘
11:15:53,2.76,0.0,42,11592,买盘
11:15:56,2.75,-0.01,10,2759,卖盘
11:15:59,2.76,0.01,270,74520,买盘
11:16:02,2.76,0.0,45,12420,买盘
11:16:05,2.76,0.0,6,1656,买盘
11:16:08,2.76,0.0,6,1656,买盘
11:16:11,2.76,0.0,3194,881544,买盘
11:16:14,2.76,0.0,219,60444,买盘
11:16:17,2.76,0.0,106,29256,买盘
11:16:20,2.76,0.0,459,126581,买盘
11:16:23,2.76,0.0,5,1380,买盘
11:16:26,2.76,0.0,60,16560,买盘
11:16:29,2.76,0.0,206,56856,买盘
11:16:32,2.76,0.0,68,18768,买盘
11:16:35,2.76,0.0,8,2208,买盘
11:16:38,2.76,0.0,145,40020,买盘
11:16:41,2.76,0.0,205,56580,买盘
11:16:44,2.76,0.0,156,43056,买盘
11:16:47,2.76,0.0,115,31680,买盘
11:16:50,2.76,0.0,91,25116,买盘
11:16:53,2.76,0.0,1,276,买盘
11:16:56,2.76,0.0,803,221628,买盘
11:16:59,2.76,0.0,10,2760,买盘
11:17:02,2.76,0.0,418,115368,买盘
11:17:05,2.76,0.0,49,13524,买盘
11:17:08,2.76,0.0,158,43558,买盘
11:17:11,2.76,0.0,2,552,买盘
11:17:14,2.76,0.0,141,38916,买盘
11:17:17,2.76,0.0,76,20976,买盘
11:17:20,2.76,0.0,15,4140,买盘
11:17:23,2.76,0.0,21,5796,买盘
11:17:26,2.76,0.0,174,47994,买盘
11:17:29,2.75,-0.01,111,30586,卖盘
11:17:32,2.76,0.01,121,33396,买盘
11:17:35,2.76,0.0,5102,1408152,买盘
11:17:38,2.76,0.0,2961,817236,买盘
11:17:41,2.77,0.01,2401,664020,买盘
11:17:44,2.77,0.0,1209,334848,买盘
11:17:47,2.77,0.0,122,33714,买盘
11:17:50,2.77,0.0,74,20496,买盘
11:17:53,2.77,0.0,162,44874,买盘
11:17:56,2.77,0.0,1111,307743,买盘
11:17:59,2.77,0.0,1149,318273,买盘
11:18:02,2.77,0.0,123,34071,买盘
11:18:05,2.77,0.0,724,200497,买盘
11:18:08,2.77,0.0,12,3324,买盘
11:18:11,2.77,0.0,129,35733,买盘
11:18:14,2.77,0.0,223,61771,买盘
11:18:17,2.77,0.0,26,7202,买盘
11:18:20,2.77,0.0,536,148418,买盘
11:18:23,2.77,0.0,38,10526,买盘
11:18:26,2.77,0.0,115,31855,买盘
11:18:29,2.77,0.0,50,13850,买盘
11:18:32,2.76,-0.01,90,24922,卖盘
11:18:35,2.77,0.01,121,33517,买盘
11:18:38,2.76,-0.01,81,22426,卖盘
11:18:41,2.76,0.0,41,11317,卖盘
11:18:44,2.77,0.01,100,27641,买盘
11:18:47,2.76,-0.01,20,5539,卖盘
11:18:50,2.77,0.01,45,12465,买盘
11:18:53,2.77,0.0,322,89194,买盘
11:18:56,2.76,-0.01,1,276,卖盘
11:18:59,2.76,0.0,856,236384,卖盘
11:19:02,2.77,0.01,112,30976,买盘
11:19:05,2.77,0.0,84,23237,买盘
11:19:11,2.77,0.0,11,3046,买盘
11:19:14,2.77,0.0,354,98058,买盘
11:19:17,2.77,0.0,211,58250,买盘
11:19:20,2.76,-0.01,11,3046,卖盘
11:19:26,2.77,0.01,98,27136,买盘
11:19:29,2.77,0.0,14,3878,买盘
11:19:32,2.77,0.0,158,43766,买盘
11:19:35,2.77,0.0,12,3324,买盘
11:19:38,2.76,-0.01,266,73416,卖盘
11:19:41,2.77,0.01,253,70081,买盘
11:19:44,2.76,-0.01,148,40850,卖盘
11:19:47,2.77,0.01,110,30470,买盘
11:19:50,2.77,0.0,131,36287,买盘
11:19:53,2.76,-0.01,281,77587,卖盘
11:19:56,2.77,0.01,3,831,买盘
11:19:59,2.76,-0.01,175,48400,卖盘
11:20:02,2.77,0.01,83,22971,买盘
11:20:05,2.76,-0.01,765,211845,卖盘
11:20:08,2.77,0.01,333,91909,买盘
11:20:11,2.76,-0.01,64,17664,卖盘
11:20:14,2.77,0.01,10,2766,买盘
11:20:20,2.77,0.0,205,56785,买盘
11:20:23,2.77,0.0,81,22437,买盘
11:20:26,2.77,0.0,380,105260,买盘
11:20:29,2.77,0.0,56,15512,买盘
11:20:32,2.77,0.0,31,8587,买盘
11:20:35,2.77,0.0,54,14958,买盘
11:20:38,2.77,0.0,16,4432,买盘
11:20:41,2.77,0.0,5,1385,买盘
11:20:44,2.77,0.0,136,37647,买盘
11:20:47,2.77,0.0,206,57062,买盘
11:20:50,2.77,0.0,1,277,买盘
11:20:53,2.76,-0.01,1,276,卖盘
11:20:56,2.77,0.01,216,59648,买盘
11:20:59,2.77,0.0,275,76175,买盘
11:21:02,2.77,0.0,134,37118,买盘
11:21:05,2.76,-0.01,73,20220,卖盘
11:21:08,2.77,0.01,70,19390,买盘
11:21:11,2.77,0.0,2000,554000,买盘
11:21:14,2.77,0.0,513,142101,买盘
11:21:17,2.77,0.0,2197,608569,买盘
11:21:20,2.77,0.0,3620,1002740,买盘
11:21:23,2.77,0.0,5357,1483889,买盘
11:21:26,2.77,0.0,4047,1120922,买盘
11:21:29,2.77,0.0,438,121326,买盘
11:21:32,2.77,0.0,491,136003,买盘
11:21:35,2.77,0.0,1193,330461,买盘
11:21:38,2.77,0.0,605,167417,买盘
11:21:41,2.76,-0.01,128,35356,卖盘
11:21:44,2.77,0.01,177,49029,买盘
11:21:47,2.77,0.0,1324,365650,买盘
11:21:50,2.77,0.0,348,96396,买盘
11:21:53,2.77,0.0,24,6648,买盘
11:21:56,2.77,0.0,369,102013,买盘
11:21:59,2.76,-0.01,407,112726,卖盘
11:22:02,2.77,0.01,6,1662,买盘
11:22:05,2.77,0.0,5,1385,买盘
11:22:08,2.77,0.0,21,5817,买盘
11:22:11,2.77,0.0,250,69200,买盘
11:22:17,2.77,0.0,2,554,买盘
11:22:20,2.77,0.0,1,277,买盘
11:22:23,2.76,-0.01,99,27324,卖盘
11:22:26,2.77,0.01,116,32132,买盘
11:22:29,2.77,0.0,324,89644,买盘
11:22:32,2.76,-0.01,143,39551,卖盘
11:22:35,2.77,0.01,368,101936,买盘
11:22:38,2.77,0.0,25,6925,买盘
11:22:41,2.77,0.0,410,113210,买盘
11:22:44,2.77,0.0,172,47612,买盘
11:22:47,2.77,0.0,7,1939,买盘
11:22:50,2.77,0.0,19,5263,买盘
11:22:53,2.77,0.0,11,3047,买盘
11:22:56,2.77,0.0,15,4155,买盘
11:22:59,2.76,-0.01,191,52876,卖盘
11:23:02,2.77,0.01,711,196947,买盘
11:23:05,2.77,0.0,143,39601,买盘
11:23:08,2.77,0.0,209,57892,买盘
11:23:11,2.77,0.0,101,27977,买盘
11:23:14,2.76,-0.01,9,2484,卖盘
11:23:17,2.76,0.0,21,5807,卖盘
11:23:20,2.77,0.01,101,27977,买盘
11:23:26,2.77,0.0,442,122433,买盘
11:23:29,2.77,0.0,251,69527,买盘
11:23:32,2.77,0.0,306,84462,买盘
11:23:35,2.77,0.0,13,3601,买盘
11:23:38,2.77,0.0,102,28254,买盘
11:23:44,2.76,-0.01,10,2760,卖盘
11:23:50,2.77,0.01,21,5807,买盘
11:23:53,2.77,0.0,133,36839,买盘
11:23:56,2.76,-0.01,405,111780,卖盘
11:23:59,2.77,0.01,95,26240,买盘
11:24:02,2.77,0.0,6,1657,买盘
11:24:05,2.77,0.0,258,71260,买盘
11:24:08,2.77,0.0,37,10222,买盘
11:24:11,2.77,0.0,73,20198,买盘
11:24:14,2.76,-0.01,222,61485,卖盘
11:24:17,2.76,0.0,425,117721,卖盘
11:24:20,2.76,0.0,73,20148,卖盘
11:24:23,2.77,0.01,283,78218,买盘
11:24:26,2.77,0.0,148,40996,买盘
11:24:32,2.76,-0.01,856,237072,卖盘
11:24:35,2.77,0.01,260,72018,买盘
11:24:41,2.77,0.0,626,173348,买盘
11:24:44,2.77,0.0,117,32406,买盘
11:24:47,2.76,-0.01,10,2760,卖盘
11:24:50,2.76,0.0,123,33948,卖盘
11:24:53,2.76,0.0,64,17664,卖盘
11:24:56,2.76,0.0,12,3322,卖盘
11:24:59,2.76,0.0,2,552,卖盘
11:25:02,2.76,0.0,258,71413,卖盘
11:25:05,2.77,0.01,247,68410,买盘
11:25:08,2.77,0.0,35,9692,买盘
11:25:14,2.77,0.0,133,36841,买盘
11:25:17,2.76,-0.01,95,26265,卖盘
11:25:20,2.76,0.0,16,4422,卖盘
11:25:23,2.76,0.0,27,7452,卖盘
11:25:26,2.76,0.0,5,1380,卖盘
11:25:29,2.76,0.0,14,3864,卖盘
11:25:32,2.77,0.01,260,71985,买盘
11:25:35,2.77,0.0,261,72295,买盘
11:25:38,2.77,0.0,343,95011,买盘
11:25:41,2.76,-0.01,67,18492,卖盘
11:25:44,2.77,0.01,13,3601,买盘
11:25:47,2.77,0.0,66,18274,买盘
11:25:50,2.77,0.0,326,90085,买盘
11:25:53,2.77,0.0,9,2488,买盘
11:25:56,2.77,0.0,146,40397,买盘
11:26:02,2.76,-0.01,123,34035,卖盘
11:26:05,2.77,0.01,14,3878,买盘
11:26:08,2.77,0.0,4,1108,买盘
11:26:17,2.76,-0.01,97,26866,卖盘
11:26:20,2.76,0.0,3,828,卖盘
11:26:23,2.77,0.01,6,1662,买盘
11:26:26,2.77,0.0,1,277,买盘
11:26:29,2.76,-0.01,322,88947,卖盘
11:26:32,2.76,0.0,234,64594,卖盘
11:26:35,2.77,0.01,20,5525,买盘
11:26:38,2.76,-0.01,375,103562,卖盘
11:26:41,2.76,0.0,28,7729,卖盘
11:26:44,2.77,0.01,80,22160,买盘
11:26:47,2.76,-0.01,115,31740,卖盘
11:26:50,2.77,0.01,8,2216,买盘
11:26:56,2.77,0.0,19,5263,买盘
11:26:59,2.76,-0.01,108,29911,卖盘
11:27:02,2.77,0.01,7,1939,买盘
11:27:05,2.77,0.0,35,9675,买盘
11:27:08,2.77,0.0,18,4986,买盘
11:27:11,2.76,-0.01,56,15481,卖盘
11:27:14,2.76,0.0,150,41400,卖盘
11:27:17,2.77,0.01,507,140439,买盘
11:27:20,2.77,0.0,64,17728,买盘
11:27:23,2.76,-0.01,100,27600,卖盘
11:27:29,2.77,0.01,59,16341,买盘
11:27:32,2.76,-0.01,15,4145,卖盘
11:27:35,2.77,0.01,8,2216,买盘
11:27:38,2.77,0.0,28,7739,买盘
11:27:41,2.77,0.0,393,108861,买盘
11:27:44,2.76,-0.01,95,26221,卖盘
11:27:47,2.77,0.01,27,7479,买盘
11:27:50,2.77,0.0,286,79222,买盘
11:27:53,2.77,0.0,67,18528,买盘
11:27:56,2.77,0.0,354,98051,买盘
11:27:59,2.76,-0.01,40,11040,卖盘
11:28:02,2.77,0.01,351,96886,买盘
11:28:05,2.77,0.0,84,23268,买盘
11:28:08,2.77,0.0,15,4155,买盘
11:28:11,2.77,0.0,112,31024,买盘
11:28:14,2.76,-0.01,2,552,卖盘
11:28:17,2.76,0.0,161,44547,卖盘
11:28:20,2.76,0.0,108,29911,卖盘
11:28:23,2.77,0.01,34,9392,买盘
11:28:26,2.77,0.0,205,56744,买盘
11:28:29,2.76,-0.01,19,5245,卖盘
11:28:32,2.76,0.0,36,9936,卖盘
11:28:35,2.76,0.0,49,13524,卖盘
11:28:38,2.77,0.01,167,46094,买盘
11:28:41,2.77,0.0,16,4432,买盘
11:28:44,2.77,0.0,22,6094,买盘
11:28:47,2.77,0.0,99,27416,买盘
11:28:50,2.77,0.0,274,75894,买盘
11:28:53,2.77,0.0,2,554,买盘
11:28:56,2.77,0.0,20,5530,买盘
11:28:59,2.76,-0.01,1459,402719,卖盘
11:29:02,2.77,0.01,212,58675,买盘
11:29:05,2.77,0.0,13,3601,买盘
11:29:08,2.77,0.0,115,31741,买盘
11:29:11,2.77,0.0,129,35683,买盘
11:29:14,2.77,0.0,32,8864,买盘
11:29:17,2.77,0.0,5,1385,买盘
11:29:20,2.77,0.0,507,140128,买盘
11:29:23,2.77,0.0,64,17728,买盘
11:29:26,2.77,0.0,55,15228,买盘
11:29:29,2.77,0.0,1841,509957,买盘
11:29:32,2.77,0.0,171,47367,买盘
11:29:35,2.77,0.0,493,136561,买盘
11:29:38,2.77,0.0,42,11634,买盘
11:29:41,2.77,0.0,75,20775,买盘
11:29:44,2.77,0.0,236,65372,买盘
11:29:47,2.77,0.0,70,19369,买盘
11:29:50,2.77,0.0,670,185487,买盘
11:29:53,2.77,0.0,324,89748,买盘
11:29:56,2.77,0.0,763,211262,买盘
11:29:59,2.77,0.0,579,160383,买盘
11:30:02,2.77,0.0,95,26315,买盘
13:00:02,2.77,0.0,9996,2768176,买盘
13:00:05,2.77,0.0,7407,2050698,买盘
13:00:08,2.77,0.0,7126,1971143,买盘
13:00:11,2.77,0.0,804,222399,买盘
13:00:14,2.76,-0.01,276,76402,卖盘
13:00:17,2.77,0.01,36,9972,买盘
13:00:20,2.77,0.0,65,17977,买盘
13:00:23,2.77,0.0,123,34061,买盘
13:00:26,2.77,0.0,7,1939,买盘
13:00:29,2.77,0.0,30,8310,买盘
13:00:32,2.76,-0.01,191,52747,卖盘
13:00:35,2.76,0.0,189,52348,卖盘
13:00:38,2.77,0.01,73,20195,买盘
13:00:41,2.77,0.0,671,185554,买盘
13:00:44,2.77,0.0,20,5540,买盘
13:00:47,2.77,0.0,524,145148,买盘
13:00:50,2.77,0.0,50,13850,买盘
13:00:53,2.77,0.0,122,33729,买盘
13:00:56,2.76,-0.01,2,553,卖盘
13:00:59,2.77,0.01,51,14127,买盘
13:01:02,2.77,0.0,5,1385,买盘
13:01:05,2.77,0.0,6,1657,买盘
13:01:08,2.77,0.0,66,18271,买盘
13:01:11,2.77,0.0,18,4986,买盘
13:01:14,2.77,0.0,516,142932,买盘
13:01:17,2.77,0.0,36,9972,买盘
13:01:20,2.76,-0.01,121,33417,卖盘
13:01:26,2.77,0.01,2,554,买盘
13:01:29,2.77,0.0,929,257333,买盘
13:01:32,2.77,0.0,62,17126,买盘
13:01:35,2.76,-0.01,57,15738,卖盘
13:01:38,2.77,0.01,10,2770,买盘
13:01:41,2.77,0.0,17,4709,买盘
13:01:44,2.77,0.0,534,147918,买盘
13:01:47,2.77,0.0,926,256002,买盘
13:01:50,2.77,0.0,380,104941,买盘
13:01:53,2.77,0.0,22,6094,买盘
13:01:56,2.77,0.0,52,14404,买盘
13:01:59,2.76,-0.01,226,62377,卖盘
13:02:02,2.77,0.01,119,32963,买盘
13:02:08,2.77,0.0,25,6915,买盘
13:02:11,2.77,0.0,402,111354,买盘
13:02:14,2.76,-0.01,21,5797,卖盘
13:02:17,2.76,0.0,131,36280,卖盘
13:02:23,2.76,0.0,125,34510,卖盘
13:02:29,2.77,0.01,26,7202,买盘
13:02:35,2.77,0.0,40,11080,买盘
13:02:38,2.77,0.0,15,4155,买盘
13:02:41,2.76,-0.01,2348,648056,卖盘
13:02:44,2.76,0.0,71,19597,卖盘
13:02:47,2.76,0.0,918,253401,卖盘
13:02:50,2.76,0.0,53,14629,卖盘
13:02:53,2.76,0.0,1,276,卖盘
13:02:56,2.77,0.01,88,24302,买盘
13:02:59,2.76,-0.01,340,93840,卖盘
13:03:05,2.76,0.0,87,24012,卖盘
13:03:08,2.76,0.0,1100,303600,卖盘
13:03:11,2.77,0.01,240,66242,买盘
13:03:14,2.76,-0.01,764,210864,卖盘
13:03:17,2.76,0.0,56,15460,卖盘
13:03:23,2.76,0.0,30,8280,卖盘
13:03:26,2.76,0.0,845,233764,卖盘
13:03:29,2.76,0.0,88,24288,卖盘
13:03:32,2.76,0.0,28,7728,卖盘
13:03:35,2.76,0.0,73,20148,卖盘
13:03:38,2.76,0.0,3,828,卖盘
13:03:41,2.77,0.01,119,32951,买盘
13:03:44,2.77,0.0,55,15235,买盘
13:03:47,2.76,-0.01,8,2208,卖盘
13:03:50,2.77,0.01,41,11357,买盘
13:03:53,2.77,0.0,1,277,买盘
13:03:56,2.77,0.0,21,5817,买盘
13:03:59,2.76,-0.01,39,10774,卖盘
13:04:02,2.77,0.01,20,5540,买盘
13:04:05,2.77,0.0,3,831,买盘
13:04:08,2.76,-0.01,154,42648,卖盘
13:04:11,2.77,0.01,26,7202,买盘
13:04:14,2.77,0.0,98,27100,买盘
13:04:17,2.77,0.0,21,5805,买盘
13:04:20,2.76,-0.01,5,1384,卖盘
13:04:23,2.77,0.01,28,7756,买盘
13:04:26,2.77,0.0,135,37295,买盘
13:04:32,2.76,-0.01,100,27600,卖盘
13:04:35,2.77,0.01,220,60939,买盘
13:04:38,2.76,-0.01,355,98005,卖盘
13:04:44,2.76,0.0,320,88346,卖盘
13:04:47,2.77,0.01,122,33779,买盘
13:04:50,2.77,0.0,623,171965,买盘
13:04:53,2.76,-0.01,279,77008,卖盘
13:04:59,2.76,0.0,123,33955,卖盘
13:05:02,2.77,0.01,61,16837,买盘
13:05:05,2.76,-0.01,111,30737,卖盘
13:05:11,2.76,0.0,128,35329,卖盘
13:05:14,2.76,0.0,709,196382,卖盘
13:05:17,2.77,0.01,53,14631,买盘
13:05:20,2.77,0.0,11,3047,买盘
13:05:23,2.76,-0.01,13,3592,卖盘
13:05:26,2.77,0.01,165,45549,买盘
13:05:29,2.76,-0.01,120,33120,卖盘
13:05:32,2.76,0.0,91,25117,卖盘
13:05:35,2.76,0.0,2,552,买盘
13:05:38,2.76,0.0,1,276,买盘
13:05:41,2.76,0.0,20,5520,买盘
13:05:44,2.76,0.0,331,91356,买盘
13:05:47,2.76,0.0,1043,287868,买盘
13:05:50,2.76,0.0,31,8546,买盘
13:05:53,2.76,0.0,54,14904,买盘
13:05:56,2.75,-0.01,306,84424,卖盘
13:05:59,2.76,0.01,154,42576,买盘
13:06:02,2.76,0.0,9,2484,买盘
13:06:08,2.76,0.0,13,3588,买盘
13:06:11,2.76,0.0,236,65136,买盘
13:06:14,2.76,0.0,2,552,买盘
13:06:23,2.76,0.0,209,57684,买盘
13:06:26,2.76,0.0,55,15180,买盘
13:06:29,2.76,0.0,39,10764,买盘
13:06:35,2.75,-0.01,14,3850,卖盘
13:06:41,2.75,0.0,3,826,卖盘
13:06:44,2.76,0.01,40,11030,买盘
13:06:47,2.76,0.0,433,119102,买盘
13:06:50,2.75,-0.01,56,15400,卖盘
13:06:53,2.76,0.01,117,32292,买盘
13:06:56,2.76,0.0,3,828,买盘
13:06:59,2.76,0.0,1,276,买盘
13:07:02,2.76,0.0,32,8802,买盘
13:07:05,2.75,-0.01,41,11275,卖盘
13:07:08,2.75,0.0,341,93775,卖盘
13:07:11,2.75,0.0,6,1650,卖盘
13:07:14,2.76,0.01,200,55020,买盘
13:07:20,2.76,0.0,2011,555117,买盘
13:07:32,2.76,0.0,21,5786,买盘
13:07:35,2.76,0.0,121,33396,买盘
13:07:38,2.75,-0.01,69,18975,卖盘
13:07:41,2.76,0.01,6,1656,买盘
13:07:44,2.76,0.0,30,8280,买盘
13:07:47,2.76,0.0,1131,311026,买盘
13:07:50,2.75,-0.01,99,27225,卖盘
13:07:53,2.75,0.0,57,15676,卖盘
13:07:56,2.76,0.01,32,8832,买盘
13:07:59,2.75,-0.01,53,14578,卖盘
13:08:02,2.75,0.0,125,34375,卖盘
13:08:05,2.76,0.01,170,46751,买盘
13:08:08,2.76,0.0,3,828,买盘
13:08:11,2.76,0.0,40,11040,买盘
13:08:14,2.76,0.0,102,28052,买盘
13:08:17,2.76,0.0,7,1932,买盘
13:08:20,2.76,0.0,100,27600,买盘
13:08:23,2.76,0.0,5,1380,买盘
13:08:26,2.76,0.0,8,2208,买盘
13:08:29,2.76,0.0,8,2208,买盘
13:08:32,2.76,0.0,27,7432,买盘
13:08:35,2.76,0.0,34,9384,买盘
13:08:38,2.76,0.0,1,276,买盘
13:08:41,2.76,0.0,1,276,买盘
13:08:44,2.76,0.0,31,8546,买盘
13:08:47,2.76,0.0,794,218824,买盘
13:08:50,2.76,0.0,41,11286,买盘
13:09:02,2.76,0.0,24,6624,买盘
13:09:05,2.76,0.0,63,17388,买盘
13:09:08,2.76,0.0,10,2760,买盘
13:09:11,2.76,0.0,112,30912,买盘
13:09:14,2.76,0.0,284,78384,买盘
13:09:17,2.76,0.0,205,56380,买盘
13:09:20,2.76,0.0,8,2208,买盘
13:09:23,2.76,0.0,46,12696,买盘
13:09:26,2.76,0.0,11,3036,买盘
13:09:32,2.75,-0.01,94,25901,卖盘
13:09:38,2.76,0.01,12,3312,买盘
13:09:41,2.76,0.0,701,193476,买盘
13:09:47,2.76,0.0,500,138000,买盘
13:09:50,2.76,0.0,7,1932,买盘
13:09:53,2.76,0.0,10,2760,买盘
13:09:59,2.76,0.0,42,11592,买盘
13:10:02,2.76,0.0,89,24546,买盘
13:10:08,2.76,0.0,5,1380,买盘
13:10:11,2.76,0.0,2,552,买盘
13:10:14,2.75,-0.01,16,4415,卖盘
13:10:17,2.75,0.0,26,7152,卖盘
13:10:23,2.76,0.01,1,276,买盘
13:10:26,2.76,0.0,26,7176,买盘
13:10:29,2.75,-0.01,204,56300,卖盘
13:10:32,2.76,0.01,6,1656,买盘
13:10:35,2.76,0.0,5,1380,买盘
13:10:38,2.76,0.0,55,15180,买盘
13:10:41,2.76,0.0,30,8280,买盘
13:10:44,2.76,0.0,1760,485760,买盘
13:10:47,2.76,0.0,17,4692,买盘
13:10:50,2.75,-0.01,177,48675,卖盘
13:10:53,2.75,0.0,230,63473,卖盘
13:10:56,2.76,0.01,25,6900,买盘
13:10:59,2.76,0.0,8,2208,买盘
13:11:05,2.76,0.0,107,29477,买盘
13:11:11,2.76,0.0,121,33396,买盘
13:11:14,2.76,0.0,56,15456,买盘
13:11:20,2.76,0.0,32,8832,买盘
13:11:23,2.75,-0.01,40,11000,卖盘
13:11:26,2.76,0.01,3,828,买盘
13:11:29,2.76,0.0,1,276,买盘
13:11:32,2.76,0.0,38,10488,买盘
13:11:35,2.76,0.0,3,828,买盘
13:11:41,2.75,-0.01,27,7425,卖盘
13:11:50,2.75,0.0,110,30250,卖盘
13:11:53,2.76,0.01,69,19044,买盘
13:11:56,2.75,-0.01,565,155385,卖盘
13:11:59,2.76,0.01,36,9936,买盘
13:12:02,2.75,-0.01,50,13750,卖盘
13:12:05,2.76,0.01,4,1104,买盘
13:12:08,2.75,-0.01,312,85800,卖盘
13:12:11,2.76,0.01,99,27323,买盘
13:12:14,2.75,-0.01,42,11553,卖盘
13:12:17,2.76,0.01,101,27776,买盘
13:12:20,2.76,0.0,3,828,买盘
13:12:29,2.76,0.0,59,16230,买盘
13:12:32,2.75,-0.01,100,27500,卖盘
13:12:35,2.76,0.01,503,138828,买盘
13:12:41,2.76,0.0,55,15180,买盘
13:12:44,2.75,-0.01,371,102099,卖盘
13:12:50,2.75,0.0,3,825,卖盘
13:12:53,2.75,0.0,66,18200,卖盘
13:12:59,2.76,0.01,2,552,买盘
13:13:02,2.76,0.0,2,552,买盘
13:13:08,2.76,0.0,150,41400,买盘
13:13:11,2.76,0.0,118,32568,买盘
13:13:14,2.76,0.0,1,276,买盘
13:13:17,2.76,0.0,39,10754,买盘
13:13:20,2.75,-0.01,100,27500,卖盘
13:13:23,2.76,0.01,1,276,买盘
13:13:26,2.76,0.0,24,6624,买盘
13:13:29,2.75,-0.01,173,47594,卖盘
13:13:32,2.75,0.0,167,45986,卖盘
13:13:35,2.76,0.01,795,218656,买盘
13:13:38,2.76,0.0,30,8280,买盘
13:13:41,2.76,0.0,75,20700,买盘
13:13:47,2.76,0.0,39,10764,买盘
13:13:50,2.76,0.0,13,3588,买盘
13:13:56,2.76,0.0,155,42775,买盘
13:13:59,2.75,-0.01,10,2750,卖盘
13:14:02,2.75,0.0,70,19253,卖盘
13:14:05,2.75,0.0,11,3025,卖盘
13:14:08,2.76,0.01,3,828,买盘
13:14:11,2.75,-0.01,109,30010,卖盘
13:14:14,2.76,0.01,143,39465,买盘
13:14:20,2.76,0.0,89,24479,买盘
13:14:23,2.75,-0.01,63,17325,卖盘
13:14:29,2.76,0.01,22,6072,买盘
13:14:38,2.75,-0.01,52,14302,卖盘
13:14:44,2.76,0.01,55,15136,买盘
13:14:47,2.75,-0.01,318,87570,卖盘
13:14:50,2.76,0.01,24,6609,买盘
13:14:53,2.75,-0.01,517,142175,卖盘
13:14:56,2.75,0.0,1,275,买盘
13:14:59,2.75,0.0,23,6325,买盘
13:15:02,2.75,0.0,2,550,买盘
13:15:05,2.74,-0.01,142,38913,卖盘
13:15:08,2.74,0.0,197,53979,卖盘
13:15:11,2.75,0.01,78,21450,买盘
13:15:14,2.74,-0.01,1,274,卖盘
13:15:23,2.75,0.01,20,5500,买盘
13:15:26,2.74,-0.01,20,5480,卖盘
13:15:29,2.75,0.01,485,132935,买盘
13:15:32,2.74,-0.01,92,25208,卖盘
13:15:38,2.75,0.01,40,10981,买盘
13:15:44,2.75,0.0,1,275,买盘
13:15:47,2.74,-0.01,57,15618,卖盘
13:15:50,2.75,0.01,4,1100,买盘
13:15:53,2.75,0.0,7,1920,买盘
13:15:56,2.75,0.0,2,550,买盘
13:15:59,2.75,0.0,107,29425,买盘
13:16:05,2.74,-0.01,142,38908,卖盘
13:16:11,2.75,0.01,154,42350,买盘
13:16:14,2.75,0.0,15,4125,买盘
13:16:17,2.75,0.0,112,30738,买盘
13:16:23,2.75,0.0,2,550,买盘
13:16:26,2.75,0.0,14,3850,买盘
13:16:29,2.75,0.0,51,14024,买盘
13:16:32,2.75,0.0,268,73700,买盘
13:16:35,2.75,0.0,93,25569,买盘
13:16:38,2.74,-0.01,182,49868,卖盘
13:16:41,2.74,0.0,1013,277951,卖盘
13:16:44,2.75,0.01,10,2750,买盘
13:16:50,2.75,0.0,1,275,买盘
13:16:56,2.74,-0.01,210,57540,卖盘
13:16:59,2.75,0.01,42,11545,买盘
13:17:02,2.75,0.0,8,2200,买盘
13:17:05,2.75,0.0,21,5775,买盘
13:17:08,2.75,0.0,3,825,买盘
13:17:11,2.75,0.0,2,550,买盘
13:17:17,2.75,0.0,8,2200,买盘
13:17:20,2.75,0.0,3,825,买盘
13:17:26,2.74,-0.01,12,3290,卖盘
13:17:29,2.75,0.01,101,27679,买盘
13:17:32,2.74,-0.01,198,54269,卖盘
13:17:35,2.74,0.0,33,9042,卖盘
13:17:38,2.74,0.0,5,1370,卖盘
13:17:41,2.74,0.0,25,6853,卖盘
13:17:47,2.74,0.0,104,28496,卖盘
13:17:50,2.74,0.0,58,15892,卖盘
13:17:53,2.74,0.0,38,10412,卖盘
13:17:56,2.75,0.01,93,25574,买盘
13:17:59,2.75,0.0,2,550,买盘
13:18:08,2.74,-0.01,181,49597,卖盘
13:18:14,2.75,0.01,518,142450,买盘
13:18:17,2.74,-0.01,145,39730,卖盘
13:18:20,2.74,0.0,288,78912,卖盘
13:18:26,2.75,0.01,1,275,买盘
13:18:29,2.75,0.0,38,10450,买盘
13:18:32,2.75,0.0,235,64425,买盘
13:18:35,2.74,-0.01,1,274,卖盘
13:18:38,2.75,0.01,10,2750,买盘
13:18:41,2.75,0.0,50,13750,买盘
13:18:47,2.75,0.0,34,9350,买盘
13:18:50,2.74,-0.01,10,2740,卖盘
13:18:53,2.75,0.01,183,50325,买盘
13:18:59,2.75,0.0,3,825,买盘
13:19:02,2.75,0.0,7,1925,买盘
13:19:05,2.75,0.0,21,5755,买盘
13:19:08,2.75,0.0,5,1375,买盘
13:19:14,2.75,0.0,8,2199,买盘
13:19:17,2.75,0.0,1,275,买盘
13:19:20,2.74,-0.01,161,44215,卖盘
13:19:23,2.75,0.01,24,6600,买盘
13:19:29,2.75,0.0,14,3850,买盘
13:19:32,2.75,0.0,1,275,买盘
13:19:38,2.75,0.0,4,1100,买盘
13:19:41,2.75,0.0,196,53709,买盘
13:19:44,2.75,0.0,25,6875,买盘
13:19:47,2.75,0.0,2,550,买盘
13:19:50,2.74,-0.01,47,12881,卖盘
13:19:53,2.74,0.0,103,28316,卖盘
13:19:56,2.74,0.0,1,274,卖盘
13:19:59,2.74,0.0,10,2740,卖盘
13:20:02,2.74,0.0,259,70966,卖盘
13:20:05,2.75,0.01,214,58650,买盘
13:20:08,2.74,-0.01,12,3296,卖盘
13:20:11,2.74,0.0,152,41650,卖盘
13:20:14,2.75,0.01,6,1650,买盘
13:20:17,2.75,0.0,15,4125,买盘
13:20:20,2.75,0.0,1,275,买盘
13:20:23,2.74,-0.01,230,63020,卖盘
13:20:26,2.74,0.0,93,25529,卖盘
13:20:29,2.75,0.01,735,201392,买盘
13:20:32,2.74,-0.01,1533,420379,卖盘
13:20:35,2.74,0.0,110,30170,卖盘
13:20:38,2.75,0.01,77,21101,买盘
13:20:41,2.74,-0.01,193,52882,卖盘
13:20:50,2.75,0.01,14,3850,买盘
13:20:53,2.74,-0.01,33,9042,卖盘
13:20:56,2.74,0.0,42,11508,卖盘
13:20:59,2.75,0.01,12,3300,买盘
13:21:02,2.75,0.0,1,275,买盘
13:21:08,2.75,0.0,501,137775,买盘
13:21:14,2.75,0.0,29,7975,买盘
13:21:17,2.74,-0.01,30,8223,卖盘
13:21:20,2.75,0.01,12,3300,买盘
13:21:23,2.75,0.0,109,29974,买盘
13:21:29,2.74,-0.01,301,82475,卖盘
13:21:32,2.74,0.0,57,15618,卖盘
13:21:35,2.74,0.0,267,73158,卖盘
13:21:38,2.75,0.01,10,2750,买盘
13:21:41,2.74,-0.01,50,13700,卖盘
13:21:50,2.74,0.0,300,82200,卖盘
13:21:53,2.74,0.0,26,7145,卖盘
13:21:56,2.74,0.0,43,11783,卖盘
13:21:59,2.74,0.0,10,2740,卖盘
13:22:02,2.74,0.0,823,225502,卖盘
13:22:05,2.74,0.0,13,3562,买盘
13:22:11,2.74,0.0,11,3014,买盘
13:22:14,2.74,0.0,64,17536,买盘
13:22:20,2.74,0.0,10,2740,买盘
13:22:26,2.74,0.0,400,109550,买盘
13:22:29,2.74,0.0,20,5480,买盘
13:22:32,2.74,0.0,113,30875,买盘
13:22:35,2.74,0.0,538,146944,买盘
13:22:44,2.74,0.0,27,7398,买盘
13:22:47,2.74,0.0,2,548,买盘
13:22:50,2.74,0.0,2,548,买盘
13:22:53,2.74,0.0,228,62272,买盘
13:22:56,2.74,0.0,18,4932,买盘
13:22:59,2.74,0.0,1,274,买盘
13:23:02,2.73,-0.01,24,6572,卖盘
13:23:05,2.73,0.0,15,4095,卖盘
13:23:08,2.73,0.0,7,1911,卖盘
13:23:11,2.73,0.0,116,31674,卖盘
13:23:14,2.73,0.0,50,13650,卖盘
13:23:17,2.74,0.01,20,5480,买盘
13:23:20,2.73,-0.01,74,20202,卖盘
13:23:23,2.73,0.0,106,28938,卖盘
13:23:26,2.73,0.0,59,16117,卖盘
13:23:32,2.73,0.0,1,273,卖盘
13:23:35,2.74,0.01,106,29003,买盘
13:23:38,2.74,0.0,10,2740,买盘
13:23:41,2.74,0.0,31,8464,买盘
13:23:44,2.74,0.0,2,548,买盘
13:23:47,2.74,0.0,18,4932,买盘
13:23:50,2.74,0.0,968,264265,买盘
13:23:53,2.74,0.0,11,3013,买盘
13:23:56,2.74,0.0,115,31510,买盘
13:24:02,2.74,0.0,3,822,买盘
13:24:08,2.74,0.0,201,55074,买盘
13:24:14,2.74,0.0,2,548,买盘
13:24:17,2.74,0.0,15,4110,买盘
13:24:20,2.74,0.0,16,4384,买盘
13:24:26,2.73,-0.01,112,30578,卖盘
13:24:29,2.74,0.01,218,59732,买盘
13:24:32,2.73,-0.01,432,117936,卖盘
13:24:38,2.74,0.01,90,24581,买盘
13:24:41,2.74,0.0,37,10121,买盘
13:24:47,2.74,0.0,1,274,买盘
13:24:50,2.74,0.0,243,66582,买盘
13:24:56,2.74,0.0,38,10388,买盘
13:25:05,2.74,0.0,1,274,买盘
13:25:08,2.73,-0.01,25,6826,卖盘
13:25:11,2.74,0.01,3,822,买盘
13:25:14,2.73,-0.01,30,8190,卖盘
13:25:17,2.74,0.01,137,37538,买盘
13:25:20,2.74,0.0,5,1370,买盘
13:25:23,2.74,0.0,17,4646,买盘
13:25:26,2.73,-0.01,151,41223,卖盘
13:25:32,2.73,0.0,66,18018,卖盘
13:25:35,2.73,0.0,50,13650,卖盘
13:25:41,2.74,0.01,22,6008,买盘
13:25:44,2.74,0.0,24,6576,买盘
13:25:50,2.73,-0.01,110,30030,卖盘
13:25:53,2.74,0.01,6,1644,买盘
13:26:05,2.74,0.0,27,7398,买盘
13:26:14,2.73,-0.01,200,54600,卖盘
13:26:20,2.74,0.01,3,822,买盘
13:26:23,2.73,-0.01,30,8190,卖盘
13:26:26,2.73,0.0,5,1365,卖盘
13:26:32,2.74,0.01,68,18614,买盘
13:26:35,2.73,-0.01,32,8736,卖盘
13:26:38,2.73,0.0,30,8200,卖盘
13:26:41,2.73,0.0,600,163800,卖盘
13:26:44,2.74,0.01,90,24660,买盘
13:26:47,2.73,-0.01,8,2184,卖盘
13:26:50,2.74,0.01,4,1096,买盘
13:26:56,2.74,0.0,2,548,买盘
13:26:59,2.73,-0.01,47,12831,卖盘
13:27:02,2.73,0.0,40,10920,卖盘
13:27:05,2.74,0.01,115,31510,买盘
13:27:08,2.74,0.0,310,84636,买盘
13:27:11,2.74,0.0,327,89498,买盘
13:27:14,2.73,-0.01,20,5460,卖盘
13:27:17,2.74,0.01,33,9021,买盘
13:27:23,2.73,-0.01,173,47248,卖盘
13:27:26,2.73,0.0,41,11230,卖盘
13:27:29,2.73,0.0,101,27574,卖盘
13:27:32,2.74,0.01,71,19454,买盘
13:27:35,2.74,0.0,167,45708,买盘
13:27:38,2.74,0.0,1000,274000,买盘
13:27:44,2.74,0.0,404,110696,买盘
13:27:50,2.74,0.0,3,822,买盘
13:27:59,2.74,0.0,23,6302,买盘
13:28:02,2.74,0.0,104,28495,买盘
13:28:05,2.74,0.0,13,3560,买盘
13:28:08,2.74,0.0,1,274,买盘
13:28:11,2.74,0.0,40,10960,买盘
13:28:14,2.74,0.0,21,5753,买盘
13:28:20,2.74,0.0,6,1644,买盘
13:28:26,2.74,0.0,364,99736,买盘
13:28:29,2.73,-0.01,260,71080,卖盘
13:28:32,2.73,0.0,847,231341,卖盘
13:28:35,2.73,0.0,35,9555,卖盘
13:28:41,2.74,0.01,114,31236,买盘
13:28:47,2.74,0.0,62,16988,买盘
13:28:50,2.73,-0.01,30,8190,卖盘
13:28:53,2.73,0.0,84,22976,卖盘
13:28:56,2.74,0.01,28,7672,买盘
13:29:05,2.74,0.0,70,19180,买盘
13:29:11,2.74,0.0,20,5480,买盘
13:29:17,2.73,-0.01,2,546,卖盘
13:29:23,2.73,0.0,45,12285,卖盘
13:29:29,2.73,0.0,4,1092,卖盘
13:29:44,2.74,0.01,103,28220,买盘
13:29:50,2.74,0.0,5,1370,买盘
13:29:53,2.74,0.0,2,548,买盘
13:29:56,2.73,-0.01,1,273,卖盘
13:29:59,2.74,0.01,8,2192,买盘
13:30:05,2.74,0.0,23,6302,买盘
13:30:08,2.74,0.0,1,274,买盘
13:30:11,2.74,0.0,19,5206,买盘
13:30:23,2.73,-0.01,209,57235,卖盘
13:30:26,2.74,0.01,140,38320,买盘
13:30:29,2.74,0.0,756,206754,买盘
13:30:32,2.74,0.0,1,274,买盘
13:30:35,2.74,0.0,411,112594,买盘
13:30:38,2.74,0.0,300,82200,买盘
13:30:41,2.74,0.0,35,9590,买盘
13:30:44,2.73,-0.01,154,42042,卖盘
13:30:47,2.73,0.0,43,11772,卖盘
13:30:59,2.74,0.01,14,3836,买盘
13:31:02,2.74,0.0,91,24884,买盘
13:31:08,2.73,-0.01,465,126945,卖盘
13:31:11,2.74,0.01,180,49320,买盘
13:31:17,2.73,-0.01,1,273,卖盘
13:31:26,2.73,0.0,730,199916,卖盘
13:31:29,2.74,0.01,89,24386,买盘
13:31:38,2.74,0.0,1,274,买盘
13:31:41,2.73,-0.01,113,30904,卖盘
13:31:44,2.74,0.01,4,1096,买盘
13:31:50,2.74,0.0,25,6850,买盘
13:32:02,2.73,-0.01,15,4095,卖盘
13:32:05,2.74,0.01,2,548,买盘
13:32:11,2.74,0.0,1,274,买盘
13:32:14,2.74,0.0,2,548,买盘
13:32:17,2.74,0.0,101,27674,买盘
13:32:23,2.73,-0.01,21,5744,卖盘
13:32:35,2.73,0.0,412,112476,卖盘
13:32:38,2.74,0.01,9,2466,买盘
13:32:41,2.73,-0.01,60,16381,卖盘
13:32:44,2.74,0.01,5,1370,买盘
13:32:47,2.73,-0.01,167,45591,卖盘
13:32:50,2.73,0.0,21,5738,卖盘
13:32:53,2.73,0.0,7,1917,卖盘
13:32:56,2.74,0.01,1,274,买盘
13:33:05,2.73,-0.01,133,36310,卖盘
13:33:08,2.73,0.0,24,6552,卖盘
13:33:14,2.73,0.0,6,1638,卖盘
13:33:20,2.73,0.0,644,175812,卖盘
13:33:23,2.73,0.0,108,29484,卖盘
13:33:26,2.74,0.01,1,274,买盘
13:33:29,2.73,-0.01,35,9563,卖盘
13:33:32,2.74,0.01,50,13700,买盘
13:33:35,2.74,0.0,4,1096,买盘
13:33:38,2.73,-0.01,793,216489,卖盘
13:33:41,2.73,0.0,8,2184,卖盘
13:33:44,2.73,0.0,374,102102,卖盘
13:33:47,2.73,0.0,1338,365277,卖盘
13:33:50,2.73,0.0,6,1638,买盘
13:33:53,2.73,0.0,5,1365,买盘
13:33:56,2.73,0.0,1,273,买盘
13:33:59,2.73,0.0,10,2730,买盘
13:34:02,2.73,0.0,10,2730,买盘
13:34:08,2.73,0.0,316,86268,买盘
13:34:11,2.73,0.0,12,3276,买盘
13:34:14,2.73,0.0,26,7073,买盘
13:34:17,2.73,0.0,5,1365,买盘
13:34:20,2.73,0.0,2,546,买盘
13:34:23,2.73,0.0,1,273,买盘
13:34:26,2.72,-0.01,2,545,卖盘
13:34:29,2.72,0.0,2,545,卖盘
13:34:32,2.73,0.01,1,273,买盘
13:34:35,2.73,0.0,5,1363,买盘
13:34:38,2.72,-0.01,1117,303824,卖盘
13:34:41,2.72,0.0,965,262656,卖盘
13:34:44,2.72,0.0,217,59034,卖盘
13:34:47,2.73,0.01,180,48963,买盘
13:34:53,2.72,-0.01,18,4896,卖盘
13:34:56,2.73,0.01,25,6804,买盘
13:34:59,2.72,-0.01,34,9248,卖盘
13:35:05,2.73,0.01,2,546,买盘
13:35:08,2.73,0.0,31,8433,买盘
13:35:11,2.72,-0.01,499,136207,卖盘
13:35:14,2.73,0.01,3,819,买盘
13:35:20,2.73,0.0,102,27846,买盘
13:35:23,2.72,-0.01,53,14468,卖盘
13:35:29,2.72,0.0,159,43249,卖盘
13:35:32,2.72,0.0,15,4080,卖盘
13:35:35,2.72,0.0,25,6800,卖盘
13:35:38,2.72,0.0,12,3264,卖盘
13:35:41,2.72,0.0,34,9254,卖盘
13:35:47,2.73,0.01,42,11426,买盘
13:35:50,2.72,-0.01,249,67733,卖盘
13:35:53,2.72,0.0,82,22304,卖盘
13:35:59,2.73,0.01,14,3822,买盘
13:36:02,2.72,-0.01,20,5440,卖盘
13:36:05,2.73,0.01,182,49686,买盘
13:36:08,2.72,-0.01,100,27200,卖盘
13:36:14,2.72,0.0,1,272,卖盘
13:36:17,2.72,0.0,516,140353,卖盘
13:36:20,2.73,0.01,136,36994,买盘
13:36:23,2.73,0.0,2,546,买盘
13:36:26,2.73,0.0,45,12284,买盘
13:36:29,2.73,0.0,206,56238,买盘
13:36:33,2.72,-0.01,50,13647,卖盘
13:36:35,2.73,0.01,80,21830,买盘
13:36:38,2.73,0.0,795,216485,买盘
13:36:47,2.73,0.0,4,1092,买盘
13:36:50,2.73,0.0,30,8190,买盘
13:36:53,2.73,0.0,186,50678,买盘
13:36:56,2.73,0.0,1,273,买盘
13:36:59,2.73,0.0,1,273,买盘
13:37:02,2.73,0.0,24,6550,买盘
13:37:05,2.73,0.0,1,273,买盘
13:37:08,2.73,0.0,969,264537,买盘
13:37:11,2.73,0.0,50,13650,卖盘
13:37:14,2.74,0.01,5,1370,买盘
13:37:20,2.74,0.0,164,44936,买盘
13:37:26,2.73,-0.01,1001,273273,卖盘
13:37:29,2.74,0.01,4,1096,买盘
13:37:32,2.74,0.0,9,2466,买盘
13:37:38,2.74,0.0,1,274,买盘
13:37:44,2.74,0.0,2,548,买盘
13:37:53,2.74,0.0,11,3014,买盘
13:37:56,2.73,-0.01,50,13650,卖盘
13:37:59,2.74,0.01,228,62409,买盘
13:38:11,2.73,-0.01,22,6014,卖盘
13:38:14,2.73,0.0,17,4641,卖盘
13:38:17,2.73,0.0,1,273,卖盘
13:38:26,2.74,0.01,1,274,买盘
13:38:29,2.74,0.0,21,5754,买盘
13:38:32,2.73,-0.01,16,4368,卖盘
13:38:35,2.73,0.0,175,47778,卖盘
13:38:41,2.73,0.0,7,1911,卖盘
13:38:44,2.73,0.0,8,2187,卖盘
13:38:47,2.74,0.01,39,10686,买盘
13:38:53,2.74,0.0,1,274,买盘
13:38:56,2.74,0.0,1,274,买盘
13:38:59,2.74,0.0,13,3562,买盘
13:39:02,2.74,0.0,288,78835,买盘
13:39:05,2.74,0.0,10,2740,买盘
13:39:11,2.73,-0.01,20,5460,卖盘
13:39:14,2.74,0.01,57,15597,买盘
13:39:17,2.74,0.0,9,2458,买盘
13:39:20,2.74,0.0,6,1644,买盘
13:39:29,2.74,0.0,117,32049,买盘
13:39:35,2.74,0.0,4,1096,买盘
13:39:38,2.73,-0.01,204,55692,卖盘
13:39:47,2.74,0.01,30,8200,买盘
13:39:50,2.74,0.0,61,16656,买盘
13:39:53,2.73,-0.01,15,4095,卖盘
13:40:02,2.73,0.0,4,1093,卖盘
13:40:05,2.73,0.0,3,819,卖盘
13:40:08,2.73,0.0,130,35490,卖盘
13:40:11,2.73,0.0,50,13650,卖盘
13:40:14,2.73,0.0,7,1911,卖盘
13:40:17,2.73,0.0,230,62790,卖盘
13:40:20,2.73,0.0,28,7644,卖盘
13:40:23,2.74,0.01,193,52854,买盘
13:40:26,2.73,-0.01,107,29211,卖盘
13:40:29,2.73,0.0,138,37689,卖盘
13:40:47,2.74,0.01,1,274,买盘
13:40:53,2.74,0.0,2,548,买盘
13:40:56,2.73,-0.01,17,4641,卖盘
13:40:59,2.74,0.01,3,822,买盘
13:41:05,2.74,0.0,64,17482,买盘
13:41:11,2.74,0.0,21,5754,买盘
13:41:14,2.74,0.0,6837,1873338,买盘
13:41:17,2.75,0.01,149,40975,买盘
13:41:23,2.75,0.0,158,43419,买盘
13:41:26,2.75,0.0,34,9348,买盘
13:41:35,2.75,0.0,122,33529,买盘
13:41:38,2.75,0.0,674,184726,买盘
13:41:41,2.75,0.0,29,7975,买盘
13:41:50,2.75,0.0,14,3850,买盘
13:41:56,2.75,0.0,349,95966,买盘
13:41:59,2.75,0.0,8,2200,买盘
13:42:02,2.75,0.0,149,40939,买盘
13:42:05,2.75,0.0,5,1375,买盘
13:42:08,2.75,0.0,51,14025,买盘
13:42:11,2.74,-0.01,1,274,卖盘
13:42:14,2.74,0.0,80,21920,卖盘
13:42:17,2.75,0.01,11,3024,买盘
13:42:20,2.74,-0.01,9,2469,卖盘
13:42:23,2.75,0.01,7,1925,买盘
13:42:29,2.74,-0.01,22,6048,卖盘
13:42:32,2.75,0.01,3,825,买盘
13:42:35,2.75,0.0,13,3575,买盘
13:42:38,2.75,0.0,500,137500,买盘
13:42:41,2.75,0.0,1,275,买盘
13:42:44,2.75,0.0,1,275,买盘
13:42:47,2.74,-0.01,89,24386,卖盘
13:42:53,2.75,0.01,1,275,买盘
13:42:56,2.74,-0.01,8,2192,卖盘
13:43:02,2.75,0.01,34,9350,买盘
13:43:05,2.74,-0.01,45,12373,卖盘
13:43:08,2.74,0.0,16,4397,卖盘
13:43:11,2.75,0.01,22,6034,买盘
13:43:14,2.75,0.0,9,2467,买盘
13:43:17,2.75,0.0,142,39050,买盘
13:43:23,2.75,0.0,1,275,买盘
13:43:26,2.75,0.0,20,5500,买盘
13:43:29,2.75,0.0,10,2750,买盘
13:43:32,2.74,-0.01,8,2192,卖盘
13:43:41,2.74,0.0,20,5480,卖盘
13:43:44,2.74,0.0,10,2740,卖盘
13:43:50,2.75,0.01,2,550,买盘
13:43:53,2.75,0.0,26,7128,买盘
13:43:59,2.75,0.0,50,13750,买盘
13:44:02,2.75,0.0,5,1375,买盘
13:44:08,2.75,0.0,11,3025,买盘
13:44:11,2.75,0.0,126,34633,买盘
13:44:17,2.75,0.0,2,550,买盘
13:44:20,2.75,0.0,12,3300,买盘
13:44:26,2.74,-0.01,203,55703,卖盘
13:44:29,2.74,0.0,151,41396,卖盘
13:44:35,2.75,0.01,726,199650,买盘
13:44:38,2.75,0.0,120,33123,买盘
13:44:41,2.75,0.0,45,12335,买盘
13:44:44,2.75,0.0,445,122375,买盘
13:44:47,2.75,0.0,28,7700,买盘
13:44:50,2.75,0.0,3,825,买盘
13:44:53,2.75,0.0,35,9625,买盘
13:45:02,2.75,0.0,8,2200,买盘
13:45:05,2.75,0.0,50,13750,买盘
13:45:08,2.75,0.0,2,550,买盘
13:45:14,2.75,0.0,3,824,买盘
13:45:17,2.75,0.0,1,275,买盘
13:45:20,2.75,0.0,1028,281680,买盘
13:45:26,2.75,0.0,7,1925,买盘
13:45:29,2.75,0.0,371,101679,买盘
13:45:32,2.75,0.0,9,2475,买盘
13:45:35,2.75,0.0,373,102575,买盘
13:45:41,2.75,0.0,12,3300,买盘
13:45:44,2.75,0.0,42,11550,买盘
13:45:47,2.74,-0.01,636,174300,卖盘
13:45:50,2.75,0.01,1,275,买盘
13:45:56,2.75,0.0,58,15919,买盘
13:45:59,2.74,-0.01,346,94804,卖盘
13:46:02,2.75,0.01,28,7700,买盘
13:46:05,2.75,0.0,34,9350,买盘
13:46:08,2.74,-0.01,100,27400,卖盘
13:46:11,2.74,0.0,566,155089,卖盘
13:46:14,2.75,0.01,1,275,买盘
13:46:20,2.74,-0.01,220,60287,卖盘
13:46:23,2.74,0.0,80,21920,卖盘
13:46:26,2.74,0.0,128,35080,卖盘
13:46:29,2.75,0.01,8,2200,买盘
13:46:35,2.74,-0.01,1,274,卖盘
13:46:38,2.75,0.01,16,4399,买盘
13:46:41,2.75,0.0,217,59461,买盘
13:46:47,2.74,-0.01,23,6323,卖盘
13:46:56,2.74,0.0,177,48513,卖盘
13:47:05,2.74,0.0,178,48649,卖盘
13:47:11,2.74,0.0,1,274,买盘
13:47:14,2.74,0.0,11,3014,买盘
13:47:17,2.74,0.0,37,10138,买盘
13:47:20,2.74,0.0,11,3014,买盘
13:47:23,2.74,0.0,21,5754,买盘
13:47:26,2.74,0.0,916,251107,买盘
13:47:29,2.74,0.0,25,6850,卖盘
13:47:32,2.75,0.01,53,14575,买盘
13:47:35,2.75,0.0,62,17050,买盘
13:47:41,2.75,0.0,1,275,买盘
13:47:44,2.75,0.0,2,550,买盘
13:47:47,2.75,0.0,2,550,买盘
13:47:50,2.74,-0.01,2,548,卖盘
13:47:59,2.75,0.01,2302,633050,买盘
13:48:02,2.75,0.0,3,825,买盘
13:48:05,2.75,0.0,14,3850,买盘
13:48:11,2.75,0.0,15,4125,买盘
13:48:20,2.74,-0.01,21,5755,卖盘
13:48:23,2.74,0.0,11,3015,卖盘
13:48:41,2.75,0.01,11,3025,买盘
13:48:44,2.75,0.0,23,6325,买盘
13:48:47,2.75,0.0,30,8250,买盘
13:48:50,2.74,-0.01,25,6850,卖盘
13:48:53,2.75,0.01,172,47300,买盘
13:48:56,2.75,0.0,2323,638825,买盘
13:48:59,2.75,0.0,16,4400,买盘
13:49:02,2.75,0.0,116,31900,买盘
13:49:08,2.74,-0.01,30,8220,卖盘
13:49:14,2.74,0.0,300,82200,卖盘
13:49:17,2.75,0.01,1,275,买盘
13:49:20,2.75,0.0,4,1100,买盘
13:49:23,2.74,-0.01,20,5480,卖盘
13:49:26,2.75,0.01,20,5500,买盘
13:49:32,2.75,0.0,50,13750,买盘
13:49:35,2.75,0.0,3,825,买盘
13:49:38,2.75,0.0,286,78650,买盘
13:49:41,2.75,0.0,64,17600,买盘
13:49:44,2.75,0.0,8,2200,买盘
13:49:47,2.75,0.0,57,15675,买盘
13:49:50,2.75,0.0,7,1925,买盘
13:49:53,2.75,0.0,14,3850,买盘
13:49:56,2.75,0.0,154,42350,买盘
13:50:05,2.75,0.0,20,5498,买盘
13:50:08,2.75,0.0,7,1925,买盘
13:50:11,2.75,0.0,92,25300,买盘
13:50:14,2.74,-0.01,11,3020,卖盘
13:50:17,2.75,0.01,16,4400,买盘
13:50:20,2.75,0.0,5,1375,买盘
13:50:23,2.75,0.0,1000,275000,买盘
13:50:29,2.75,0.0,80,22000,买盘
13:50:32,2.75,0.0,13,3575,买盘
13:50:35,2.75,0.0,47,12925,买盘
13:50:38,2.75,0.0,2,550,买盘
13:50:44,2.75,0.0,19,5225,买盘
13:50:47,2.74,-0.01,550,150700,卖盘
13:50:50,2.75,0.01,10,2750,买盘
13:50:59,2.75,0.0,62,17045,买盘
13:51:08,2.75,0.0,105,28875,买盘
13:51:11,2.74,-0.01,14,3849,卖盘
13:51:14,2.75,0.01,100,27500,买盘
13:51:17,2.75,0.0,79,21718,买盘
13:51:20,2.74,-0.01,2,548,卖盘
13:51:26,2.75,0.01,20,5500,买盘
13:51:29,2.74,-0.01,7,1918,卖盘
13:51:32,2.74,0.0,3,823,卖盘
13:51:35,2.75,0.01,10,2750,买盘
13:51:44,2.75,0.0,208,57200,买盘
13:51:50,2.75,0.0,381,104775,买盘
13:51:56,2.74,-0.01,3,822,卖盘
13:51:59,2.75,0.01,89,24475,买盘
13:52:02,2.75,0.0,205,56375,买盘
13:52:05,2.75,0.0,4,1100,买盘
13:52:11,2.75,0.0,8,2200,买盘
13:52:14,2.75,0.0,41,11275,买盘
13:52:17,2.75,0.0,45,12375,买盘
13:52:20,2.75,0.0,10,2750,买盘
13:52:23,2.75,0.0,33,9075,买盘
13:52:26,2.75,0.0,96,26400,买盘
13:52:29,2.75,0.0,1,275,买盘
13:52:32,2.75,0.0,27,7425,买盘
13:52:35,2.75,0.0,75,20595,买盘
13:52:38,2.75,0.0,10,2750,买盘
13:52:41,2.75,0.0,3,825,买盘
13:52:47,2.75,0.0,28,7700,买盘
13:52:50,2.75,0.0,4,1100,买盘
13:52:56,2.75,0.0,17,4675,买盘
13:52:59,2.75,0.0,2,550,买盘
13:53:02,2.74,-0.01,5,1370,卖盘
13:53:08,2.74,0.0,22,6047,卖盘
13:53:14,2.74,0.0,19,5206,卖盘
13:53:20,2.75,0.01,2,550,买盘
13:53:23,2.75,0.0,6,1650,买盘
13:53:26,2.75,0.0,65,17875,买盘
13:53:29,2.74,-0.01,155,42470,卖盘
13:53:32,2.75,0.01,47,12925,买盘
13:53:35,2.74,-0.01,2,548,卖盘
13:53:38,2.74,0.0,6,1644,卖盘
13:53:41,2.74,0.0,5,1370,卖盘
13:53:44,2.75,0.01,84,23050,买盘
13:53:50,2.75,0.0,3,825,买盘
13:53:53,2.75,0.0,3,825,买盘
13:53:56,2.75,0.0,21,5775,买盘
13:53:59,2.75,0.0,3,825,买盘
13:54:05,2.75,0.0,122,33550,买盘
13:54:11,2.75,0.0,12,3300,买盘
13:54:14,2.74,-0.01,6,1644,卖盘
13:54:17,2.74,0.0,190,52060,卖盘
13:54:20,2.74,0.0,97,26580,卖盘
13:54:23,2.75,0.01,60,16500,买盘
13:54:26,2.74,-0.01,1,274,卖盘
13:54:38,2.75,0.01,58,15950,买盘
13:54:41,2.74,-0.01,4,1096,卖盘
13:54:47,2.75,0.01,36,9900,买盘
13:54:50,2.75,0.0,20,5500,买盘
13:54:53,2.74,-0.01,133,36442,卖盘
13:54:59,2.75,0.01,2,550,买盘
13:55:02,2.75,0.0,329,90475,买盘
13:55:11,2.74,-0.01,30,8220,卖盘
13:55:14,2.75,0.01,191,52375,买盘
13:55:23,2.74,-0.01,20,5480,卖盘
13:55:29,2.74,0.0,6,1644,卖盘
13:55:35,2.75,0.01,1,275,买盘
13:55:38,2.75,0.0,5,1375,买盘
13:55:41,2.75,0.0,21,5775,买盘
13:55:44,2.75,0.0,8,2200,买盘
13:55:50,2.74,-0.01,1008,276192,卖盘
13:55:53,2.75,0.01,1,275,买盘
13:55:56,2.74,-0.01,162,44546,卖盘
13:56:02,2.75,0.01,1,275,买盘
13:56:05,2.75,0.0,10,2750,买盘
13:56:08,2.75,0.0,84,23100,买盘
13:56:14,2.74,-0.01,12,3288,卖盘
13:56:17,2.75,0.01,1,275,买盘
13:56:20,2.75,0.0,20,5500,买盘
13:56:26,2.74,-0.01,15,4110,卖盘
13:56:29,2.75,0.01,4,1100,买盘
13:56:35,2.75,0.0,5,1375,买盘
13:56:38,2.75,0.0,54,14850,买盘
13:56:41,2.75,0.0,5,1375,买盘
13:56:44,2.74,-0.01,89,24473,卖盘
13:56:47,2.74,0.0,40,10980,卖盘
13:56:50,2.74,0.0,1499,410726,卖盘
13:56:59,2.74,0.0,242,66311,卖盘
13:57:02,2.74,0.0,18,4932,卖盘
13:57:05,2.75,0.01,108,29600,买盘
13:57:08,2.74,-0.01,5,1370,卖盘
13:57:11,2.74,0.0,160,43840,卖盘
13:57:20,2.75,0.01,1,275,买盘
13:57:23,2.74,-0.01,383,105295,卖盘
13:57:35,2.74,0.0,72,19728,卖盘
13:57:44,2.75,0.01,1988,546700,买盘
13:57:47,2.75,0.0,11,3025,买盘
13:57:50,2.75,0.0,5,1375,买盘
13:57:56,2.75,0.0,1,275,买盘
13:58:02,2.75,0.0,23,6325,买盘
13:58:05,2.74,-0.01,1007,275918,卖盘
13:58:08,2.75,0.01,795,218614,买盘
13:58:11,2.74,-0.01,14,3836,卖盘
13:58:17,2.75,0.01,50,13750,买盘
13:58:20,2.75,0.0,41,11275,买盘
13:58:23,2.75,0.0,1000,275000,买盘
13:58:29,2.74,-0.01,227,62424,卖盘
13:58:32,2.75,0.01,10,2750,买盘
13:58:35,2.75,0.0,9,2475,买盘
13:58:38,2.74,-0.01,22,6028,卖盘
13:58:41,2.75,0.01,1,275,买盘
13:58:44,2.75,0.0,363,99825,买盘
13:58:47,2.75,0.0,12,3300,买盘
13:58:50,2.75,0.0,12,3300,买盘
13:58:53,2.75,0.0,2,550,买盘
13:58:59,2.75,0.0,37,10175,买盘
13:59:02,2.75,0.0,10,2750,买盘
13:59:05,2.75,0.0,14,3850,买盘
13:59:08,2.75,0.0,117,32175,买盘
13:59:11,2.75,0.0,39,10725,买盘
13:59:14,2.75,0.0,10,2750,买盘
13:59:20,2.75,0.0,68,18700,买盘
13:59:23,2.75,0.0,125,34372,买盘
13:59:26,2.75,0.0,11,3025,买盘
13:59:35,2.75,0.0,137,37671,买盘
13:59:38,2.75,0.0,51,14025,买盘
13:59:47,2.74,-0.01,16,4395,卖盘
13:59:53,2.74,0.0,1,274,卖盘
13:59:59,2.75,0.01,20,5483,买盘
14:00:02,2.75,0.0,10,2750,买盘
14:00:05,2.74,-0.01,12,3290,卖盘
14:00:08,2.74,0.0,2,548,卖盘
14:00:14,2.75,0.01,1145,314853,买盘
14:00:17,2.76,0.01,5,1378,买盘
14:00:26,2.75,-0.01,44,12101,卖盘
14:00:29,2.76,0.01,1,276,买盘
14:00:32,2.76,0.0,29,7989,买盘
14:00:35,2.76,0.0,6,1656,买盘
14:00:38,2.76,0.0,10,2760,买盘
14:00:41,2.76,0.0,2,552,买盘
14:00:44,2.76,0.0,8,2208,买盘
14:00:47,2.76,0.0,118,32568,买盘
14:00:50,2.76,0.0,3,828,买盘
14:00:53,2.76,0.0,8,2208,买盘
14:00:56,2.76,0.0,1186,327296,买盘
14:00:59,2.76,0.0,7,1932,买盘
14:01:05,2.76,0.0,10,2760,买盘
14:01:08,2.76,0.0,71,19596,买盘
14:01:11,2.76,0.0,27,7452,买盘
14:01:14,2.76,0.0,3,828,买盘
14:01:20,2.76,0.0,136,37536,买盘
14:01:23,2.76,0.0,45,12420,买盘
14:01:26,2.75,-0.01,195,53810,卖盘
14:01:35,2.76,0.01,44,12144,买盘
14:01:38,2.76,0.0,14,3862,买盘
14:01:41,2.76,0.0,734,202584,买盘
14:01:44,2.76,0.0,10,2760,买盘
14:01:47,2.76,0.0,21,5796,买盘
14:01:50,2.76,0.0,199,54924,买盘
14:01:53,2.75,-0.01,8,2200,卖盘
14:01:56,2.76,0.01,29,8004,买盘
14:01:59,2.76,0.0,113,31188,买盘
14:02:02,2.75,-0.01,61,16819,卖盘
14:02:05,2.76,0.01,20,5520,买盘
14:02:08,2.76,0.0,21,5796,买盘
14:02:11,2.76,0.0,72,19872,买盘
14:02:14,2.76,0.0,11,3036,买盘
14:02:20,2.76,0.0,102,28113,买盘
14:02:23,2.76,0.0,207,57132,买盘
14:02:29,2.76,0.0,10,2760,买盘
14:02:32,2.76,0.0,43,11868,买盘
14:02:35,2.76,0.0,31,8556,买盘
14:02:41,2.75,-0.01,107,29462,卖盘
14:02:44,2.76,0.01,5,1380,买盘
14:02:47,2.76,0.0,7,1932,买盘
14:02:50,2.76,0.0,274,75624,买盘
14:02:56,2.76,0.0,5,1380,买盘
14:03:02,2.75,-0.01,11,3030,卖盘
14:03:05,2.76,0.01,241,66516,买盘
14:03:08,2.75,-0.01,254,69850,卖盘
14:03:14,2.76,0.01,12,3302,买盘
14:03:20,2.76,0.0,121,33396,买盘
14:03:23,2.76,0.0,101,27876,买盘
14:03:26,2.76,0.0,280,77280,买盘
14:03:32,2.75,-0.01,391,107730,卖盘
14:03:35,2.76,0.01,80,22075,买盘
14:03:38,2.76,0.0,473,130548,买盘
14:03:41,2.76,0.0,73,20148,买盘
14:03:44,2.76,0.0,2,552,买盘
14:03:47,2.76,0.0,20,5520,买盘
14:03:50,2.76,0.0,1544,426144,买盘
14:03:53,2.76,0.0,11,3036,买盘
14:03:56,2.76,0.0,38,10488,买盘
14:03:59,2.76,0.0,12,3312,买盘
14:04:02,2.76,0.0,17,4692,买盘
14:04:08,2.76,0.0,174,47964,买盘
14:04:11,2.76,0.0,10,2760,买盘
14:04:14,2.76,0.0,264,72614,买盘
14:04:17,2.76,0.0,362,99912,买盘
14:04:20,2.76,0.0,5,1380,买盘
14:04:23,2.76,0.0,85,23378,买盘
14:04:26,2.76,0.0,70,19320,买盘
14:04:29,2.76,0.0,201,55475,买盘
14:04:32,2.76,0.0,130,35880,买盘
14:04:35,2.75,-0.01,31,8536,卖盘
14:04:38,2.75,0.0,200,55000,卖盘
14:04:41,2.76,0.01,15,4140,买盘
14:04:44,2.76,0.0,1,276,买盘
14:04:47,2.76,0.0,33,9098,买盘
14:04:50,2.76,0.0,25,6900,买盘
14:04:53,2.76,0.0,2,436,买盘
14:04:56,2.76,0.0,70,19320,买盘
14:04:59,2.76,0.0,357,98532,买盘
14:05:02,2.76,0.0,1,276,买盘
14:05:05,2.76,0.0,858,236808,买盘
14:05:08,2.76,0.0,313,86348,买盘
14:05:11,2.76,0.0,671,185193,买盘
14:05:14,2.76,0.0,1272,351072,买盘
14:05:17,2.76,0.0,443,122268,买盘
14:05:20,2.76,0.0,391,107916,买盘
14:05:23,2.76,0.0,322,88872,买盘
14:05:26,2.75,-0.01,118,32508,卖盘
14:05:29,2.76,0.01,275,75900,买盘
14:05:32,2.76,0.0,283,78108,买盘
14:05:35,2.76,0.0,5,1380,卖盘
14:05:38,2.76,0.0,9,2484,卖盘
14:05:41,2.77,0.01,28,7756,买盘
14:05:44,2.77,0.0,82,22714,买盘
14:05:47,2.77,0.0,2,554,买盘
14:05:50,2.77,0.0,204,56508,买盘
14:05:53,2.77,0.0,500,138500,买盘
14:05:56,2.76,-0.01,24,6647,卖盘
14:05:59,2.76,0.0,661,183017,卖盘
14:06:02,2.77,0.01,150,41550,买盘
14:06:05,2.77,0.0,568,157331,买盘
14:06:08,2.77,0.0,119,32847,买盘
14:06:11,2.77,0.0,248,68696,买盘
14:06:14,2.77,0.0,50,13850,买盘
14:06:17,2.77,0.0,10,2770,买盘
14:06:20,2.77,0.0,195,54015,买盘
14:06:23,2.77,0.0,121,33517,买盘
14:06:26,2.77,0.0,60,16620,买盘
14:06:29,2.76,-0.01,1134,314068,卖盘
14:06:35,2.76,0.0,343,94927,卖盘
14:06:38,2.76,0.0,9,2488,卖盘
14:06:41,2.77,0.01,5,1385,买盘
14:06:44,2.77,0.0,681,188637,买盘
14:06:47,2.77,0.0,24,6636,买盘
14:06:50,2.77,0.0,111,30747,买盘
14:06:53,2.76,-0.01,6088,1680742,卖盘
14:06:56,2.76,0.0,527,145452,买盘
14:06:59,2.76,0.0,422,116427,买盘
14:07:02,2.76,0.0,105,28980,卖盘
14:07:05,2.76,0.0,10,2760,卖盘
14:07:08,2.77,0.01,160,44181,买盘
14:07:11,2.77,0.0,2560,709119,买盘
14:07:14,2.77,0.0,240,66476,买盘
14:07:17,2.77,0.0,96,26512,买盘
14:07:20,2.77,0.0,70,19355,买盘
14:07:23,2.77,0.0,183,50691,买盘
14:07:26,2.76,-0.01,398,110165,卖盘
14:07:29,2.77,0.01,40,11070,买盘
14:07:32,2.77,0.0,295,81665,买盘
14:07:35,2.77,0.0,56,15512,买盘
14:07:38,2.77,0.0,630,174430,买盘
14:07:41,2.77,0.0,49,13573,买盘
14:07:44,2.77,0.0,6,1662,买盘
14:07:47,2.77,0.0,111,30747,买盘
14:07:50,2.77,0.0,81,22437,买盘
14:07:53,2.77,0.0,243,67311,买盘
14:07:56,2.77,0.0,154,42648,买盘
14:07:59,2.77,0.0,22,6094,买盘
14:08:02,2.77,0.0,92,25484,买盘
14:08:05,2.77,0.0,82,22714,买盘
14:08:08,2.77,0.0,353,97618,买盘
14:08:11,2.77,0.0,403,111631,买盘
14:08:14,2.77,0.0,47,13019,买盘
14:08:17,2.77,0.0,256,70912,买盘
14:08:20,2.77,0.0,1,277,买盘
14:08:23,2.77,0.0,65,18005,买盘
14:08:26,2.77,0.0,232,64264,买盘
14:08:29,2.77,0.0,1423,394171,买盘
14:08:32,2.77,0.0,126,34902,买盘
14:08:35,2.77,0.0,153,42381,买盘
14:08:38,2.76,-0.01,85,23540,卖盘
14:08:41,2.77,0.01,227,62879,买盘
14:08:44,2.76,-0.01,62,17164,卖盘
14:08:47,2.77,0.01,84,23268,买盘
14:08:50,2.76,-0.01,417,115459,卖盘
14:08:53,2.77,0.01,201,55477,买盘
14:08:56,2.77,0.0,171,47367,买盘
14:08:59,2.77,0.0,164,45416,买盘
14:09:02,2.77,0.0,1539,426288,买盘
14:09:05,2.77,0.0,26,7202,买盘
14:09:08,2.77,0.0,46,12742,买盘
14:09:11,2.77,0.0,1400,387800,买盘
14:09:14,2.77,0.0,372,103044,买盘
14:09:17,2.77,0.0,297,82269,买盘
14:09:20,2.77,0.0,623,172571,买盘
14:09:23,2.77,0.0,1670,462590,买盘
14:09:29,2.77,0.0,246,68142,买盘
14:09:35,2.77,0.0,236,65372,买盘
14:09:38,2.77,0.0,13,3601,买盘
14:09:41,2.77,0.0,593,164261,买盘
14:09:44,2.77,0.0,172,47644,买盘
14:09:47,2.77,0.0,193,53461,买盘
14:09:50,2.77,0.0,1016,281432,买盘
14:09:53,2.77,0.0,18,4986,买盘
14:09:56,2.77,0.0,23,6371,买盘
14:09:59,2.77,0.0,56,15512,买盘
