成交时间,成交价格,价格变动,成交量,成交金额,性质
09:25:03,3.98,0.0,379,150842,卖盘
09:30:03,4.01,0.03,111,44470,买盘
09:30:06,4.01,0.0,13,5213,卖盘
09:30:09,3.98,-0.03,181,72388,卖盘
09:30:12,3.99,0.01,9,3583,中性盘
09:30:15,3.99,0.0,61,24364,卖盘
09:30:18,4.0,0.01,23,9194,买盘
09:30:21,3.98,-0.02,143,57079,卖盘
09:30:24,3.99,0.01,20,7988,卖盘
09:30:27,3.99,0.0,1,399,卖盘
09:30:30,4.0,0.01,1135,453942,买盘
09:30:33,3.99,-0.01,345,137997,卖盘
09:30:36,3.99,0.0,11,4397,卖盘
09:30:39,4.0,0.01,7,2800,买盘
09:30:42,4.0,0.0,125,50056,卖盘
09:30:45,4.0,0.0,32,12770,买盘
09:30:48,4.0,0.0,14,5600,买盘
09:30:54,3.99,-0.01,63,25218,卖盘
09:30:57,4.01,0.02,2,802,中性盘
09:31:00,4.01,0.0,59,23713,卖盘
09:31:03,4.01,0.0,10,4019,卖盘
09:31:06,4.01,0.0,326,130929,卖盘
09:31:09,4.01,0.0,18,7215,买盘
09:31:12,4.0,-0.01,42,16800,卖盘
09:31:15,4.01,0.01,333,133531,买盘
09:31:18,4.01,0.0,72,28872,买盘
09:31:21,4.01,0.0,772,309572,买盘
09:31:24,4.01,0.0,132,52870,买盘
09:31:27,4.0,-0.01,27,10817,卖盘
09:31:30,4.01,0.01,50,20050,买盘
09:31:33,4.01,0.0,303,121503,买盘
09:31:36,4.01,0.0,514,205914,买盘
09:31:39,4.01,0.0,1650,661640,买盘
09:31:42,4.01,0.0,2813,1128013,买盘
09:31:45,4.03,0.02,320,128853,买盘
09:31:48,4.04,0.01,719,290476,买盘
09:31:51,4.04,0.0,4,1615,中性盘
09:31:54,4.05,0.01,215,87074,买盘
09:31:57,4.05,0.0,95,38475,买盘
09:32:00,4.06,0.01,25,10150,买盘
09:32:03,4.05,-0.01,168,68040,卖盘
09:32:06,4.05,0.0,95,38410,买盘
09:32:09,4.05,0.0,500,202500,买盘
09:32:12,4.05,0.0,145,58698,买盘
09:32:15,4.05,0.0,124,50174,买盘
09:32:18,4.04,-0.01,174,70323,卖盘
09:32:21,4.04,0.0,143,57785,买盘
09:32:24,4.04,0.0,29,11716,卖盘
09:32:27,4.04,0.0,26,10504,买盘
09:32:30,4.04,0.0,11,4444,买盘
09:32:36,4.03,-0.01,204,82236,卖盘
09:32:39,4.03,0.0,61,24588,卖盘
09:32:42,4.04,0.01,140,56560,买盘
09:32:45,4.04,0.0,85,34340,买盘
09:32:48,4.04,0.0,17,6858,买盘
09:32:51,4.04,0.0,8,3232,买盘
09:32:54,4.04,0.0,696,281452,买盘
09:32:57,4.05,0.01,582,235603,买盘
09:33:00,4.04,-0.01,333,134826,卖盘
09:33:03,4.07,0.03,630,255678,买盘
09:33:06,4.06,-0.01,3,1218,卖盘
09:33:09,4.06,0.0,32,12992,卖盘
09:33:12,4.06,0.0,232,94192,卖盘
09:33:15,4.06,0.0,155,63051,卖盘
09:33:18,4.06,0.0,2,812,买盘
09:33:21,4.06,0.0,79,32074,买盘
09:33:24,4.06,0.0,30,12180,买盘
09:33:27,4.06,0.0,434,176204,买盘
09:33:30,4.06,0.0,121,49106,买盘
09:33:36,4.05,-0.01,171,69315,卖盘
09:33:39,4.06,0.01,112,45472,买盘
09:33:42,4.06,0.0,220,89140,买盘
09:33:45,4.06,0.0,200,81200,买盘
09:33:48,4.06,0.0,202,82012,买盘
09:33:51,4.06,0.0,3,1218,买盘
09:33:57,4.06,0.0,525,213150,买盘
09:34:00,4.06,0.0,31,12586,卖盘
09:34:03,4.06,0.0,540,218997,中性盘
09:34:06,4.05,-0.01,80,32400,卖盘
09:34:09,4.06,0.01,10,4060,买盘
09:34:12,4.05,-0.01,102,41312,卖盘
09:34:15,4.05,0.0,66,26730,买盘
09:34:18,4.06,0.01,132,53592,买盘
09:34:21,4.06,0.0,109,44202,买盘
09:34:24,4.06,0.0,21,8526,买盘
09:34:27,4.06,0.0,479,194474,买盘
09:34:30,4.06,0.0,20,8120,买盘
09:34:33,4.09,0.03,4271,1739268,买盘
09:34:36,4.09,0.0,572,233943,买盘
09:34:39,4.09,0.0,342,140193,卖盘
09:34:42,4.08,-0.01,142,58042,卖盘
09:34:45,4.09,0.01,36,14724,买盘
09:34:48,4.09,0.0,23,9412,卖盘
09:34:51,4.09,0.0,404,165262,卖盘
09:34:54,4.09,0.0,118,48262,买盘
09:34:57,4.09,0.0,129,52772,卖盘
09:35:00,4.09,0.0,87,35583,买盘
09:35:03,4.09,0.0,689,281801,买盘
09:35:06,4.09,0.0,108,44172,买盘
09:35:09,4.1,0.01,726,296992,买盘
09:35:12,4.09,-0.01,1135,463133,中性盘
09:35:15,4.09,0.0,255,104295,买盘
09:35:18,4.09,0.0,73,29857,中性盘
09:35:21,4.09,0.0,712,291208,买盘
09:35:24,4.09,0.0,338,138529,卖盘
09:35:27,4.09,0.0,72,29456,卖盘
09:35:30,4.09,0.0,464,189776,卖盘
09:35:33,4.09,0.0,1209,494667,买盘
09:35:36,4.09,0.0,481,197076,卖盘
09:35:39,4.1,0.01,901,368877,买盘
09:35:42,4.1,0.0,471,193060,买盘
09:35:45,4.1,0.0,296,121260,买盘
09:35:48,4.11,0.01,423,173631,买盘
09:35:51,4.11,0.0,429,176280,买盘
09:35:54,4.12,0.01,981,402537,买盘
09:35:57,4.11,-0.01,6,2466,卖盘
09:36:00,4.11,0.0,370,152190,卖盘
09:36:03,4.14,0.03,1104,455441,买盘
09:36:06,4.15,0.01,502,207686,买盘
09:36:09,4.14,-0.01,933,385491,中性盘
09:36:12,4.13,-0.01,513,212110,卖盘
09:36:15,4.14,0.01,661,273256,买盘
09:36:18,4.13,-0.01,352,145659,卖盘
09:36:21,4.14,0.01,126,52049,买盘
09:36:24,4.13,-0.01,596,246501,中性盘
09:36:27,4.15,0.02,316,130679,买盘
09:36:30,4.14,-0.01,1490,618001,中性盘
09:36:33,4.15,0.01,381,157877,买盘
09:36:36,4.15,0.0,801,332385,买盘
09:36:39,4.16,0.01,441,183195,买盘
09:36:42,4.16,0.0,455,189205,买盘
09:36:45,4.16,0.0,562,233740,买盘
09:36:48,4.16,0.0,288,119804,买盘
09:36:51,4.17,0.01,565,234826,买盘
09:36:54,4.16,-0.01,125,52008,卖盘
09:36:57,4.15,-0.01,99,41174,卖盘
09:37:00,4.16,0.01,501,208411,买盘
09:37:03,4.19,0.03,5192,2171299,买盘
09:37:06,4.25,0.06,3583,1509199,买盘
09:37:09,4.27,0.02,1731,739358,买盘
09:37:12,4.28,0.01,731,312154,买盘
09:37:15,4.3,0.02,372,159470,买盘
09:37:18,4.3,0.0,1322,567751,买盘
09:37:21,4.35,0.05,817,353033,买盘
09:37:24,4.35,0.0,1413,614018,买盘
09:37:27,4.37,0.02,1441,628109,买盘
09:37:30,4.38,0.01,5620,2459558,买盘
09:37:33,4.38,0.0,5682,2488172,买盘
09:37:36,4.38,0.0,1104,483552,卖盘
09:37:39,4.38,0.0,1373,601374,卖盘
09:37:42,4.38,0.0,6325,2770350,卖盘
09:37:45,4.38,0.0,1408,616704,卖盘
09:37:48,4.38,0.0,19628,8594023,卖盘
09:37:51,4.38,0.0,11046,4835514,买盘
09:37:54,4.38,0.0,1098,480924,卖盘
09:37:57,4.38,0.0,1264,553632,卖盘
09:38:00,4.38,0.0,861,377118,卖盘
09:38:03,4.38,0.0,625,273750,卖盘
09:38:06,4.38,0.0,1131,495378,卖盘
09:38:09,4.38,0.0,611,267618,卖盘
09:38:12,4.38,0.0,880,385440,卖盘
09:38:15,4.38,0.0,2891,1266258,卖盘
09:38:18,4.38,0.0,462,202356,卖盘
09:38:21,4.38,0.0,328,143664,卖盘
09:38:24,4.38,0.0,1004,439752,卖盘
09:38:27,4.38,0.0,493,215934,卖盘
09:38:30,4.38,0.0,707,309666,卖盘
09:38:33,4.38,0.0,579,253602,卖盘
09:38:36,4.38,0.0,360,157680,卖盘
09:38:39,4.38,0.0,159,69642,卖盘
09:38:42,4.38,0.0,546,239148,卖盘
09:38:45,4.38,0.0,1390,608820,卖盘
09:38:48,4.38,0.0,373,163374,卖盘
09:38:51,4.38,0.0,85,37230,卖盘
09:38:54,4.38,0.0,173,75774,卖盘
09:38:57,4.38,0.0,166,72708,卖盘
09:39:00,4.38,0.0,2994,1311372,卖盘
09:39:03,4.38,0.0,420,183960,卖盘
09:39:06,4.38,0.0,110,48180,卖盘
09:39:09,4.38,0.0,220,96360,卖盘
09:39:12,4.38,0.0,87,38106,卖盘
09:39:15,4.38,0.0,524,229512,卖盘
09:39:18,4.38,0.0,301,131838,卖盘
09:39:21,4.38,0.0,129,56502,卖盘
09:39:24,4.38,0.0,139,60882,卖盘
09:39:27,4.38,0.0,264,115632,卖盘
09:39:30,4.38,0.0,375,164250,卖盘
09:39:33,4.38,0.0,632,276816,卖盘
09:39:36,4.38,0.0,256,112128,卖盘
09:39:39,4.38,0.0,55,24090,卖盘
09:39:42,4.38,0.0,84,36792,卖盘
09:39:45,4.38,0.0,10,4380,卖盘
09:39:48,4.38,0.0,64,28032,卖盘
09:39:51,4.38,0.0,369,161622,卖盘
09:39:54,4.38,0.0,421,184398,卖盘
09:39:57,4.38,0.0,513,224694,卖盘
09:40:00,4.38,0.0,126,55188,卖盘
09:40:03,4.38,0.0,71,31098,卖盘
09:40:06,4.38,0.0,81,35478,卖盘
09:40:09,4.38,0.0,519,227322,卖盘
09:40:12,4.38,0.0,5,2190,卖盘
09:40:15,4.38,0.0,128,56064,卖盘
09:40:18,4.38,0.0,62,27156,卖盘
09:40:21,4.38,0.0,135,59130,卖盘
09:40:24,4.38,0.0,125,54750,卖盘
09:40:27,4.38,0.0,240,105120,卖盘
09:40:30,4.38,0.0,70,30660,卖盘
09:40:33,4.38,0.0,978,428364,卖盘
09:40:36,4.38,0.0,29,12702,卖盘
09:40:39,4.38,0.0,170,74460,卖盘
09:40:42,4.38,0.0,99,43362,卖盘
09:40:45,4.38,0.0,263,115194,卖盘
09:40:48,4.38,0.0,148,64824,卖盘
09:40:51,4.38,0.0,206,90228,卖盘
09:40:54,4.38,0.0,275,120450,卖盘
09:40:57,4.38,0.0,201,88038,卖盘
09:41:00,4.38,0.0,258,113004,卖盘
09:41:03,4.38,0.0,80,35040,卖盘
09:41:06,4.38,0.0,111,48618,卖盘
09:41:09,4.38,0.0,26,11388,卖盘
09:41:12,4.38,0.0,107,46866,卖盘
09:41:15,4.38,0.0,186,81468,卖盘
09:41:18,4.38,0.0,19,8322,卖盘
09:41:21,4.38,0.0,251,109938,卖盘
09:41:24,4.38,0.0,212,92856,卖盘
09:41:27,4.38,0.0,588,257544,卖盘
09:41:30,4.38,0.0,221,96798,卖盘
09:41:33,4.38,0.0,119,52122,卖盘
09:41:36,4.38,0.0,56,24528,卖盘
09:41:39,4.38,0.0,80,35040,卖盘
09:41:42,4.38,0.0,270,118260,卖盘
09:41:45,4.38,0.0,31,13578,卖盘
09:41:48,4.38,0.0,46,20148,卖盘
09:41:51,4.38,0.0,70,30660,卖盘
09:41:54,4.38,0.0,89,38982,卖盘
09:41:57,4.38,0.0,281,123078,卖盘
09:42:00,4.38,0.0,211,92418,卖盘
09:42:03,4.38,0.0,70,30660,卖盘
09:42:06,4.38,0.0,32,14016,卖盘
09:42:09,4.38,0.0,104,45552,卖盘
09:42:12,4.38,0.0,258,113004,卖盘
09:42:15,4.38,0.0,315,137970,卖盘
09:42:18,4.38,0.0,215,94170,卖盘
09:42:21,4.38,0.0,45,19710,卖盘
09:42:27,4.38,0.0,48,21024,卖盘
09:42:30,4.38,0.0,109,47742,卖盘
09:42:33,4.38,0.0,3,1314,卖盘
09:42:36,4.38,0.0,35,15330,卖盘
09:42:39,4.38,0.0,11,4818,卖盘
09:42:42,4.38,0.0,15,6570,卖盘
09:42:45,4.38,0.0,2,876,卖盘
09:42:48,4.38,0.0,134,58692,卖盘
09:42:51,4.38,0.0,59,25842,卖盘
09:42:54,4.38,0.0,28,12264,卖盘
09:42:57,4.38,0.0,65,28470,卖盘
09:43:00,4.38,0.0,10,4380,卖盘
09:43:03,4.38,0.0,96,42048,卖盘
09:43:06,4.38,0.0,35,15330,卖盘
09:43:12,4.38,0.0,9,3942,卖盘
09:43:15,4.38,0.0,6,2628,卖盘
09:43:18,4.38,0.0,10,4380,卖盘
09:43:21,4.38,0.0,268,117384,卖盘
09:43:24,4.38,0.0,147,64386,卖盘
09:43:27,4.38,0.0,41,17958,卖盘
09:43:30,4.38,0.0,47,20586,卖盘
09:43:33,4.38,0.0,94,41172,卖盘
09:43:36,4.38,0.0,42,18396,卖盘
09:43:39,4.38,0.0,10,4380,卖盘
09:43:42,4.38,0.0,30,13140,卖盘
09:43:45,4.38,0.0,277,121326,卖盘
09:43:48,4.38,0.0,35,15330,卖盘
09:43:51,4.38,0.0,2003,877314,卖盘
09:43:54,4.38,0.0,320,140160,卖盘
09:43:57,4.38,0.0,97,42486,卖盘
09:44:00,4.38,0.0,20,8760,卖盘
09:44:03,4.38,0.0,34,14892,卖盘
09:44:09,4.38,0.0,661,289518,卖盘
09:44:12,4.38,0.0,552,241776,卖盘
09:44:15,4.38,0.0,27,11826,卖盘
09:44:18,4.38,0.0,62,27156,卖盘
09:44:21,4.38,0.0,231,101178,卖盘
09:44:24,4.38,0.0,42,18396,卖盘
09:44:27,4.38,0.0,67,29346,卖盘
09:44:30,4.38,0.0,3,1314,卖盘
09:44:33,4.38,0.0,69,30222,卖盘
09:44:36,4.38,0.0,30,13140,卖盘
09:44:39,4.38,0.0,100,43800,卖盘
09:44:45,4.38,0.0,74,32412,卖盘
09:44:48,4.38,0.0,73,31974,卖盘
09:44:54,4.38,0.0,5,2190,卖盘
09:44:57,4.38,0.0,12,5256,卖盘
09:45:00,4.38,0.0,33,14454,卖盘
09:45:03,4.38,0.0,33,14454,卖盘
09:45:09,4.38,0.0,1,438,卖盘
09:45:12,4.38,0.0,15,6570,卖盘
09:45:18,4.38,0.0,117,51246,卖盘
09:45:21,4.38,0.0,75,32850,卖盘
09:45:24,4.38,0.0,2,876,卖盘
09:45:27,4.38,0.0,15,6570,卖盘
09:45:30,4.38,0.0,41,17958,卖盘
09:45:33,4.38,0.0,10,4380,卖盘
09:45:36,4.38,0.0,23,10074,卖盘
09:45:39,4.38,0.0,20,8760,卖盘
09:45:42,4.38,0.0,100,43800,卖盘
09:45:48,4.38,0.0,10,4380,卖盘
09:45:51,4.38,0.0,77,33726,卖盘
09:45:54,4.38,0.0,84,36792,卖盘
09:45:57,4.38,0.0,13,5694,卖盘
09:46:00,4.38,0.0,20,8760,卖盘
09:46:03,4.38,0.0,71,31098,卖盘
09:46:06,4.38,0.0,11,4818,卖盘
09:46:09,4.38,0.0,19,8322,卖盘
09:46:12,4.38,0.0,2,876,卖盘
09:46:15,4.38,0.0,10,4380,卖盘
09:46:18,4.38,0.0,10,4380,卖盘
09:46:21,4.38,0.0,11,4818,卖盘
09:46:24,4.38,0.0,2,876,卖盘
09:46:27,4.38,0.0,14,6132,卖盘
09:46:30,4.38,0.0,19,8322,卖盘
09:46:39,4.38,0.0,61,26718,卖盘
09:46:45,4.38,0.0,360,157680,卖盘
09:46:48,4.38,0.0,19,8322,卖盘
09:46:51,4.38,0.0,55,24090,卖盘
09:46:54,4.38,0.0,21,9198,卖盘
09:46:57,4.38,0.0,38,16644,卖盘
09:47:00,4.38,0.0,263,115194,卖盘
09:47:09,4.38,0.0,58,25404,卖盘
09:47:12,4.38,0.0,1,438,卖盘
09:47:15,4.38,0.0,5,2190,卖盘
09:47:18,4.38,0.0,34,14892,卖盘
09:47:21,4.38,0.0,141,61758,卖盘
09:47:27,4.38,0.0,19,8322,卖盘
09:47:30,4.38,0.0,22,9636,卖盘
09:47:33,4.38,0.0,19,8322,卖盘
09:47:36,4.38,0.0,28,12264,卖盘
09:47:39,4.38,0.0,11,4818,卖盘
09:47:42,4.38,0.0,9,3942,卖盘
09:47:45,4.38,0.0,255,111690,卖盘
09:47:48,4.38,0.0,26,11388,卖盘
09:47:54,4.38,0.0,197,86286,卖盘
09:47:57,4.38,0.0,200,87600,卖盘
09:48:00,4.38,0.0,11,4818,卖盘
09:48:03,4.38,0.0,130,56940,卖盘
09:48:06,4.38,0.0,168,73584,卖盘
09:48:09,4.38,0.0,9,3942,卖盘
09:48:12,4.38,0.0,22,9636,卖盘
09:48:15,4.38,0.0,13,5694,卖盘
09:48:18,4.38,0.0,23,10074,卖盘
09:48:24,4.38,0.0,4,1752,卖盘
09:48:27,4.38,0.0,25,10950,卖盘
09:48:30,4.38,0.0,17,7446,卖盘
09:48:33,4.38,0.0,16,7008,卖盘
09:48:36,4.38,0.0,3,1314,卖盘
09:48:39,4.38,0.0,50,21900,卖盘
09:48:42,4.38,0.0,62,27156,卖盘
09:48:45,4.38,0.0,30,13140,卖盘
09:48:48,4.38,0.0,10,4380,卖盘
09:48:51,4.38,0.0,30,13140,卖盘
09:48:57,4.38,0.0,62,27156,卖盘
09:49:00,4.38,0.0,642,281196,卖盘
09:49:03,4.38,0.0,185,81030,卖盘
09:49:06,4.38,0.0,11,4818,卖盘
09:49:09,4.38,0.0,11,4818,卖盘
09:49:12,4.38,0.0,25,10950,卖盘
09:49:15,4.38,0.0,24,10512,卖盘
09:49:18,4.38,0.0,180,78840,卖盘
09:49:24,4.38,0.0,46,20148,卖盘
09:49:27,4.38,0.0,72,31536,卖盘
09:49:30,4.38,0.0,16,7008,卖盘
09:49:33,4.38,0.0,30,13140,卖盘
09:49:36,4.38,0.0,102,44676,卖盘
09:49:39,4.38,0.0,739,323682,卖盘
09:49:42,4.38,0.0,64,28032,卖盘
09:49:45,4.38,0.0,3,1314,卖盘
09:49:48,4.38,0.0,1,438,卖盘
09:49:51,4.38,0.0,26,11388,卖盘
09:49:54,4.38,0.0,102,44676,卖盘
09:49:57,4.38,0.0,5,2190,卖盘
09:50:00,4.38,0.0,64,28032,卖盘
09:50:03,4.38,0.0,48,21024,卖盘
09:50:06,4.38,0.0,95,41610,卖盘
09:50:09,4.38,0.0,3,1314,卖盘
09:50:12,4.38,0.0,406,177828,卖盘
09:50:21,4.38,0.0,10,4380,卖盘
09:50:24,4.38,0.0,40,17520,卖盘
09:50:27,4.38,0.0,16,7008,卖盘
09:50:30,4.38,0.0,10,4380,卖盘
09:50:33,4.38,0.0,21,9198,卖盘
09:50:36,4.38,0.0,430,188340,卖盘
09:50:39,4.38,0.0,1,438,卖盘
09:50:42,4.38,0.0,15,6570,卖盘
09:50:45,4.38,0.0,10,4380,卖盘
09:50:48,4.38,0.0,1,438,卖盘
09:50:51,4.38,0.0,3,1314,卖盘
09:50:57,4.38,0.0,46,20148,卖盘
09:51:00,4.38,0.0,538,235644,卖盘
09:51:03,4.38,0.0,20,8760,卖盘
09:51:09,4.38,0.0,25,10950,卖盘
09:51:12,4.38,0.0,1,438,卖盘
09:51:15,4.38,0.0,5,2190,卖盘
09:51:18,4.38,0.0,23,10074,卖盘
09:51:21,4.38,0.0,1,438,卖盘
09:51:24,4.38,0.0,25,10950,卖盘
09:51:27,4.38,0.0,53,23214,卖盘
09:51:30,4.38,0.0,400,175200,卖盘
09:51:36,4.38,0.0,26,11388,卖盘
09:51:39,4.38,0.0,10,4380,卖盘
09:51:42,4.38,0.0,3,1314,卖盘
09:51:48,4.38,0.0,20,8760,卖盘
09:51:51,4.38,0.0,20,8760,卖盘
09:51:54,4.38,0.0,151,66138,卖盘
09:51:57,4.38,0.0,17,7446,卖盘
09:52:00,4.38,0.0,1,438,卖盘
09:52:03,4.38,0.0,15,6570,卖盘
09:52:06,4.38,0.0,57,24966,卖盘
09:52:12,4.38,0.0,35,15330,卖盘
09:52:15,4.38,0.0,2,876,卖盘
09:52:18,4.38,0.0,348,152424,卖盘
09:52:21,4.38,0.0,2,876,卖盘
09:52:24,4.38,0.0,28,12264,卖盘
09:52:27,4.38,0.0,13,5694,卖盘
09:52:33,4.38,0.0,7,3066,卖盘
09:52:39,4.38,0.0,2,876,卖盘
09:52:42,4.38,0.0,3,1314,卖盘
09:52:45,4.38,0.0,27,11826,卖盘
09:52:48,4.38,0.0,11,4818,卖盘
09:52:54,4.38,0.0,58,25404,卖盘
09:53:00,4.38,0.0,2,876,卖盘
09:53:06,4.38,0.0,12,5256,卖盘
09:53:09,4.38,0.0,238,104244,卖盘
09:53:15,4.38,0.0,1,438,卖盘
09:53:18,4.38,0.0,3,1314,卖盘
09:53:27,4.38,0.0,45,19710,卖盘
09:53:33,4.38,0.0,5,2190,卖盘
09:53:36,4.38,0.0,10,4380,卖盘
09:53:39,4.38,0.0,2,876,卖盘
09:53:42,4.38,0.0,21,9198,卖盘
09:53:45,4.38,0.0,10,4380,卖盘
09:53:48,4.38,0.0,2,876,卖盘
09:53:51,4.38,0.0,20,8760,卖盘
09:53:54,4.38,0.0,102,44676,卖盘
09:53:57,4.38,0.0,25,10950,卖盘
09:54:00,4.38,0.0,12,5256,卖盘
09:54:03,4.38,0.0,10,4380,卖盘
09:54:15,4.38,0.0,87,38106,卖盘
09:54:18,4.38,0.0,40,17520,卖盘
09:54:21,4.38,0.0,121,52998,卖盘
09:54:24,4.38,0.0,44,19272,卖盘
09:54:27,4.38,0.0,11,4818,卖盘
09:54:30,4.38,0.0,34,14892,卖盘
09:54:33,4.38,0.0,89,38982,卖盘
09:54:42,4.38,0.0,5,2190,卖盘
09:54:45,4.38,0.0,2,876,卖盘
09:54:48,4.38,0.0,22,9636,卖盘
09:54:51,4.38,0.0,14,6132,卖盘
09:54:54,4.38,0.0,55,24090,卖盘
09:54:57,4.38,0.0,60,26280,卖盘
09:55:00,4.38,0.0,42,18396,卖盘
09:55:03,4.38,0.0,10,4380,卖盘
09:55:06,4.38,0.0,77,33726,卖盘
09:55:09,4.38,0.0,15,6570,卖盘
09:55:12,4.38,0.0,2,876,卖盘
09:55:15,4.38,0.0,4,1752,卖盘
09:55:18,4.38,0.0,30,13140,卖盘
09:55:24,4.38,0.0,8,3504,卖盘
09:55:27,4.38,0.0,41,17958,卖盘
09:55:30,4.38,0.0,2,876,卖盘
09:55:33,4.38,0.0,39,17082,卖盘
09:55:36,4.38,0.0,10,4380,卖盘
09:55:39,4.38,0.0,2,876,卖盘
09:55:42,4.38,0.0,116,50808,卖盘
09:55:45,4.38,0.0,20,8760,卖盘
09:55:48,4.38,0.0,223,97674,卖盘
09:55:51,4.38,0.0,10,4380,卖盘
09:55:57,4.38,0.0,227,99426,卖盘
09:56:00,4.38,0.0,12,5256,卖盘
09:56:03,4.38,0.0,21,9198,卖盘
09:56:09,4.38,0.0,12,5256,卖盘
09:56:12,4.38,0.0,1,438,卖盘
09:56:15,4.38,0.0,4,1752,卖盘
09:56:18,4.38,0.0,10,4380,卖盘
09:56:30,4.38,0.0,5,2190,卖盘
09:56:33,4.38,0.0,26,11388,卖盘
09:56:36,4.38,0.0,23,10074,卖盘
09:56:42,4.38,0.0,47,20586,卖盘
09:56:48,4.38,0.0,1,438,卖盘
09:56:51,4.38,0.0,9,3942,卖盘
09:56:54,4.38,0.0,21,9198,卖盘
09:57:03,4.38,0.0,130,56940,卖盘
09:57:06,4.38,0.0,34,14892,卖盘
09:57:09,4.38,0.0,115,50370,卖盘
09:57:12,4.38,0.0,20,8760,卖盘
09:57:18,4.38,0.0,49,21462,卖盘
09:57:21,4.38,0.0,9,3942,卖盘
09:57:27,4.38,0.0,5,2190,卖盘
09:57:30,4.38,0.0,2,876,卖盘
09:57:33,4.38,0.0,80,35040,卖盘
09:57:39,4.38,0.0,36,15768,卖盘
09:57:42,4.38,0.0,4,1752,卖盘
09:57:45,4.38,0.0,37,16206,卖盘
09:57:51,4.38,0.0,23,10074,卖盘
09:57:57,4.38,0.0,12,5256,卖盘
09:58:03,4.38,0.0,38,16644,卖盘
09:58:06,4.38,0.0,8,3504,卖盘
09:58:09,4.38,0.0,15,6570,卖盘
09:58:12,4.38,0.0,1,438,卖盘
09:58:15,4.38,0.0,3,1314,卖盘
09:58:18,4.38,0.0,99,43362,卖盘
09:58:24,4.38,0.0,80,35040,卖盘
09:58:27,4.38,0.0,30,13140,卖盘
09:58:30,4.38,0.0,25,10950,卖盘
09:58:33,4.38,0.0,5,2190,卖盘
09:58:39,4.38,0.0,10,4380,卖盘
09:58:42,4.38,0.0,23,10074,卖盘
09:58:45,4.38,0.0,100,43800,卖盘
09:58:48,4.38,0.0,15,6570,卖盘
09:58:51,4.38,0.0,120,52560,卖盘
09:58:57,4.38,0.0,70,30660,卖盘
09:59:00,4.38,0.0,1,438,卖盘
09:59:03,4.38,0.0,7,3066,卖盘
09:59:09,4.38,0.0,56,24528,卖盘
09:59:12,4.38,0.0,9,3942,卖盘
09:59:18,4.38,0.0,25,10950,卖盘
09:59:21,4.38,0.0,6,2628,卖盘
09:59:24,4.38,0.0,20,8760,卖盘
09:59:30,4.38,0.0,35,15330,卖盘
09:59:36,4.38,0.0,25,10950,卖盘
09:59:39,4.38,0.0,110,48180,卖盘
09:59:42,4.38,0.0,20,8760,卖盘
09:59:45,4.38,0.0,320,140160,卖盘
09:59:51,4.38,0.0,19,8322,卖盘
09:59:54,4.38,0.0,18,7884,卖盘
09:59:57,4.38,0.0,9,3942,卖盘
10:00:00,4.38,0.0,1,438,卖盘
10:00:03,4.38,0.0,8,3504,卖盘
10:00:06,4.38,0.0,80,35040,卖盘
10:00:09,4.38,0.0,1,438,卖盘
10:00:12,4.38,0.0,143,62634,卖盘
10:00:18,4.38,0.0,145,63510,卖盘
10:00:21,4.38,0.0,19,8322,卖盘
10:00:27,4.38,0.0,10,4380,卖盘
10:00:30,4.38,0.0,10,4380,卖盘
10:00:33,4.38,0.0,145,63510,卖盘
10:00:36,4.38,0.0,82,35916,卖盘
10:00:39,4.38,0.0,30,13140,卖盘
10:00:42,4.38,0.0,243,106434,卖盘
10:00:45,4.38,0.0,2,876,卖盘
10:00:48,4.38,0.0,4,1752,卖盘
10:00:51,4.38,0.0,8,3504,卖盘
10:00:54,4.38,0.0,4,1752,卖盘
10:01:03,4.38,0.0,43,18834,卖盘
10:01:06,4.38,0.0,30,13140,卖盘
10:01:09,4.38,0.0,51,22338,卖盘
10:01:15,4.38,0.0,15,6570,卖盘
10:01:18,4.38,0.0,8,3504,卖盘
10:01:24,4.38,0.0,1,438,卖盘
10:01:27,4.38,0.0,10,4380,卖盘
10:01:30,4.38,0.0,28,12264,卖盘
10:01:33,4.38,0.0,12,5256,卖盘
10:01:36,4.38,0.0,47,20586,卖盘
10:01:39,4.38,0.0,16,7008,卖盘
10:01:42,4.38,0.0,1,438,卖盘
10:01:45,4.38,0.0,21,9198,卖盘
10:01:48,4.38,0.0,10,4380,卖盘
10:01:51,4.38,0.0,1,438,卖盘
10:01:54,4.38,0.0,31,13578,卖盘
10:01:57,4.38,0.0,81,35478,卖盘
10:02:03,4.38,0.0,45,19710,卖盘
10:02:12,4.38,0.0,22,9636,卖盘
10:02:15,4.38,0.0,11,4818,卖盘
10:02:21,4.38,0.0,50,21900,卖盘
10:02:24,4.38,0.0,10,4380,卖盘
10:02:27,4.38,0.0,151,66138,卖盘
10:02:30,4.38,0.0,92,40296,卖盘
10:02:36,4.38,0.0,18,7884,卖盘
10:02:39,4.38,0.0,10,4380,卖盘
10:02:42,4.38,0.0,250,109500,卖盘
10:02:51,4.38,0.0,20,8760,卖盘
10:02:54,4.38,0.0,5,2190,卖盘
10:02:57,4.38,0.0,2,876,卖盘
10:03:03,4.38,0.0,5,2190,卖盘
10:03:06,4.38,0.0,6,2628,卖盘
10:03:15,4.38,0.0,8,3504,卖盘
10:03:18,4.38,0.0,15,6570,卖盘
10:03:21,4.38,0.0,342,149796,卖盘
10:03:24,4.38,0.0,13,5694,卖盘
10:03:30,4.38,0.0,50,21900,卖盘
10:03:33,4.38,0.0,464,203232,卖盘
10:03:39,4.38,0.0,24,10512,卖盘
10:03:42,4.38,0.0,389,170382,卖盘
10:03:45,4.38,0.0,53,23214,卖盘
10:03:48,4.38,0.0,10,4380,卖盘
10:03:51,4.38,0.0,24,10512,卖盘
10:03:57,4.38,0.0,65,28470,卖盘
10:04:00,4.38,0.0,5,2190,卖盘
10:04:03,4.38,0.0,211,92418,卖盘
10:04:06,4.38,0.0,131,57378,卖盘
10:04:09,4.38,0.0,22,9636,卖盘
10:04:15,4.38,0.0,100,43800,卖盘
10:04:18,4.38,0.0,41,17958,卖盘
10:04:24,4.38,0.0,11,4818,卖盘
10:04:30,4.38,0.0,11,4818,卖盘
10:04:33,4.38,0.0,32,14016,卖盘
10:04:36,4.38,0.0,5,2190,卖盘
10:04:42,4.38,0.0,287,125706,卖盘
10:04:45,4.38,0.0,20,8760,卖盘
10:04:48,4.38,0.0,18,7884,卖盘
10:04:51,4.38,0.0,102,44676,卖盘
10:04:54,4.38,0.0,10,4380,卖盘
10:05:06,4.38,0.0,16,7008,卖盘
10:05:09,4.38,0.0,2,876,卖盘
10:05:12,4.38,0.0,123,53874,卖盘
10:05:15,4.38,0.0,100,43800,卖盘
10:05:18,4.38,0.0,26,11388,卖盘
10:05:21,4.38,0.0,26,11388,卖盘
10:05:24,4.38,0.0,55,24090,卖盘
10:05:30,4.38,0.0,28,12264,卖盘
10:05:33,4.38,0.0,25,10950,卖盘
10:05:36,4.38,0.0,128,56064,卖盘
10:05:39,4.38,0.0,42,18396,卖盘
10:05:42,4.38,0.0,26,11388,卖盘
10:05:45,4.38,0.0,20,8760,卖盘
10:05:48,4.38,0.0,25,10950,卖盘
10:05:51,4.38,0.0,502,219876,卖盘
10:05:57,4.38,0.0,72,31536,卖盘
10:06:03,4.38,0.0,510,223380,卖盘
10:06:06,4.38,0.0,30,13140,卖盘
10:06:09,4.38,0.0,6,2628,卖盘
10:06:12,4.38,0.0,4,1752,卖盘
10:06:15,4.38,0.0,6,2628,卖盘
10:06:18,4.38,0.0,105,45990,卖盘
10:06:24,4.38,0.0,29,12702,卖盘
10:06:27,4.38,0.0,12,5256,卖盘
10:06:30,4.38,0.0,44,19272,卖盘
10:06:33,4.38,0.0,1,438,卖盘
10:06:36,4.38,0.0,5,2190,卖盘
10:06:39,4.38,0.0,25,10950,卖盘
10:06:42,4.38,0.0,3,1314,卖盘
10:06:45,4.38,0.0,29,12702,卖盘
10:06:51,4.38,0.0,9,3942,卖盘
10:06:57,4.38,0.0,10,4380,卖盘
10:07:00,4.38,0.0,5,2190,卖盘
10:07:09,4.38,0.0,30,12987,卖盘
10:07:12,4.38,0.0,10,4380,卖盘
10:07:15,4.38,0.0,24,10512,卖盘
10:07:18,4.38,0.0,80,35040,卖盘
10:07:21,4.38,0.0,8,3504,卖盘
10:07:24,4.38,0.0,335,146730,卖盘
10:07:27,4.38,0.0,2,876,卖盘
10:07:30,4.38,0.0,71,31098,卖盘
10:07:33,4.38,0.0,15,6570,卖盘
10:07:36,4.38,0.0,30,13140,卖盘
10:07:45,4.38,0.0,3,1314,卖盘
10:07:48,4.38,0.0,11,4818,卖盘
10:07:51,4.38,0.0,16,7008,卖盘
10:07:54,4.38,0.0,40,17520,卖盘
10:08:03,4.38,0.0,5,2190,卖盘
10:08:06,4.38,0.0,10,4380,卖盘
10:08:12,4.38,0.0,5,2190,卖盘
10:08:15,4.38,0.0,50,21900,卖盘
10:08:21,4.38,0.0,87,38237,卖盘
10:08:27,4.38,0.0,34,14892,卖盘
10:08:30,4.38,0.0,120,52560,卖盘
10:08:39,4.38,0.0,10,4380,卖盘
10:08:42,4.38,0.0,3,1314,卖盘
10:08:45,4.38,0.0,51,22338,卖盘
10:08:48,4.38,0.0,2,876,卖盘
10:09:03,4.38,0.0,148,64824,卖盘
10:09:06,4.38,0.0,17,7446,卖盘
10:09:09,4.38,0.0,14,6132,卖盘
10:09:18,4.38,0.0,3,1314,卖盘
10:09:24,4.38,0.0,1,438,卖盘
10:09:30,4.38,0.0,302,132276,卖盘
10:09:42,4.38,0.0,153,67014,卖盘
10:09:48,4.38,0.0,5,2190,卖盘
10:09:51,4.38,0.0,100,43800,卖盘
10:09:54,4.38,0.0,2,876,卖盘
10:09:57,4.38,0.0,67,29346,卖盘
10:10:00,4.38,0.0,116,50808,卖盘
10:10:03,4.38,0.0,35,15330,卖盘
10:10:09,4.38,0.0,10,4380,卖盘
10:10:12,4.38,0.0,20,8760,卖盘
10:10:15,4.38,0.0,5,2190,卖盘
10:10:21,4.38,0.0,2,876,卖盘
10:10:24,4.38,0.0,13,5694,卖盘
10:10:27,4.38,0.0,20,8760,卖盘
10:10:45,4.38,0.0,1,438,卖盘
10:10:51,4.38,0.0,2,876,卖盘
10:10:57,4.38,0.0,3,1314,卖盘
10:11:00,4.38,0.0,2,876,卖盘
10:11:06,4.38,0.0,28,12264,卖盘
10:11:12,4.38,0.0,1,438,卖盘
10:11:18,4.38,0.0,16,7008,卖盘
10:11:21,4.38,0.0,4,1752,卖盘
10:11:27,4.38,0.0,5,2190,卖盘
10:11:33,4.38,0.0,11,4818,卖盘
10:11:36,4.38,0.0,15,6570,卖盘
10:11:45,4.38,0.0,1,438,卖盘
10:11:54,4.38,0.0,30,13140,卖盘
10:11:57,4.38,0.0,13,5694,卖盘
10:12:03,4.38,0.0,150,65700,卖盘
10:12:12,4.38,0.0,10,4380,卖盘
10:12:15,4.38,0.0,20,8760,卖盘
10:12:21,4.38,0.0,36,15768,卖盘
10:12:24,4.38,0.0,89,38982,卖盘
10:12:27,4.38,0.0,2,876,卖盘
10:12:30,4.38,0.0,10,4380,卖盘
10:12:33,4.38,0.0,19,8322,卖盘
10:12:48,4.38,0.0,30,13140,卖盘
10:12:57,4.38,0.0,12,5256,卖盘
10:13:09,4.38,0.0,6,2628,卖盘
10:13:12,4.38,0.0,4,1752,卖盘
10:13:21,4.38,0.0,12,5256,卖盘
10:13:24,4.38,0.0,59,25842,卖盘
10:13:27,4.38,0.0,2,876,卖盘
10:13:30,4.38,0.0,2,876,卖盘
10:13:33,4.38,0.0,2,876,卖盘
10:13:36,4.38,0.0,208,91104,卖盘
10:13:39,4.38,0.0,7,3066,卖盘
10:13:42,4.38,0.0,276,120888,卖盘
10:13:45,4.38,0.0,30,13140,卖盘
10:13:54,4.38,0.0,186,81468,卖盘
10:14:00,4.38,0.0,18,7884,卖盘
10:14:03,4.38,0.0,50,21900,卖盘
10:14:06,4.38,0.0,428,187464,卖盘
10:14:09,4.38,0.0,5,2190,卖盘
10:14:12,4.38,0.0,220,96360,卖盘
10:14:15,4.38,0.0,166,72708,卖盘
10:14:18,4.38,0.0,3,1314,卖盘
10:14:21,4.38,0.0,10,4380,卖盘
10:14:30,4.38,0.0,20,8760,卖盘
10:14:33,4.38,0.0,1,438,卖盘
10:14:36,4.38,0.0,1,438,卖盘
10:14:48,4.38,0.0,4,1752,卖盘
10:14:51,4.38,0.0,5,2190,卖盘
10:14:57,4.38,0.0,6,2628,卖盘
10:15:00,4.38,0.0,10,4380,卖盘
10:15:09,4.38,0.0,67,29346,卖盘
10:15:12,4.38,0.0,10,4380,卖盘
10:15:18,4.38,0.0,79,34602,卖盘
10:15:27,4.38,0.0,2,876,卖盘
10:15:30,4.38,0.0,4,1752,卖盘
10:15:39,4.38,0.0,1,438,卖盘
10:15:42,4.38,0.0,40,17520,卖盘
10:15:45,4.38,0.0,5,2190,卖盘
10:16:06,4.38,0.0,18,7884,卖盘
10:16:09,4.38,0.0,11,4818,卖盘
10:16:18,4.38,0.0,10,4380,卖盘
10:16:24,4.38,0.0,1,438,卖盘
10:16:27,4.38,0.0,50,21900,卖盘
10:16:36,4.38,0.0,100,43800,卖盘
10:16:39,4.38,0.0,43,18834,卖盘
10:16:48,4.38,0.0,7,3066,卖盘
10:16:51,4.38,0.0,4,1752,卖盘
10:17:06,4.38,0.0,1,438,卖盘
10:17:15,4.38,0.0,10,4380,卖盘
10:17:18,4.38,0.0,15,6570,卖盘
10:17:30,4.38,0.0,10,4380,卖盘
10:17:45,4.38,0.0,49,21462,卖盘
10:17:48,4.38,0.0,136,59568,卖盘
10:17:51,4.38,0.0,72,31536,卖盘
10:18:03,4.38,0.0,10,4380,卖盘
10:18:06,4.38,0.0,10,4380,卖盘
10:18:12,4.38,0.0,40,17520,卖盘
10:18:18,4.38,0.0,10,4380,卖盘
10:18:24,4.38,0.0,3,1314,卖盘
10:18:33,4.38,0.0,12,5256,卖盘
10:18:36,4.38,0.0,500,219000,卖盘
10:18:39,4.38,0.0,1,438,卖盘
10:18:42,4.38,0.0,51,22338,卖盘
10:18:48,4.38,0.0,2,876,卖盘
10:19:00,4.38,0.0,20,8760,卖盘
10:19:06,4.38,0.0,323,141474,卖盘
10:19:09,4.38,0.0,10,4380,卖盘
10:19:18,4.38,0.0,50,21900,卖盘
10:19:21,4.38,0.0,4,1752,卖盘
10:19:27,4.38,0.0,122,53436,卖盘
10:19:33,4.38,0.0,10,4380,卖盘
10:19:36,4.38,0.0,50,21900,卖盘
10:19:42,4.38,0.0,22,9636,卖盘
10:19:51,4.38,0.0,75,32850,卖盘
10:19:54,4.38,0.0,2,876,卖盘
10:19:57,4.38,0.0,2,876,卖盘
10:20:00,4.38,0.0,23,10074,卖盘
10:20:12,4.38,0.0,14,6132,卖盘
10:20:21,4.38,0.0,9,3942,卖盘
10:20:33,4.38,0.0,60,26280,卖盘
10:20:36,4.38,0.0,38,16644,卖盘
10:20:54,4.38,0.0,10,4380,卖盘
10:21:09,4.38,0.0,10,4380,卖盘
10:21:21,4.38,0.0,1,438,卖盘
10:21:27,4.38,0.0,10,4380,卖盘
10:21:30,4.38,0.0,31,13578,卖盘
10:21:36,4.38,0.0,16,7008,卖盘
10:21:54,4.38,0.0,1,438,卖盘
10:22:06,4.38,0.0,2,876,卖盘
10:22:12,4.38,0.0,253,110814,卖盘
10:22:15,4.38,0.0,30,13140,卖盘
10:22:21,4.38,0.0,30,13140,卖盘
10:22:24,4.38,0.0,3,1314,卖盘
10:22:27,4.38,0.0,5,2190,卖盘
10:22:36,4.38,0.0,9,3942,卖盘
10:22:39,4.38,0.0,27,11826,卖盘
10:22:42,4.38,0.0,1,438,卖盘
10:22:48,4.38,0.0,42,18396,卖盘
10:22:54,4.38,0.0,15,6570,卖盘
10:22:57,4.38,0.0,406,177828,卖盘
10:23:06,4.38,0.0,1,438,卖盘
10:23:09,4.38,0.0,13,5694,卖盘
10:23:12,4.38,0.0,33,14454,卖盘
10:23:15,4.38,0.0,94,41172,卖盘
10:23:18,4.38,0.0,28,12264,卖盘
10:23:24,4.38,0.0,5,2190,卖盘
10:23:27,4.38,0.0,80,35040,卖盘
10:23:30,4.38,0.0,44,19272,卖盘
10:23:33,4.38,0.0,131,57378,卖盘
10:23:39,4.38,0.0,50,21900,卖盘
10:23:42,4.38,0.0,13,5694,卖盘
10:23:45,4.38,0.0,40,17520,卖盘
10:23:48,4.38,0.0,10,4380,卖盘
10:23:51,4.38,0.0,13,5694,卖盘
10:23:54,4.38,0.0,26,11388,卖盘
10:24:03,4.38,0.0,2,876,卖盘
10:24:09,4.38,0.0,944,413472,卖盘
10:24:12,4.38,0.0,60,26280,卖盘
10:24:15,4.38,0.0,2,876,卖盘
10:24:18,4.38,0.0,50,21900,卖盘
10:24:21,4.38,0.0,11,4818,卖盘
10:24:24,4.38,0.0,2,876,卖盘
10:24:27,4.38,0.0,5,2190,卖盘
10:24:33,4.38,0.0,3,1314,卖盘
10:24:36,4.38,0.0,319,139722,卖盘
10:24:39,4.38,0.0,10,4380,卖盘
10:24:45,4.38,0.0,233,102054,卖盘
10:24:48,4.38,0.0,243,106434,卖盘
10:24:51,4.38,0.0,100,43800,卖盘
10:24:57,4.38,0.0,10,4380,卖盘
10:25:00,4.38,0.0,50,21900,卖盘
10:25:09,4.38,0.0,39,17082,卖盘
10:25:12,4.38,0.0,27,11826,卖盘
10:25:18,4.38,0.0,1,438,卖盘
10:25:21,4.38,0.0,2,876,卖盘
10:25:27,4.38,0.0,3,1314,卖盘
10:25:30,4.38,0.0,3,1314,卖盘
10:25:33,4.38,0.0,57,24966,卖盘
10:25:36,4.38,0.0,51,22338,卖盘
10:25:39,4.38,0.0,5,2190,卖盘
10:25:42,4.38,0.0,46,20148,卖盘
10:25:57,4.38,0.0,32,14016,卖盘
10:26:00,4.38,0.0,174,76212,卖盘
10:26:12,4.38,0.0,188,82344,卖盘
10:26:21,4.38,0.0,66,28908,卖盘
10:26:24,4.38,0.0,39,17082,卖盘
10:26:27,4.38,0.0,1,438,卖盘
10:26:30,4.38,0.0,100,43800,卖盘
10:26:33,4.38,0.0,46,20148,卖盘
10:26:36,4.38,0.0,50,21900,卖盘
10:26:45,4.38,0.0,2,876,卖盘
10:26:48,4.38,0.0,70,30660,卖盘
10:26:51,4.38,0.0,110,48180,卖盘
10:26:57,4.38,0.0,111,48618,卖盘
10:27:00,4.38,0.0,176,77088,卖盘
10:27:03,4.38,0.0,101,44238,卖盘
10:27:06,4.38,0.0,50,21900,卖盘
10:27:09,4.38,0.0,20,8760,卖盘
10:27:12,4.38,0.0,104,45552,卖盘
10:27:15,4.38,0.0,1935,847530,卖盘
10:27:21,4.38,0.0,88,38544,卖盘
10:27:24,4.38,0.0,867,379746,卖盘
10:27:30,4.38,0.0,99,43362,卖盘
10:27:33,4.38,0.0,201,88038,卖盘
10:27:36,4.38,0.0,12,5256,卖盘
10:27:39,4.38,0.0,14,6132,卖盘
10:27:42,4.38,0.0,31,13578,卖盘
10:27:45,4.38,0.0,1,438,卖盘
10:27:48,4.38,0.0,2,876,卖盘
10:27:51,4.38,0.0,71,31098,卖盘
10:27:54,4.38,0.0,35,15330,卖盘
10:27:57,4.38,0.0,479,209802,卖盘
10:28:00,4.38,0.0,86,37668,卖盘
10:28:03,4.38,0.0,147,64386,卖盘
10:28:06,4.38,0.0,60,26280,卖盘
10:28:09,4.38,0.0,12,5256,卖盘
10:28:15,4.38,0.0,15,6570,卖盘
10:28:21,4.38,0.0,20,8760,卖盘
10:28:27,4.38,0.0,24,10512,卖盘
10:28:30,4.38,0.0,10,4380,卖盘
10:28:33,4.38,0.0,53,23214,卖盘
10:28:39,4.38,0.0,24,10512,卖盘
10:28:42,4.38,0.0,3,1314,卖盘
10:28:45,4.38,0.0,87,38106,卖盘
10:28:51,4.38,0.0,10,4380,卖盘
10:28:54,4.38,0.0,39,17082,卖盘
10:28:57,4.38,0.0,19,8322,卖盘
10:29:00,4.38,0.0,2,876,卖盘
10:29:03,4.38,0.0,19,8322,卖盘
10:29:06,4.38,0.0,16,7008,卖盘
10:29:09,4.38,0.0,4,1752,卖盘
10:29:18,4.38,0.0,4,1752,卖盘
10:29:21,4.38,0.0,55,24090,卖盘
10:29:24,4.38,0.0,75,32850,卖盘
10:29:33,4.38,0.0,10,4380,卖盘
10:29:39,4.38,0.0,169,74022,卖盘
10:29:42,4.38,0.0,278,121904,卖盘
10:29:48,4.38,0.0,10,4380,卖盘
10:29:54,4.38,0.0,21,9198,卖盘
10:29:57,4.38,0.0,4,1752,卖盘
10:30:00,4.38,0.0,5,2190,卖盘
10:30:15,4.38,0.0,15,6570,卖盘
10:30:18,4.38,0.0,8,3504,卖盘
10:30:24,4.38,0.0,50,21900,卖盘
10:30:30,4.38,0.0,15,6570,卖盘
10:30:36,4.38,0.0,201,88038,卖盘
10:30:39,4.38,0.0,10,4380,卖盘
10:30:42,4.38,0.0,214,93732,卖盘
10:30:45,4.38,0.0,1,438,卖盘
10:30:57,4.38,0.0,81,35478,卖盘
10:31:00,4.38,0.0,15,6570,卖盘
10:31:03,4.38,0.0,32,14016,卖盘
10:31:06,4.38,0.0,97,42486,卖盘
10:31:09,4.38,0.0,12,5256,卖盘
10:31:12,4.38,0.0,17,7446,卖盘
10:31:21,4.38,0.0,45,19710,卖盘
10:31:33,4.38,0.0,87,38106,卖盘
10:31:39,4.38,0.0,13,5694,卖盘
10:31:42,4.38,0.0,4,1752,卖盘
10:31:51,4.38,0.0,4,1752,卖盘
10:31:54,4.38,0.0,81,35478,卖盘
10:32:03,4.38,0.0,1,438,卖盘
10:32:06,4.38,0.0,12,5256,卖盘
10:32:15,4.38,0.0,30,13140,卖盘
10:32:18,4.38,0.0,91,39858,卖盘
10:32:21,4.38,0.0,12,5256,卖盘
10:32:24,4.38,0.0,20,8760,卖盘
10:32:27,4.38,0.0,13,5694,卖盘
10:32:30,4.38,0.0,34,14892,卖盘
10:32:33,4.38,0.0,149,65262,卖盘
10:32:39,4.38,0.0,146,63948,卖盘
10:32:45,4.38,0.0,20,8760,卖盘
10:32:48,4.38,0.0,4,1752,卖盘
10:32:51,4.38,0.0,227,99426,卖盘
10:32:54,4.38,0.0,276,120888,卖盘
10:32:57,4.38,0.0,28,12264,卖盘
10:33:03,4.38,0.0,24,10512,卖盘
10:33:06,4.38,0.0,10,4380,卖盘
10:33:09,4.38,0.0,91,39858,卖盘
10:33:12,4.38,0.0,60,26280,卖盘
10:33:15,4.38,0.0,52,22776,卖盘
10:33:18,4.38,0.0,30,13140,卖盘
10:33:21,4.38,0.0,72,31536,卖盘
10:33:24,4.38,0.0,1,438,卖盘
10:33:30,4.38,0.0,11,4818,卖盘
10:33:33,4.38,0.0,20,8760,卖盘
10:33:36,4.38,0.0,422,184836,卖盘
10:33:39,4.38,0.0,83,36354,卖盘
10:33:42,4.38,0.0,20,8760,卖盘
10:33:48,4.38,0.0,39,17082,卖盘
10:33:51,4.38,0.0,5,2190,卖盘
10:34:03,4.38,0.0,111,48618,卖盘
10:34:06,4.38,0.0,5,2190,卖盘
10:34:09,4.38,0.0,25,10950,卖盘
10:34:12,4.38,0.0,74,32412,卖盘
10:34:15,4.38,0.0,70,30660,卖盘
10:34:18,4.38,0.0,24,10512,卖盘
10:34:21,4.38,0.0,2,876,卖盘
10:34:36,4.38,0.0,90,39420,卖盘
10:34:39,4.38,0.0,102,44676,卖盘
10:34:45,4.38,0.0,31,13578,卖盘
10:34:48,4.38,0.0,50,21900,卖盘
10:34:51,4.38,0.0,15,6570,卖盘
10:34:54,4.38,0.0,25,10950,卖盘
10:34:57,4.38,0.0,80,35040,卖盘
10:35:00,4.38,0.0,400,175200,卖盘
10:35:03,4.38,0.0,3,1314,卖盘
10:35:06,4.38,0.0,5,2190,卖盘
10:35:09,4.38,0.0,10,4380,卖盘
10:35:12,4.38,0.0,86,37668,卖盘
10:35:18,4.38,0.0,15,6570,卖盘
10:35:36,4.38,0.0,10,4380,卖盘
10:35:39,4.38,0.0,19,8322,卖盘
10:35:45,4.38,0.0,100,43800,卖盘
10:35:48,4.38,0.0,13,5694,卖盘
10:35:51,4.38,0.0,40,17520,卖盘
10:35:54,4.38,0.0,5,2190,卖盘
10:35:57,4.38,0.0,5,2190,卖盘
10:36:03,4.38,0.0,5,2190,卖盘
10:36:12,4.38,0.0,3,1314,卖盘
10:36:18,4.38,0.0,2,876,卖盘
10:36:24,4.38,0.0,7,3066,卖盘
10:36:39,4.38,0.0,20,8760,卖盘
10:36:42,4.38,0.0,1,438,卖盘
10:36:48,4.38,0.0,76,33288,卖盘
10:36:51,4.38,0.0,1,438,卖盘
10:37:00,4.38,0.0,3,1314,卖盘
10:37:03,4.38,0.0,90,39420,卖盘
10:37:06,4.38,0.0,40,17520,卖盘
10:37:12,4.38,0.0,20,8760,卖盘
10:37:18,4.38,0.0,70,30660,卖盘
10:37:21,4.38,0.0,5,2190,卖盘
10:37:30,4.38,0.0,8,3504,卖盘
10:37:33,4.38,0.0,72,31536,卖盘
10:37:48,4.38,0.0,15,6570,卖盘
10:37:54,4.38,0.0,68,29784,卖盘
10:38:03,4.38,0.0,5,2190,卖盘
10:38:12,4.38,0.0,125,54750,卖盘
10:38:18,4.38,0.0,10,4380,卖盘
10:38:21,4.38,0.0,91,39858,卖盘
10:38:30,4.38,0.0,1,438,卖盘
10:38:45,4.38,0.0,224,98112,卖盘
10:38:51,4.38,0.0,79,34602,卖盘
10:38:54,4.38,0.0,11,4818,卖盘
10:39:15,4.38,0.0,7,3066,卖盘
10:39:18,4.38,0.0,31,13578,卖盘
10:39:30,4.38,0.0,69,30222,卖盘
10:39:33,4.38,0.0,14,6132,卖盘
10:39:42,4.38,0.0,150,65700,卖盘
10:39:45,4.38,0.0,76,33288,卖盘
10:39:54,4.38,0.0,14,6132,卖盘
10:40:03,4.38,0.0,304,133152,卖盘
10:40:09,4.38,0.0,83,36354,卖盘
10:40:15,4.38,0.0,69,30222,卖盘
10:40:18,4.38,0.0,10,4380,卖盘
10:40:21,4.38,0.0,152,66576,卖盘
10:40:33,4.38,0.0,75,32850,卖盘
10:40:39,4.38,0.0,28,12264,卖盘
10:40:51,4.38,0.0,100,43800,卖盘
10:40:57,4.38,0.0,82,35916,卖盘
10:41:00,4.38,0.0,10,4380,卖盘
10:41:12,4.38,0.0,290,127020,卖盘
10:41:15,4.38,0.0,10,4380,卖盘
10:41:18,4.38,0.0,10,4380,卖盘
10:41:27,4.38,0.0,105,45990,卖盘
10:41:33,4.38,0.0,49,21462,卖盘
10:41:36,4.38,0.0,67,29346,卖盘
10:41:39,4.38,0.0,100,43800,卖盘
10:41:42,4.38,0.0,1,438,卖盘
10:41:45,4.38,0.0,36,15768,卖盘
10:41:51,4.38,0.0,5,2190,卖盘
10:41:54,4.38,0.0,89,38982,卖盘
10:42:00,4.38,0.0,85,37230,卖盘
10:42:18,4.38,0.0,2,876,卖盘
10:42:27,4.38,0.0,16,7008,卖盘
10:42:30,4.38,0.0,73,31974,卖盘
10:42:48,4.38,0.0,63,27594,卖盘
10:43:15,4.38,0.0,20,8760,卖盘
10:43:21,4.38,0.0,34,14892,卖盘
10:43:30,4.38,0.0,22,9636,卖盘
10:43:36,4.38,0.0,30,13140,卖盘
10:43:39,4.38,0.0,92,40296,卖盘
10:43:48,4.38,0.0,20,8760,卖盘
10:43:51,4.38,0.0,5,2190,卖盘
10:43:54,4.38,0.0,71,31098,卖盘
10:44:00,4.38,0.0,14,6132,卖盘
10:44:15,4.38,0.0,70,30660,卖盘
10:44:33,4.38,0.0,1,438,卖盘
10:44:48,4.38,0.0,325,142350,卖盘
10:44:51,4.38,0.0,24,10512,卖盘
10:44:57,4.38,0.0,499,218562,卖盘
10:45:06,4.38,0.0,2,876,卖盘
10:45:15,4.38,0.0,21,9198,卖盘
10:45:21,4.38,0.0,1,438,卖盘
10:45:24,4.38,0.0,103,45114,卖盘
10:45:27,4.38,0.0,10,4380,卖盘
10:45:30,4.38,0.0,1,438,卖盘
10:45:39,4.38,0.0,20,8760,卖盘
10:46:00,4.38,0.0,70,30660,卖盘
10:46:12,4.38,0.0,2,876,卖盘
10:46:15,4.38,0.0,20,8760,卖盘
10:46:18,4.38,0.0,20,8760,卖盘
10:46:24,4.38,0.0,114,49932,卖盘
10:46:45,4.38,0.0,50,21900,卖盘
10:46:51,4.38,0.0,10,4380,卖盘
10:46:57,4.38,0.0,4,1752,卖盘
10:47:03,4.38,0.0,30,13140,卖盘
10:47:06,4.38,0.0,79,34602,卖盘
10:47:09,4.38,0.0,115,50370,卖盘
10:47:21,4.38,0.0,5,2190,卖盘
10:47:30,4.38,0.0,11,4818,卖盘
10:47:36,4.38,0.0,1,438,卖盘
10:47:39,4.38,0.0,100,43800,卖盘
10:47:45,4.38,0.0,50,21900,卖盘
10:47:51,4.38,0.0,64,28032,卖盘
10:48:00,4.38,0.0,30,13140,卖盘
10:48:15,4.38,0.0,83,36354,卖盘
10:48:18,4.38,0.0,1,438,卖盘
10:48:21,4.38,0.0,10,4380,卖盘
10:48:30,4.38,0.0,72,31536,卖盘
10:48:57,4.38,0.0,80,35040,卖盘
10:49:00,4.38,0.0,4,1752,卖盘
10:49:06,4.38,0.0,65,28470,卖盘
10:49:18,4.38,0.0,1,438,卖盘
10:49:30,4.38,0.0,20,8760,卖盘
10:49:33,4.38,0.0,72,31536,卖盘
10:49:39,4.38,0.0,14,6132,卖盘
10:50:00,4.38,0.0,83,36354,卖盘
10:50:03,4.38,0.0,1,438,卖盘
10:50:33,4.38,0.0,5,2190,卖盘
10:50:39,4.38,0.0,99,43362,卖盘
10:50:45,4.38,0.0,10,4380,卖盘
10:50:48,4.38,0.0,3,1314,卖盘
10:51:09,4.38,0.0,15,6570,卖盘
10:51:15,4.38,0.0,73,31974,卖盘
10:51:27,4.38,0.0,6,2628,卖盘
10:51:30,4.38,0.0,5,2190,卖盘
10:51:39,4.38,0.0,100,43800,卖盘
10:51:54,4.38,0.0,67,29346,卖盘
10:52:03,4.38,0.0,8,3504,卖盘
10:52:09,4.38,0.0,252,110376,卖盘
10:52:12,4.38,0.0,368,161184,卖盘
10:52:33,4.38,0.0,50,21900,卖盘
10:52:42,4.38,0.0,76,33288,卖盘
10:53:06,4.38,0.0,23,10074,卖盘
10:53:09,4.38,0.0,10,4380,卖盘
10:53:18,4.38,0.0,10,4380,卖盘
10:53:24,4.38,0.0,3,1314,卖盘
10:53:33,4.38,0.0,66,28908,卖盘
10:53:36,4.38,0.0,6,2628,卖盘
10:53:42,4.38,0.0,1,438,卖盘
10:53:45,4.38,0.0,1,438,卖盘
10:54:12,4.38,0.0,1,438,卖盘
10:54:15,4.38,0.0,101,44238,卖盘
10:54:33,4.38,0.0,8,3504,卖盘
10:54:36,4.38,0.0,16,7008,卖盘
10:54:42,4.38,0.0,5,2190,卖盘
10:54:48,4.38,0.0,10,4380,卖盘
10:54:51,4.38,0.0,59,25842,卖盘
10:55:00,4.38,0.0,14,6132,卖盘
10:55:06,4.38,0.0,110,48180,卖盘
10:55:21,4.38,0.0,3,1314,卖盘
10:55:24,4.38,0.0,68,29784,卖盘
10:55:57,4.38,0.0,94,41172,卖盘
10:56:15,4.38,0.0,2,876,卖盘
10:56:30,4.38,0.0,33,14454,卖盘
10:56:33,4.38,0.0,1,438,卖盘
10:56:48,4.38,0.0,71,31098,卖盘
10:56:51,4.38,0.0,3,1314,卖盘
10:57:03,4.38,0.0,58,25404,卖盘
10:57:21,4.38,0.0,1,438,卖盘
10:57:33,4.38,0.0,107,46866,卖盘
10:57:39,4.38,0.0,21,9198,卖盘
10:57:57,4.38,0.0,63,27594,卖盘
10:58:06,4.38,0.0,9,3942,卖盘
10:58:12,4.38,0.0,2,876,卖盘
10:58:18,4.38,0.0,9,3942,卖盘
10:58:21,4.38,0.0,73,31974,卖盘
10:58:27,4.38,0.0,10,4380,卖盘
10:58:39,4.38,0.0,5,2190,卖盘
10:58:45,4.38,0.0,77,33726,卖盘
10:58:54,4.38,0.0,40,17520,卖盘
10:59:03,4.38,0.0,7,3066,卖盘
10:59:12,4.38,0.0,200,87600,卖盘
10:59:30,4.38,0.0,28,12264,卖盘
10:59:42,4.38,0.0,1,438,卖盘
11:00:00,4.38,0.0,112,49056,卖盘
11:00:06,4.38,0.0,1,438,卖盘
11:00:09,4.38,0.0,83,36354,卖盘
11:00:15,4.38,0.0,1,438,卖盘
11:00:30,4.38,0.0,66,28908,卖盘
11:00:33,4.38,0.0,4,1752,卖盘
11:00:36,4.38,0.0,68,29784,卖盘
11:00:48,4.38,0.0,5,2190,卖盘
11:00:54,4.38,0.0,1,438,卖盘
11:00:57,4.38,0.0,3,1314,卖盘
11:01:03,4.38,0.0,1,438,卖盘
11:01:06,4.38,0.0,77,33726,卖盘
11:01:09,4.38,0.0,5,2190,卖盘
11:01:15,4.38,0.0,255,111690,卖盘
11:01:24,4.38,0.0,80,35040,卖盘
11:02:06,4.38,0.0,40,17520,卖盘
11:02:12,4.38,0.0,70,30660,卖盘
11:02:18,4.38,0.0,5,2190,卖盘
11:02:21,4.38,0.0,114,49932,卖盘
11:02:39,4.38,0.0,67,29346,卖盘
11:02:48,4.38,0.0,2,876,卖盘
11:03:06,4.38,0.0,33,14454,卖盘
11:03:09,4.38,0.0,73,31974,卖盘
11:03:18,4.38,0.0,50,21900,卖盘
11:03:42,4.38,0.0,64,28032,卖盘
11:03:54,4.38,0.0,19,8322,卖盘
11:04:18,4.38,0.0,1,438,卖盘
11:04:24,4.38,0.0,113,49494,卖盘
11:04:39,4.38,0.0,3,1314,卖盘
11:04:57,4.38,0.0,9,3942,卖盘
11:05:09,4.38,0.0,50,21900,卖盘
11:05:39,4.38,0.0,4,1752,卖盘
11:06:00,4.38,0.0,81,35478,卖盘
11:06:03,4.38,0.0,80,35040,卖盘
11:06:12,4.38,0.0,100,43800,卖盘
11:06:18,4.38,0.0,25,10950,卖盘
11:06:21,4.38,0.0,2,876,卖盘
11:06:36,4.38,0.0,5,2190,卖盘
11:06:45,4.38,0.0,80,35040,卖盘
11:07:06,4.38,0.0,90,39420,卖盘
11:07:27,4.38,0.0,33,14454,卖盘
11:07:30,4.38,0.0,2,876,卖盘
11:07:42,4.38,0.0,10,4380,卖盘
11:07:48,4.38,0.0,13,5694,卖盘
11:08:12,4.38,0.0,5,2190,卖盘
11:08:18,4.38,0.0,1,438,卖盘
11:08:39,4.38,0.0,30,13140,卖盘
11:08:42,4.38,0.0,11,4818,卖盘
11:09:00,4.38,0.0,9,3942,卖盘
11:09:06,4.38,0.0,30,13140,卖盘
11:09:30,4.38,0.0,3,1314,卖盘
11:09:45,4.38,0.0,2,876,卖盘
11:09:48,4.38,0.0,5,2190,卖盘
11:09:54,4.38,0.0,10,4380,卖盘
11:10:00,4.38,0.0,1,438,卖盘
11:10:03,4.38,0.0,1,438,卖盘
11:10:33,4.38,0.0,19,8322,卖盘
11:11:15,4.38,0.0,3,1314,卖盘
11:12:06,4.38,0.0,50,21900,卖盘
11:13:15,4.38,0.0,10,4380,卖盘
11:13:21,4.38,0.0,10,4380,卖盘
11:13:27,4.38,0.0,30,13140,卖盘
11:13:33,4.38,0.0,10,4380,卖盘
11:14:00,4.38,0.0,12,5256,卖盘
11:14:06,4.38,0.0,20,8760,卖盘
11:14:48,4.38,0.0,20,8760,卖盘
11:15:12,4.38,0.0,30,13140,卖盘
11:15:36,4.38,0.0,1,438,卖盘
11:15:42,4.38,0.0,13,5694,卖盘
11:15:51,4.38,0.0,10,4380,卖盘
11:16:06,4.38,0.0,6,2628,卖盘
11:16:30,4.38,0.0,5,2190,卖盘
11:16:36,4.38,0.0,5,2190,卖盘
11:17:09,4.38,0.0,2,876,卖盘
11:17:24,4.38,0.0,1,438,卖盘
11:17:48,4.38,0.0,1,438,卖盘
11:18:00,4.38,0.0,2,876,卖盘
11:18:33,4.38,0.0,5,2190,卖盘
11:19:00,4.38,0.0,3,1314,卖盘
11:19:03,4.38,0.0,10,4380,卖盘
11:19:06,4.38,0.0,105,45990,卖盘
11:19:24,4.38,0.0,1,438,卖盘
11:20:03,4.38,0.0,2,876,卖盘
11:20:09,4.38,0.0,25,10950,卖盘
11:20:57,4.38,0.0,50,21900,卖盘
11:21:00,4.38,0.0,11,4818,卖盘
11:21:24,4.38,0.0,1,438,卖盘
11:21:27,4.38,0.0,1,438,卖盘
11:21:42,4.38,0.0,5,2190,卖盘
11:21:51,4.38,0.0,12,5256,卖盘
11:22:24,4.38,0.0,10,4380,卖盘
11:22:39,4.38,0.0,316,138408,卖盘
11:22:45,4.38,0.0,2,876,卖盘
11:23:51,4.38,0.0,130,56940,卖盘
11:24:36,4.38,0.0,7,3066,卖盘
11:24:42,4.38,0.0,101,44238,卖盘
11:24:54,4.38,0.0,100,43800,卖盘
11:24:57,4.38,0.0,1,438,卖盘
11:25:57,4.38,0.0,5,2190,卖盘
11:26:06,4.38,0.0,5,2190,卖盘
11:26:18,4.38,0.0,2,876,卖盘
11:26:24,4.38,0.0,10,4380,卖盘
11:26:27,4.38,0.0,2,876,卖盘
11:26:30,4.38,0.0,15,6570,卖盘
11:26:45,4.38,0.0,8,3504,卖盘
11:27:39,4.38,0.0,3,1314,卖盘
11:29:00,4.38,0.0,30,13140,卖盘
11:29:09,4.38,0.0,10,4380,卖盘
11:29:21,4.38,0.0,28,12264,卖盘
13:00:03,4.38,0.0,2844,1245672,卖盘
13:00:06,4.38,0.0,2171,950898,卖盘
13:00:09,4.38,0.0,1982,868116,卖盘
13:00:12,4.38,0.0,28,12264,卖盘
13:00:15,4.38,0.0,1,438,卖盘
13:00:18,4.38,0.0,700,306600,卖盘
13:00:45,4.38,0.0,30,13140,卖盘
13:01:27,4.38,0.0,28,12264,卖盘
13:01:33,4.38,0.0,2,876,卖盘
13:01:45,4.38,0.0,34,14892,卖盘
13:01:54,4.38,0.0,60,26280,卖盘
13:02:12,4.38,0.0,10,4380,卖盘
13:02:27,4.38,0.0,14,6132,卖盘
13:02:36,4.38,0.0,1,438,卖盘
13:02:39,4.38,0.0,50,21900,卖盘
13:02:48,4.38,0.0,44,19272,卖盘
13:03:06,4.38,0.0,3,1314,卖盘
13:03:09,4.38,0.0,3,1314,卖盘
13:03:12,4.38,0.0,3,1314,卖盘
13:03:15,4.38,0.0,1,438,卖盘
13:03:18,4.38,0.0,3,1314,卖盘
13:03:21,4.38,0.0,2,876,卖盘
13:03:33,4.38,0.0,5,2190,卖盘
13:03:51,4.38,0.0,100,43800,卖盘
13:04:00,4.38,0.0,6,2628,卖盘
13:04:18,4.38,0.0,50,21900,卖盘
13:04:24,4.38,0.0,8,3504,卖盘
13:04:54,4.38,0.0,92,40296,卖盘
13:05:00,4.38,0.0,4,1752,卖盘
13:05:06,4.38,0.0,7,3066,卖盘
13:05:15,4.38,0.0,3,1314,卖盘
13:05:18,4.38,0.0,316,138408,卖盘
13:05:27,4.38,0.0,46,20148,卖盘
13:05:30,4.38,0.0,300,131400,卖盘
13:05:45,4.38,0.0,1,438,卖盘
13:05:54,4.38,0.0,70,30660,卖盘
13:06:06,4.38,0.0,10,4380,卖盘
13:06:09,4.38,0.0,716,313608,卖盘
13:06:42,4.38,0.0,153,67014,卖盘
13:06:45,4.38,0.0,19,8322,卖盘
13:07:15,4.38,0.0,3,1314,卖盘
13:08:00,4.38,0.0,2,876,卖盘
13:08:03,4.38,0.0,8,3504,卖盘
13:08:18,4.38,0.0,73,31974,卖盘
13:08:24,4.38,0.0,370,162060,卖盘
13:08:42,4.38,0.0,23,10074,卖盘
13:08:57,4.38,0.0,8,3504,卖盘
13:09:24,4.38,0.0,58,25404,卖盘
13:09:36,4.38,0.0,3,1314,卖盘
13:09:48,4.38,0.0,5,2190,卖盘
13:09:57,4.38,0.0,474,207612,卖盘
13:10:03,4.38,0.0,300,131400,卖盘
13:10:09,4.38,0.0,1,438,卖盘
13:10:36,4.38,0.0,1,438,卖盘
13:10:57,4.38,0.0,2,876,卖盘
13:11:12,4.38,0.0,108,47304,卖盘
13:11:36,4.38,0.0,6,2628,卖盘
13:11:51,4.38,0.0,20,8760,卖盘
13:11:57,4.38,0.0,7,3066,卖盘
13:12:09,4.38,0.0,23,10074,卖盘
13:12:21,4.38,0.0,2,876,卖盘
13:12:42,4.38,0.0,5,2190,卖盘
13:12:57,4.38,0.0,225,98550,卖盘
13:13:09,4.38,0.0,100,43800,卖盘
13:13:21,4.38,0.0,30,13140,卖盘
13:13:24,4.38,0.0,1,438,卖盘
13:14:00,4.38,0.0,15,6570,卖盘
13:14:54,4.38,0.0,1216,532608,卖盘
13:15:27,4.38,0.0,2,876,卖盘
13:15:36,4.38,0.0,1,438,卖盘
13:15:39,4.38,0.0,15,6570,卖盘
13:15:42,4.38,0.0,4,1752,卖盘
13:15:57,4.38,0.0,20,8760,卖盘
13:16:30,4.38,0.0,27,11826,卖盘
13:16:36,4.38,0.0,20,8760,卖盘
13:16:57,4.38,0.0,5,2190,卖盘
13:17:18,4.38,0.0,5,2190,卖盘
13:17:24,4.38,0.0,210,91980,卖盘
13:18:09,4.38,0.0,4,1752,卖盘
13:18:18,4.38,0.0,20,8760,卖盘
13:19:00,4.38,0.0,6,2628,卖盘
13:19:03,4.38,0.0,2,876,卖盘
13:19:15,4.38,0.0,21,9198,卖盘
13:19:30,4.38,0.0,10,4380,卖盘
13:19:39,4.38,0.0,2,876,卖盘
13:20:21,4.38,0.0,2,876,卖盘
13:20:42,4.38,0.0,20,8760,卖盘
13:21:21,4.38,0.0,3,1314,卖盘
13:21:27,4.38,0.0,100,43800,卖盘
13:21:39,4.38,0.0,4,1752,卖盘
13:21:42,4.38,0.0,10,4380,卖盘
13:21:57,4.38,0.0,5,2190,卖盘
13:22:03,4.38,0.0,4,1752,卖盘
13:22:12,4.38,0.0,10,4380,卖盘
13:22:48,4.38,0.0,60,26280,卖盘
13:22:54,4.38,0.0,16,7008,卖盘
13:23:09,4.38,0.0,1,438,卖盘
13:23:30,4.38,0.0,81,35478,卖盘
13:23:54,4.38,0.0,4,1752,卖盘
13:24:39,4.38,0.0,5,2190,卖盘
13:24:48,4.38,0.0,5,2190,卖盘
13:24:54,4.38,0.0,20,8760,卖盘
13:25:21,4.38,0.0,11,4818,卖盘
13:25:57,4.38,0.0,10,4380,卖盘
13:26:15,4.38,0.0,15,6570,卖盘
13:26:30,4.38,0.0,23,10074,卖盘
13:26:42,4.38,0.0,1,438,卖盘
13:26:45,4.38,0.0,1,438,卖盘
13:26:51,4.38,0.0,1,438,卖盘
13:27:18,4.38,0.0,100,43800,卖盘
13:27:39,4.38,0.0,300,131400,卖盘
13:28:27,4.38,0.0,100,43800,卖盘
13:28:39,4.38,0.0,10,4380,卖盘
13:28:54,4.38,0.0,12,5256,卖盘
13:29:06,4.38,0.0,4,1752,卖盘
13:30:33,4.38,0.0,20,8760,卖盘
13:30:45,4.38,0.0,88,38544,卖盘
13:30:54,4.38,0.0,5,2190,卖盘
13:31:00,4.38,0.0,3,1314,卖盘
13:31:03,4.38,0.0,11,4818,卖盘
13:31:12,4.38,0.0,4,1752,卖盘
13:31:18,4.38,0.0,26,11388,卖盘
13:32:09,4.38,0.0,1,438,卖盘
13:32:15,4.38,0.0,4,1752,卖盘
13:32:18,4.38,0.0,5,2190,卖盘
13:32:30,4.38,0.0,20,8760,卖盘
13:32:36,4.38,0.0,28,12264,卖盘
13:33:39,4.38,0.0,80,35040,卖盘
13:34:24,4.38,0.0,6,2628,卖盘
13:34:27,4.38,0.0,100,43800,卖盘
13:34:33,4.38,0.0,1,438,卖盘
13:34:36,4.38,0.0,9,3942,卖盘
13:34:54,4.38,0.0,1,438,卖盘
13:35:06,4.38,0.0,6,2628,卖盘
13:35:09,4.38,0.0,20,8760,卖盘
13:35:36,4.38,0.0,4,1752,卖盘
13:36:09,4.38,0.0,2,876,卖盘
13:36:42,4.38,0.0,4,1752,卖盘
13:37:06,4.38,0.0,70,30660,卖盘
13:37:54,4.38,0.0,18,7884,卖盘
13:38:12,4.38,0.0,76,33288,卖盘
13:38:15,4.38,0.0,6,2628,卖盘
13:38:36,4.38,0.0,5,2190,卖盘
13:38:42,4.38,0.0,20,8760,卖盘
13:38:45,4.38,0.0,19,8322,卖盘
13:38:54,4.38,0.0,3,1314,卖盘
13:39:09,4.38,0.0,3,1314,卖盘
13:39:12,4.38,0.0,40,17520,卖盘
13:39:33,4.38,0.0,13,5694,卖盘
13:39:36,4.38,0.0,3,1314,卖盘
13:39:57,4.38,0.0,20,8760,卖盘
13:42:03,4.38,0.0,5,2190,卖盘
13:42:21,4.38,0.0,7,3066,卖盘
13:42:33,4.38,0.0,10,4380,卖盘
13:42:42,4.38,0.0,1,438,卖盘
13:43:15,4.38,0.0,5,2190,卖盘
13:43:45,4.38,0.0,5,2190,卖盘
13:43:51,4.38,0.0,8,3504,卖盘
13:44:24,4.38,0.0,10,4380,卖盘
13:44:39,4.38,0.0,1,438,卖盘
13:44:57,4.38,0.0,10,4380,卖盘
13:45:03,4.38,0.0,10,4380,卖盘
13:45:15,4.38,0.0,3,1314,卖盘
13:45:33,4.38,0.0,5,2190,卖盘
13:45:45,4.38,0.0,3,1314,卖盘
13:46:15,4.38,0.0,50,21900,卖盘
13:46:30,4.38,0.0,5,2190,卖盘
13:48:09,4.38,0.0,100,43800,卖盘
13:48:15,4.38,0.0,20,8760,卖盘
13:48:30,4.38,0.0,3,1314,卖盘
13:48:33,4.38,0.0,10,4380,卖盘
13:48:57,4.38,0.0,10,4380,卖盘
13:49:24,4.38,0.0,46,20148,卖盘
13:49:27,4.38,0.0,30,13140,卖盘
13:49:33,4.38,0.0,93,40734,卖盘
13:49:48,4.38,0.0,10,4380,卖盘
13:49:57,4.38,0.0,1,438,卖盘
13:50:39,4.38,0.0,5,2190,卖盘
13:51:00,4.38,0.0,40,17520,卖盘
13:51:36,4.38,0.0,2,876,卖盘
13:52:24,4.38,0.0,10,4380,卖盘
13:53:09,4.38,0.0,2,876,卖盘
13:53:33,4.38,0.0,5,2190,卖盘
13:54:39,4.38,0.0,34,14892,卖盘
13:54:54,4.38,0.0,2,876,卖盘
13:57:12,4.38,0.0,12,5256,卖盘
13:57:51,4.38,0.0,100,43800,卖盘
13:58:03,4.38,0.0,1,438,卖盘
13:58:12,4.38,0.0,100,43800,卖盘
14:00:00,4.38,0.0,6,2628,卖盘
14:00:39,4.38,0.0,7,3066,卖盘
14:01:00,4.38,0.0,23,10074,卖盘
14:01:09,4.38,0.0,10,4380,卖盘
14:02:42,4.38,0.0,2,876,卖盘
14:03:09,4.38,0.0,2,876,卖盘
14:03:12,4.38,0.0,5,2190,卖盘
14:03:24,4.38,0.0,1,438,卖盘
14:03:27,4.38,0.0,1,438,卖盘
14:04:15,4.38,0.0,11,4818,卖盘
14:04:30,4.38,0.0,3,1314,卖盘
14:04:39,4.38,0.0,10,4380,卖盘
14:04:48,4.38,0.0,4,1752,卖盘
14:05:03,4.38,0.0,200,87600,卖盘
14:05:27,4.38,0.0,200,87600,卖盘
14:05:33,4.38,0.0,1,438,卖盘
14:05:36,4.38,0.0,3,1314,卖盘
14:05:48,4.38,0.0,2,876,卖盘
14:06:30,4.38,0.0,2,876,卖盘
14:06:36,4.38,0.0,2,876,卖盘
14:06:39,4.38,0.0,20,8760,卖盘
14:06:48,4.38,0.0,6,2628,卖盘
14:07:24,4.38,0.0,8,3504,卖盘
14:08:48,4.38,0.0,500,219000,卖盘
14:08:51,4.38,0.0,7,3066,卖盘
14:09:30,4.38,0.0,1,438,卖盘
14:10:06,4.38,0.0,191,83658,卖盘
14:10:48,4.38,0.0,5,2190,卖盘
14:11:06,4.38,0.0,1,438,卖盘
14:11:21,4.38,0.0,7,3066,卖盘
14:12:57,4.38,0.0,15,6570,卖盘
14:13:03,4.38,0.0,4,1752,卖盘
14:14:21,4.38,0.0,2,876,卖盘
14:14:54,4.38,0.0,5,2190,卖盘
14:14:57,4.38,0.0,2,876,卖盘
14:16:45,4.38,0.0,3,1314,卖盘
14:17:24,4.38,0.0,2,876,卖盘
14:17:45,4.38,0.0,21,9198,卖盘
14:18:03,4.38,0.0,10,4380,卖盘
14:18:48,4.38,0.0,2,876,卖盘
14:19:27,4.38,0.0,20,8760,卖盘
14:20:03,4.38,0.0,28,12264,卖盘
14:20:06,4.38,0.0,5,2190,卖盘
14:20:15,4.38,0.0,25,10950,卖盘
14:20:21,4.38,0.0,4,1752,卖盘
14:20:30,4.38,0.0,5,2190,卖盘
14:20:57,4.38,0.0,1,438,卖盘
14:23:27,4.38,0.0,5,2190,卖盘
14:23:39,4.38,0.0,50,21900,卖盘
14:24:00,4.38,0.0,1,438,卖盘
14:24:36,4.38,0.0,3,1314,卖盘
14:24:57,4.38,0.0,5,2190,卖盘
14:25:06,4.38,0.0,5,2190,卖盘
14:26:03,4.38,0.0,20,8760,卖盘
14:26:06,4.38,0.0,17,7446,卖盘
14:26:30,4.38,0.0,20,8760,卖盘
14:26:54,4.38,0.0,8,3504,卖盘
14:27:30,4.38,0.0,264,115632,卖盘
14:27:45,4.38,0.0,1,438,卖盘
14:28:33,4.38,0.0,100,43800,卖盘
14:30:15,4.38,0.0,10,4380,卖盘
14:30:51,4.38,0.0,2,876,卖盘
14:30:57,4.38,0.0,15,6570,卖盘
14:31:39,4.38,0.0,5,2190,卖盘
14:32:18,4.38,0.0,58,25404,卖盘
14:32:21,4.38,0.0,143,62634,卖盘
14:32:48,4.38,0.0,6,2628,卖盘
14:33:03,4.38,0.0,39,17082,卖盘
14:33:24,4.38,0.0,50,21900,卖盘
14:33:33,4.38,0.0,4,1752,卖盘
14:33:57,4.38,0.0,1,438,卖盘
14:34:12,4.38,0.0,10,4380,卖盘
14:34:15,4.38,0.0,50,21900,卖盘
14:34:21,4.38,0.0,50,21900,卖盘
14:34:33,4.38,0.0,50,21900,卖盘
14:34:36,4.38,0.0,42,18396,卖盘
14:34:42,4.38,0.0,20,8760,卖盘
14:34:51,4.38,0.0,50,21900,卖盘
14:35:21,4.38,0.0,10,4380,卖盘
14:35:33,4.38,0.0,10,4380,卖盘
14:38:06,4.38,0.0,10,4380,卖盘
14:39:15,4.38,0.0,3,1314,卖盘
14:39:24,4.38,0.0,10,4380,卖盘
14:40:30,4.38,0.0,10,4380,卖盘
14:40:33,4.38,0.0,24,10512,卖盘
14:40:48,4.38,0.0,15,6570,卖盘
14:41:12,4.38,0.0,2,876,卖盘
14:42:36,4.38,0.0,20,8760,卖盘
14:42:54,4.38,0.0,7,3066,卖盘
14:43:06,4.38,0.0,1,438,卖盘
14:43:30,4.38,0.0,2,876,卖盘
14:43:48,4.38,0.0,10,4380,卖盘
14:44:06,4.38,0.0,1,438,卖盘
14:44:33,4.38,0.0,2,876,卖盘
14:45:06,4.38,0.0,6,2628,卖盘
14:45:12,4.38,0.0,100,43800,卖盘
14:45:21,4.38,0.0,41,17958,卖盘
14:46:03,4.38,0.0,10,4380,卖盘
14:46:39,4.38,0.0,96,42048,卖盘
14:47:00,4.38,0.0,5,2190,卖盘
14:47:18,4.38,0.0,1,438,卖盘
14:48:24,4.38,0.0,2,876,卖盘
14:50:21,4.38,0.0,5,2190,卖盘
14:50:30,4.38,0.0,9,3942,卖盘
14:50:51,4.38,0.0,180,78840,卖盘
14:51:03,4.38,0.0,60,26280,卖盘
14:51:15,4.38,0.0,10,4380,卖盘
14:51:24,4.38,0.0,2,876,卖盘
14:53:15,4.38,0.0,20,8760,卖盘
14:53:30,4.38,0.0,10,4380,卖盘
14:53:36,4.38,0.0,15,6570,卖盘
14:53:54,4.38,0.0,20,8760,卖盘
14:53:57,4.38,0.0,6,2628,卖盘
14:54:06,4.38,0.0,9,3942,卖盘
14:54:09,4.38,0.0,7,3066,卖盘
14:54:21,4.38,0.0,1,438,卖盘
14:54:27,4.38,0.0,1,438,卖盘
14:54:36,4.38,0.0,181,79278,卖盘
14:54:45,4.38,0.0,10,4380,卖盘
14:55:03,4.38,0.0,4,1752,卖盘
14:55:06,4.38,0.0,20,8760,卖盘
14:55:21,4.38,0.0,2,876,卖盘
14:56:06,4.38,0.0,1,438,卖盘
14:56:30,4.38,0.0,3,1314,卖盘
14:56:42,4.38,0.0,300,131400,卖盘
15:00:03,4.38,0.0,744,325872,卖盘
