成交时间,成交价格,价格变动,成交量,成交金额,性质
09:25:01,22.06,-0.01,1762,3886972,卖盘
09:30:01,22.04,-0.02,42,92653,中性盘
09:30:04,22.2,0.16,211,467393,买盘
09:30:07,22.07,-0.13,312,689407,卖盘
09:30:10,22.23,0.16,309,683531,买盘
09:30:13,22.1,-0.13,177,392253,中性盘
09:30:16,22.09,-0.01,102,225640,卖盘
09:30:19,22.22,0.13,80,177813,买盘
09:30:22,22.22,0.0,248,550242,卖盘
09:30:25,22.25,0.03,311,691708,买盘
09:30:28,22.28,0.03,304,676716,买盘
09:30:31,22.29,0.01,189,420964,买盘
09:30:34,22.3,0.01,262,583813,买盘
09:30:37,22.32,0.02,113,252132,买盘
09:30:40,22.33,0.01,165,368377,买盘
09:30:43,22.35,0.02,36,80455,中性盘
09:30:46,22.41,0.06,211,471761,买盘
09:30:49,22.49,0.08,198,444237,买盘
09:30:52,22.48,-0.01,120,269731,卖盘
09:30:55,22.4,-0.08,254,570206,卖盘
09:30:58,22.48,0.08,183,410450,买盘
09:31:01,22.36,-0.12,212,475114,卖盘
09:31:04,22.36,0.0,205,458829,卖盘
09:31:07,22.36,0.0,447,998433,买盘
09:31:10,22.36,0.0,251,561857,卖盘
09:31:13,22.4,0.04,296,661860,买盘
09:31:16,22.27,-0.13,489,1091643,卖盘
09:31:19,22.38,0.11,500,1115379,买盘
09:31:22,22.34,-0.04,64,142912,卖盘
09:31:25,22.29,-0.05,117,260815,卖盘
09:31:28,22.3,0.01,146,325866,买盘
09:31:31,22.36,0.06,625,1396621,买盘
09:31:34,22.36,0.0,464,1037622,卖盘
09:31:37,22.36,0.0,262,585977,卖盘
09:31:40,22.35,-0.01,102,228054,卖盘
09:31:43,22.33,-0.02,151,337362,卖盘
09:31:46,22.3,-0.03,570,1276397,卖盘
09:31:49,22.45,0.15,321,717987,买盘
09:31:52,22.44,-0.01,530,1189890,卖盘
09:31:55,22.41,-0.03,41,91914,中性盘
09:31:58,22.4,-0.01,78,174771,买盘
09:32:01,22.44,0.04,155,347871,卖盘
09:32:04,22.39,-0.05,485,1085517,卖盘
09:32:07,22.36,-0.03,202,452023,卖盘
09:32:10,22.34,-0.02,659,1470610,卖盘
09:32:13,22.35,0.01,120,267848,买盘
09:32:16,22.35,0.0,78,174184,买盘
09:32:19,22.31,-0.04,334,745588,卖盘
09:32:22,22.3,-0.01,228,508764,卖盘
09:32:25,22.28,-0.02,128,285205,卖盘
09:32:28,22.38,0.1,456,1018418,买盘
09:32:31,22.41,0.03,183,409828,买盘
09:32:34,22.38,-0.03,303,679474,卖盘
09:32:37,22.39,0.01,74,165828,卖盘
09:32:40,22.41,0.02,277,621631,买盘
09:32:43,22.41,0.0,70,156866,买盘
09:32:46,22.47,0.06,1050,2349775,买盘
09:32:49,22.48,0.01,162,363440,买盘
09:32:52,22.5,0.02,124,278895,买盘
09:32:55,22.53,0.03,254,571581,买盘
09:32:58,22.53,0.0,235,529756,卖盘
09:33:01,22.52,-0.01,254,572585,卖盘
09:33:04,22.56,0.04,390,879526,买盘
09:33:07,22.57,0.01,475,1072025,买盘
09:33:10,22.56,-0.01,444,1002115,卖盘
09:33:13,22.57,0.01,881,1992855,买盘
09:33:16,22.61,0.04,92,207879,中性盘
09:33:19,22.68,0.07,107,242318,中性盘
09:33:22,22.69,0.01,385,873011,买盘
09:33:25,22.66,-0.03,256,580259,卖盘
09:33:28,22.65,-0.01,145,328658,买盘
09:33:31,22.66,0.01,393,891330,买盘
09:33:34,22.68,0.02,60,136073,买盘
09:33:37,22.69,0.01,138,312986,买盘
09:33:40,22.7,0.01,120,272241,买盘
09:33:43,22.74,0.04,276,627211,买盘
09:33:46,22.74,0.0,197,448340,卖盘
09:33:49,22.75,0.01,74,168490,中性盘
09:33:52,22.85,0.1,213,485778,买盘
09:33:55,22.88,0.03,524,1193333,买盘
09:33:58,22.88,0.0,97,221911,买盘
09:34:01,22.92,0.04,482,1103031,买盘
09:34:04,23.0,0.08,1136,2605879,买盘
09:34:07,23.02,0.02,248,570434,买盘
09:34:10,23.05,0.03,90,207365,买盘
09:34:13,23.13,0.08,301,694382,买盘
09:34:16,23.02,-0.11,710,1636693,卖盘
09:34:19,22.94,-0.08,617,1422814,卖盘
09:34:22,23.0,0.06,473,1089192,买盘
09:34:25,22.94,-0.06,565,1299890,卖盘
09:34:28,22.97,0.03,282,647336,买盘
09:34:31,23.0,0.03,551,1265939,买盘
09:34:34,23.03,0.03,341,786112,买盘
09:34:37,23.03,0.0,582,1341564,卖盘
09:34:40,23.13,0.1,322,743700,买盘
09:34:43,23.17,0.04,161,372571,买盘
09:34:46,23.2,0.03,414,959635,买盘
09:34:49,23.05,-0.15,983,2274484,卖盘
09:34:52,23.2,0.15,1335,3095875,买盘
09:34:55,23.2,0.0,698,1619416,卖盘
09:34:58,23.2,0.0,406,941569,买盘
09:35:01,23.2,0.0,475,1101732,卖盘
09:35:04,23.18,-0.02,723,1676546,中性盘
09:35:07,23.1,-0.08,709,1642810,卖盘
09:35:10,23.18,0.08,227,524755,买盘
09:35:13,23.07,-0.11,247,570643,中性盘
09:35:16,23.06,-0.01,267,615476,卖盘
09:35:19,23.03,-0.03,80,184328,卖盘
09:35:22,23.03,0.0,206,474116,卖盘
09:35:25,22.99,-0.04,200,460086,卖盘
09:35:28,22.94,-0.05,213,488765,卖盘
09:35:31,22.92,-0.02,97,222479,卖盘
09:35:34,22.86,-0.06,63,144252,卖盘
09:35:37,22.86,0.0,86,196906,卖盘
09:35:40,22.81,-0.05,23,52552,卖盘
09:35:43,22.81,0.0,405,925058,卖盘
09:35:46,22.86,0.05,70,159787,中性盘
09:35:49,22.81,-0.05,99,225894,卖盘
09:35:52,22.86,0.05,184,420989,买盘
09:35:55,22.9,0.04,58,132791,中性盘
09:35:58,22.98,0.08,217,498418,买盘
09:36:01,23.0,0.02,437,1002449,买盘
09:36:04,23.0,0.0,258,593481,卖盘
09:36:07,23.03,0.03,626,1440144,买盘
09:36:10,23.03,0.0,213,490914,买盘
09:36:13,23.1,0.07,215,496037,买盘
09:36:16,23.22,0.12,1112,2577523,买盘
09:36:19,23.28,0.06,393,913664,买盘
09:36:22,23.42,0.14,1293,3018773,买盘
09:36:25,23.45,0.03,204,477286,买盘
09:36:28,23.43,-0.02,235,549631,买盘
09:36:31,23.43,0.0,642,1498892,卖盘
09:36:34,23.33,-0.1,695,1621323,中性盘
09:36:37,23.39,0.06,1417,3301322,买盘
09:36:40,23.21,-0.18,523,1224345,中性盘
09:36:43,23.33,0.12,172,401481,卖盘
09:36:46,23.4,0.07,912,2134021,买盘
09:36:49,23.44,0.04,291,681403,买盘
09:36:52,23.45,0.01,161,377670,买盘
09:36:55,23.5,0.05,359,842773,买盘
09:36:58,23.52,0.02,705,1657746,买盘
09:37:01,23.53,0.01,189,444842,买盘
09:37:04,23.54,0.01,185,435616,卖盘
09:37:07,23.5,-0.04,1473,3462577,卖盘
09:37:10,23.45,-0.05,869,2044630,中性盘
09:37:13,23.43,-0.02,510,1197888,卖盘
09:37:16,23.33,-0.1,415,973650,卖盘
09:37:19,23.3,-0.03,943,2199063,卖盘
09:37:22,23.42,0.12,460,1075545,买盘
09:37:25,23.48,0.06,923,2154122,买盘
09:37:28,23.48,0.0,380,892751,卖盘
09:37:31,23.4,-0.08,292,685608,卖盘
09:37:34,23.45,0.05,173,405429,买盘
09:37:37,23.44,-0.01,316,740238,中性盘
09:37:40,23.4,-0.04,151,353652,卖盘
09:37:43,23.39,-0.01,322,753425,卖盘
09:37:46,23.38,-0.01,248,580333,卖盘
09:37:49,23.39,0.01,107,249918,买盘
09:37:52,23.34,-0.05,40,93406,卖盘
09:37:55,23.34,0.0,191,446214,卖盘
09:37:58,23.33,-0.01,173,403715,卖盘
09:38:01,23.33,0.0,788,1840355,买盘
09:38:04,23.46,0.13,1510,3537331,买盘
09:38:07,23.49,0.03,154,361684,买盘
09:38:10,23.54,0.05,550,1294268,买盘
09:38:13,23.56,0.02,142,334279,买盘
09:38:16,23.58,0.02,236,556281,买盘
09:38:19,23.56,-0.02,362,852905,卖盘
09:38:22,23.55,-0.01,522,1229085,中性盘
09:38:25,23.56,0.01,691,1627611,买盘
09:38:28,23.55,-0.01,349,821717,买盘
09:38:31,23.55,0.0,1560,3677652,卖盘
09:38:34,23.55,0.0,391,921393,买盘
09:38:37,23.6,0.05,1312,3093225,买盘
09:38:40,23.65,0.05,398,939921,买盘
09:38:43,23.66,0.01,167,395054,买盘
09:38:46,23.69,0.03,508,1203061,买盘
09:38:49,23.7,0.01,473,1120979,买盘
09:38:52,23.75,0.05,264,626527,买盘
09:38:55,23.89,0.14,366,871224,买盘
09:38:58,23.84,-0.05,270,643247,卖盘
09:39:01,23.9,0.06,672,1602446,买盘
09:39:04,23.93,0.03,478,1145816,买盘
09:39:07,23.93,0.0,346,829513,卖盘
09:39:10,23.96,0.03,491,1177438,卖盘
09:39:13,24.06,0.1,855,2051736,买盘
09:39:16,24.09,0.03,764,1839180,买盘
09:39:19,24.1,0.01,426,1024901,买盘
09:39:22,24.18,0.08,432,1043001,买盘
09:39:25,24.05,-0.13,1259,3035248,卖盘
09:39:28,24.09,0.04,1319,3167457,买盘
09:39:31,24.18,0.09,466,1123542,买盘
09:39:34,24.22,0.04,481,1160855,买盘
09:39:37,24.26,0.04,699,1690613,买盘
09:39:40,24.22,-0.04,1221,2961122,卖盘
09:39:43,24.29,0.07,516,1251670,买盘
09:39:46,24.3,0.01,600,1458209,买盘
09:39:49,24.38,0.08,562,1367404,买盘
09:39:52,24.47,0.09,2484,6073046,买盘
09:39:55,24.48,0.01,4313,10560255,买盘
09:39:58,24.49,0.01,2425,5937838,买盘
09:40:01,24.49,0.0,1215,2975535,卖盘
09:40:04,24.49,0.0,3788,9276004,卖盘
09:40:07,24.49,0.0,1039,2544535,卖盘
09:40:10,24.49,0.0,2116,5182084,卖盘
09:40:13,24.49,0.0,2753,6742097,卖盘
09:40:16,24.49,0.0,1984,4858816,卖盘
09:40:19,24.49,0.0,1643,4023707,卖盘
09:40:22,24.49,0.0,1576,3859624,卖盘
09:40:25,24.47,-0.02,2443,5982442,卖盘
09:40:28,24.09,-0.38,1523,3704228,卖盘
09:40:31,24.2,0.11,269,649671,买盘
09:40:34,24.2,0.0,195,471459,买盘
09:40:37,24.04,-0.16,254,611970,卖盘
09:40:40,24.0,-0.04,430,1032826,卖盘
09:40:43,24.03,0.03,967,2324761,买盘
09:40:46,24.03,0.0,511,1228218,买盘
09:40:49,24.03,0.0,174,418176,买盘
09:40:52,24.03,0.0,780,1874922,卖盘
09:40:55,24.05,0.02,526,1265226,买盘
09:40:58,24.12,0.07,197,474689,买盘
09:41:01,24.11,-0.01,534,1287721,中性盘
09:41:04,24.13,0.02,593,1431004,买盘
09:41:07,24.12,-0.01,898,2166448,卖盘
09:41:10,23.96,-0.16,1843,4431281,卖盘
09:41:13,23.77,-0.19,1256,3000581,卖盘
09:41:16,23.74,-0.03,244,579138,卖盘
09:41:19,23.73,-0.01,160,379460,中性盘
09:41:22,23.67,-0.06,272,644517,卖盘
09:41:25,23.67,0.0,435,1030866,买盘
09:41:28,23.69,0.02,306,724604,买盘
09:41:31,23.8,0.11,1011,2401297,买盘
09:41:34,23.88,0.08,910,2167350,买盘
09:41:37,23.88,0.0,355,847673,买盘
09:41:40,23.88,0.0,767,1830361,买盘
09:41:43,23.84,-0.04,561,1338860,卖盘
09:41:46,23.83,-0.01,781,1861621,卖盘
09:41:49,23.83,0.0,206,491276,卖盘
09:41:52,23.83,0.0,430,1025650,中性盘
09:41:55,23.83,0.0,744,1771158,买盘
09:41:58,23.91,0.08,1104,2632245,买盘
09:42:01,23.91,0.0,90,215123,买盘
09:42:04,23.91,0.0,1584,3787488,买盘
09:42:07,23.8,-0.11,634,1511831,卖盘
09:42:10,23.82,0.02,209,498231,买盘
09:42:13,23.93,0.11,220,526295,买盘
09:42:16,23.96,0.03,41,98237,中性盘
09:42:19,23.9,-0.06,487,1166014,卖盘
09:42:22,23.99,0.09,563,1345922,买盘
09:42:25,23.99,0.0,169,404847,买盘
09:42:28,23.94,-0.05,302,722771,卖盘
09:42:31,23.97,0.03,267,640196,买盘
09:42:34,23.99,0.02,62,148749,买盘
09:42:37,23.94,-0.05,266,637081,卖盘
09:42:40,24.0,0.06,138,331097,买盘
09:42:43,23.97,-0.03,65,155776,卖盘
09:42:46,24.03,0.06,175,419930,买盘
09:42:49,24.0,-0.03,51,122440,中性盘
09:42:52,23.94,-0.06,207,496100,卖盘
09:42:55,23.96,0.02,337,806549,买盘
09:42:58,23.99,0.03,53,127085,卖盘
09:43:01,23.99,0.0,99,237489,买盘
09:43:04,24.0,0.01,191,458394,买盘
09:43:07,24.0,0.0,27,64828,卖盘
09:43:10,24.03,0.03,60,144167,中性盘
09:43:13,24.0,-0.03,255,612384,卖盘
09:43:16,24.08,0.08,467,1122139,买盘
09:43:19,24.16,0.08,334,806136,买盘
09:43:22,24.18,0.02,295,711798,买盘
09:43:25,24.18,0.0,92,222485,买盘
09:43:28,24.18,0.0,207,500731,卖盘
09:43:31,24.19,0.01,90,218464,买盘
09:43:34,24.19,0.0,118,285499,卖盘
09:43:37,24.2,0.01,254,614561,买盘
09:43:40,24.22,0.02,447,1081591,买盘
09:43:43,24.25,0.03,333,806097,买盘
09:43:46,24.26,0.01,939,2277188,中性盘
09:43:49,24.27,0.01,156,378663,买盘
09:43:52,24.28,0.01,288,699519,买盘
09:43:55,24.28,0.0,233,566182,卖盘
09:43:58,24.35,0.07,96,233237,买盘
09:44:01,24.32,-0.03,214,520605,中性盘
09:44:04,24.31,-0.01,477,1161978,卖盘
09:44:07,24.08,-0.23,1018,2466307,卖盘
09:44:10,24.19,0.11,267,646905,买盘
09:44:13,24.04,-0.15,202,485720,卖盘
09:44:16,24.05,0.01,231,555259,买盘
09:44:19,24.06,0.01,173,415559,买盘
09:44:22,24.06,0.0,272,653119,买盘
09:44:25,24.0,-0.06,529,1271082,卖盘
09:44:28,24.01,0.01,110,263978,买盘
09:44:31,24.01,0.0,279,670486,卖盘
09:44:34,23.99,-0.02,179,429435,卖盘
09:44:37,23.98,-0.01,60,143812,中性盘
09:44:40,23.95,-0.03,251,600348,卖盘
09:44:43,23.92,-0.03,96,229381,中性盘
09:44:46,23.86,-0.06,195,466494,卖盘
09:44:49,23.86,0.0,145,345939,卖盘
09:44:52,23.86,0.0,190,453374,卖盘
09:44:55,23.84,-0.02,69,164554,买盘
09:44:58,23.82,-0.02,79,188300,卖盘
09:45:01,23.83,0.01,75,178621,买盘
09:45:04,23.83,0.0,36,85752,买盘
09:45:07,23.83,0.0,85,202512,买盘
09:45:10,23.88,0.05,367,875170,买盘
09:45:13,23.97,0.09,66,157723,买盘
09:45:16,23.99,0.02,34,81357,买盘
09:45:19,24.0,0.01,171,410013,买盘
09:45:22,24.0,0.0,184,441415,买盘
09:45:25,24.01,0.01,43,103139,买盘
09:45:28,24.0,-0.01,40,95988,卖盘
09:45:31,23.93,-0.07,165,395768,卖盘
09:45:34,23.98,0.05,88,210898,买盘
09:45:37,23.89,-0.09,90,214998,卖盘
09:45:40,23.91,0.02,47,112283,买盘
09:45:43,23.84,-0.07,17,40622,卖盘
09:45:46,23.88,0.04,182,433778,买盘
09:45:49,23.79,-0.09,695,1654137,卖盘
09:45:52,23.84,0.05,179,425814,买盘
09:45:55,23.83,-0.01,21,50064,卖盘
09:45:58,23.82,-0.01,403,960322,卖盘
09:46:01,23.85,0.03,239,569534,买盘
09:46:04,23.83,-0.02,46,109622,卖盘
09:46:07,23.84,0.01,3,7152,卖盘
09:46:10,23.82,-0.02,119,283759,卖盘
09:46:13,23.81,-0.01,118,281124,卖盘
09:46:16,23.79,-0.02,502,1194639,卖盘
09:46:19,23.8,0.01,57,135655,买盘
09:46:22,23.81,0.01,37,88040,买盘
09:46:25,23.8,-0.01,70,166624,卖盘
09:46:28,23.79,-0.01,80,190315,卖盘
09:46:31,23.75,-0.04,152,361628,卖盘
09:46:34,23.74,-0.01,79,187760,卖盘
09:46:37,23.7,-0.04,156,369904,卖盘
09:46:40,23.72,0.02,14,33230,中性盘
09:46:43,23.7,-0.02,125,296312,卖盘
09:46:46,23.73,0.03,174,412575,买盘
09:46:49,23.73,0.0,158,374679,中性盘
09:46:52,23.72,-0.01,78,185051,卖盘
09:46:55,23.73,0.01,13,30843,中性盘
09:46:58,23.73,0.0,91,216050,卖盘
09:47:01,23.73,0.0,106,251621,卖盘
09:47:04,23.71,-0.02,146,346296,卖盘
09:47:07,23.73,0.02,205,486135,买盘
09:47:10,23.72,-0.01,81,192027,卖盘
09:47:13,23.72,0.0,230,545672,买盘
09:47:16,23.73,0.01,104,246777,买盘
09:47:19,23.73,0.0,27,64088,卖盘
09:47:22,23.74,0.01,26,61713,卖盘
09:47:25,23.74,0.0,29,68889,卖盘
09:47:28,23.76,0.02,64,152017,卖盘
09:47:31,23.76,0.0,99,235356,卖盘
09:47:34,23.78,0.02,31,73704,买盘
09:47:37,23.78,0.0,116,275943,买盘
09:47:40,23.79,0.01,101,240304,买盘
09:47:43,23.79,0.0,41,97531,卖盘
09:47:46,23.8,0.01,33,78520,买盘
09:47:49,23.79,-0.01,59,140394,卖盘
09:47:52,23.8,0.01,139,330751,卖盘
09:47:55,23.82,0.02,69,164257,买盘
09:47:58,23.81,-0.01,36,85738,卖盘
09:48:01,23.8,-0.01,372,885490,卖盘
09:48:04,23.8,0.0,517,1230977,卖盘
09:48:07,23.69,-0.11,934,2217857,卖盘
09:48:10,23.68,-0.01,280,663450,卖盘
09:48:13,23.67,-0.01,88,208462,卖盘
09:48:16,23.71,0.04,73,172963,买盘
09:48:19,23.65,-0.06,258,610216,卖盘
09:48:22,23.64,-0.01,142,335817,卖盘
09:48:25,23.63,-0.01,48,113434,卖盘
09:48:28,23.63,0.0,51,120107,买盘
09:48:31,23.61,-0.02,105,247989,卖盘
09:48:34,23.61,0.0,93,220014,卖盘
09:48:37,23.6,-0.01,224,528657,卖盘
09:48:40,23.55,-0.05,128,301696,卖盘
09:48:43,23.55,0.0,249,586366,买盘
09:48:46,23.53,-0.02,88,207179,卖盘
09:48:49,23.52,-0.01,99,232935,卖盘
09:48:52,23.5,-0.02,120,282022,卖盘
09:48:55,23.5,0.0,268,630086,卖盘
09:48:58,23.45,-0.05,212,497994,卖盘
09:49:01,23.45,0.0,43,100891,中性盘
09:49:04,23.44,-0.01,28,65661,卖盘
09:49:07,23.49,0.05,88,206515,买盘
09:49:10,23.53,0.04,398,935332,买盘
09:49:13,23.5,-0.03,270,636070,卖盘
09:49:16,23.53,0.03,240,565122,卖盘
09:49:19,23.67,0.14,625,1472740,买盘
09:49:22,23.76,0.09,74,175329,买盘
09:49:25,23.71,-0.05,39,92548,卖盘
09:49:28,23.78,0.07,15,35591,买盘
09:49:31,23.78,0.0,38,90366,卖盘
09:49:34,23.8,0.02,35,83286,买盘
09:49:37,23.8,0.0,6,14280,买盘
09:49:40,23.8,0.0,207,492483,买盘
09:49:43,23.8,0.0,49,116620,买盘
09:49:46,23.82,0.02,14,33345,买盘
09:49:49,23.83,0.01,188,447553,买盘
09:49:52,23.82,-0.01,17,40497,中性盘
09:49:55,23.81,-0.01,62,147621,卖盘
09:49:58,23.83,0.02,65,154854,买盘
09:50:01,23.84,0.01,283,674385,买盘
09:50:04,23.86,0.02,115,274025,买盘
09:50:07,23.86,0.0,54,128848,卖盘
09:50:10,23.85,-0.01,40,95422,卖盘
09:50:13,23.85,0.0,92,219672,买盘
09:50:16,23.82,-0.03,76,180985,中性盘
09:50:19,23.79,-0.03,84,199890,卖盘
09:50:22,23.76,-0.03,71,168633,卖盘
09:50:25,23.76,0.0,147,349138,买盘
09:50:28,23.76,0.0,548,1300061,买盘
09:50:31,23.75,-0.01,160,379567,买盘
09:50:34,23.72,-0.03,49,116317,卖盘
09:50:37,23.73,0.01,57,135282,买盘
09:50:40,23.76,0.03,215,510327,买盘
09:50:43,23.76,0.0,159,377594,买盘
09:50:46,23.77,0.01,26,61783,买盘
09:50:49,23.75,-0.02,78,185258,卖盘
09:50:52,23.75,0.0,43,102197,中性盘
09:50:55,23.75,0.0,223,529645,卖盘
09:50:58,23.75,0.0,70,166285,买盘
09:51:01,23.78,0.03,12,28510,买盘
09:51:04,23.74,-0.04,45,106866,卖盘
09:51:07,23.75,0.01,37,87971,卖盘
09:51:10,23.79,0.04,33,78455,买盘
09:51:13,23.75,-0.04,70,166272,卖盘
09:51:16,23.75,0.0,107,254021,卖盘
09:51:19,23.74,-0.01,2,4748,卖盘
09:51:22,23.74,0.0,32,76002,卖盘
09:51:25,23.76,0.02,27,64159,中性盘
09:51:28,23.72,-0.04,205,486475,卖盘
09:51:31,23.73,0.01,45,106736,买盘
09:51:34,23.7,-0.03,40,94868,卖盘
09:51:37,23.71,0.01,38,90153,卖盘
09:51:40,23.69,-0.02,69,163546,卖盘
09:51:43,23.67,-0.02,57,135000,卖盘
09:51:46,23.7,0.03,274,648658,买盘
09:51:49,23.67,-0.03,39,92415,卖盘
09:51:52,23.67,0.0,155,366951,卖盘
09:51:55,23.67,0.0,140,331385,卖盘
09:51:58,23.7,0.03,82,194200,买盘
09:52:01,23.67,-0.03,13,30773,卖盘
09:52:04,23.68,0.01,45,106535,买盘
09:52:07,23.67,-0.01,13,31173,卖盘
09:52:10,23.67,0.0,445,1054769,买盘
09:52:13,23.66,-0.01,45,106507,中性盘
09:52:16,23.66,0.0,4,9464,卖盘
09:52:19,23.66,0.0,38,89874,买盘
09:52:22,23.64,-0.02,26,61490,卖盘
09:52:25,23.76,0.12,216,512335,买盘
09:52:28,23.66,-0.1,41,97006,中性盘
09:52:31,23.7,0.04,29,68588,买盘
09:52:34,23.66,-0.04,42,99372,中性盘
09:52:37,23.65,-0.01,20,47305,卖盘
09:52:40,23.67,0.02,37,87531,买盘
09:52:43,23.66,-0.01,13,30761,卖盘
09:52:46,23.67,0.01,26,61545,买盘
09:52:49,23.65,-0.02,38,89908,卖盘
09:52:52,23.66,0.01,67,158502,买盘
09:52:55,23.66,0.0,39,92239,买盘
09:52:58,23.63,-0.03,90,212830,卖盘
09:53:04,23.62,-0.01,4,9448,卖盘
09:53:07,23.64,0.02,37,87447,买盘
09:53:10,23.62,-0.02,42,99260,卖盘
09:53:13,23.62,0.0,10,23620,中性盘
09:53:16,23.61,-0.01,75,177139,卖盘
09:53:19,23.58,-0.03,196,462432,卖盘
09:53:22,23.59,0.01,16,37743,买盘
09:53:25,23.56,-0.03,70,164899,卖盘
09:53:28,23.58,0.02,33,77820,买盘
09:53:31,23.53,-0.05,63,148356,卖盘
09:53:34,23.58,0.05,32,75352,买盘
09:53:37,23.51,-0.07,92,216311,卖盘
09:53:40,23.51,0.0,22,51722,买盘
09:53:43,23.5,-0.01,83,195056,卖盘
09:53:46,23.5,0.0,97,227976,卖盘
09:53:49,23.5,0.0,42,98700,买盘
09:53:52,23.49,-0.01,52,122152,卖盘
09:53:55,23.49,0.0,2,4698,买盘
09:53:58,23.48,-0.01,196,460376,卖盘
09:54:01,23.48,0.0,20,46934,买盘
09:54:04,23.48,0.0,36,84448,买盘
09:54:07,23.47,-0.01,30,70385,中性盘
09:54:10,23.45,-0.02,44,103266,卖盘
09:54:13,23.46,0.01,78,183102,卖盘
09:54:16,23.45,-0.01,208,487841,卖盘
09:54:19,23.46,0.01,24,56285,买盘
09:54:22,23.45,-0.01,21,49255,卖盘
09:54:25,23.45,0.0,145,340050,卖盘
09:54:28,23.46,0.01,91,213471,买盘
09:54:31,23.44,-0.02,67,157070,卖盘
09:54:34,23.44,0.0,37,86728,买盘
09:54:37,23.46,0.02,581,1360911,买盘
09:54:40,23.43,-0.03,87,203686,中性盘
09:54:43,23.44,0.01,21,49207,买盘
09:54:46,23.42,-0.02,154,360553,卖盘
09:54:49,23.4,-0.02,274,641214,卖盘
09:54:52,23.38,-0.02,46,107564,卖盘
09:54:55,23.37,-0.01,36,84153,卖盘
09:54:58,23.36,-0.01,62,144966,卖盘
09:55:01,23.36,0.0,47,109797,卖盘
09:55:04,23.32,-0.04,52,121370,卖盘
09:55:07,23.33,0.01,62,144626,买盘
09:55:10,23.3,-0.03,46,107218,卖盘
09:55:13,23.25,-0.05,152,354046,卖盘
09:55:16,23.25,0.0,93,216288,卖盘
09:55:19,23.25,0.0,40,93048,卖盘
09:55:22,23.23,-0.02,153,355482,卖盘
09:55:25,23.23,0.0,227,527337,买盘
09:55:28,23.22,-0.01,115,266998,卖盘
09:55:31,23.22,0.0,121,280905,买盘
09:55:34,23.2,-0.02,126,292328,卖盘
09:55:37,23.2,0.0,177,410891,买盘
09:55:40,23.2,0.0,43,99640,买盘
09:55:43,23.2,0.0,119,276005,买盘
09:55:46,23.2,0.0,41,95148,卖盘
09:55:49,23.2,0.0,127,295061,卖盘
09:55:52,23.22,0.02,131,304009,买盘
09:55:55,23.2,-0.02,90,208857,卖盘
09:55:58,23.24,0.04,62,143804,买盘
09:56:01,23.2,-0.04,208,482757,卖盘
09:56:04,23.2,0.0,35,81187,买盘
09:56:07,23.2,0.0,102,236658,买盘
09:56:10,23.2,0.0,122,282960,卖盘
09:56:13,23.24,0.04,170,395103,买盘
09:56:16,23.24,0.0,153,355582,卖盘
09:56:19,23.24,0.0,202,469494,卖盘
09:56:22,23.22,-0.02,303,704138,卖盘
09:56:25,23.22,0.0,86,199745,买盘
09:56:28,23.24,0.02,124,288128,买盘
09:56:31,23.22,-0.02,32,74339,卖盘
09:56:34,23.24,0.02,14,32564,买盘
09:56:37,23.23,-0.01,16,37192,卖盘
09:56:40,23.23,0.0,26,60421,卖盘
09:56:43,23.23,0.0,15,34850,卖盘
09:56:46,23.25,0.02,139,322872,买盘
09:56:49,23.25,0.0,24,55795,卖盘
09:56:52,23.23,-0.02,138,320730,卖盘
09:56:55,23.25,0.02,27,62748,买盘
09:56:58,23.24,-0.01,58,134874,卖盘
09:57:01,23.22,-0.02,27,62713,卖盘
09:57:04,23.23,0.01,40,92938,买盘
09:57:07,23.22,-0.01,29,67365,卖盘
09:57:10,23.23,0.01,29,67372,卖盘
09:57:13,23.23,0.0,95,220737,卖盘
09:57:16,23.22,-0.01,98,227765,卖盘
09:57:19,23.25,0.03,13,30205,买盘
09:57:22,23.26,0.01,25,58141,买盘
09:57:25,23.28,0.02,17,39549,买盘
09:57:28,23.28,0.0,172,400459,买盘
09:57:31,23.28,0.0,45,104760,买盘
09:57:34,23.28,0.0,26,60543,买盘
09:57:37,23.28,0.0,113,263076,卖盘
09:57:40,23.3,0.02,101,235154,买盘
09:57:43,23.28,-0.02,15,34914,中性盘
09:57:46,23.26,-0.02,105,244239,卖盘
09:57:49,23.26,0.0,69,160612,买盘
09:57:52,23.3,0.04,213,495527,买盘
09:57:55,23.33,0.03,107,249431,买盘
09:57:58,23.31,-0.02,8,18628,中性盘
09:58:01,23.32,0.01,56,130529,中性盘
09:58:04,23.34,0.02,57,132977,买盘
09:58:07,23.32,-0.02,112,261008,卖盘
09:58:10,23.25,-0.07,209,487130,卖盘
09:58:13,23.25,0.0,31,72071,中性盘
09:58:16,23.23,-0.02,100,232257,卖盘
09:58:19,23.23,0.0,58,134734,买盘
09:58:22,23.23,0.0,28,65038,卖盘
09:58:25,23.22,-0.01,33,76688,卖盘
09:58:28,23.3,0.08,58,135115,买盘
09:58:31,23.25,-0.05,259,603380,卖盘
09:58:34,23.26,0.01,4,9302,买盘
09:58:37,23.26,0.0,27,62792,买盘
09:58:40,23.33,0.07,45,104786,买盘
09:58:43,23.27,-0.06,14,32632,卖盘
09:58:49,23.33,0.06,2,4660,买盘
09:58:52,23.28,-0.05,5,11653,卖盘
09:58:55,23.3,0.02,1,2330,中性盘
09:58:58,23.28,-0.02,70,163019,卖盘
09:59:01,23.32,0.04,33,76877,买盘
09:59:04,23.27,-0.05,121,281697,卖盘
09:59:07,23.28,0.01,145,337566,卖盘
09:59:10,23.28,0.0,60,139633,卖盘
09:59:13,23.29,0.01,112,260629,买盘
09:59:16,23.28,-0.01,110,255966,卖盘
09:59:19,23.25,-0.03,67,155876,卖盘
09:59:22,23.28,0.03,124,288384,买盘
09:59:25,23.28,0.0,100,232800,卖盘
09:59:28,23.29,0.01,52,121065,买盘
09:59:31,23.22,-0.07,229,532008,卖盘
09:59:34,23.28,0.06,4,9302,买盘
09:59:37,23.28,0.0,6,13968,买盘
09:59:40,23.23,-0.05,2,4646,卖盘
09:59:43,23.28,0.05,13,30224,买盘
09:59:46,23.23,-0.05,20,46460,卖盘
09:59:49,23.23,0.0,2,4646,卖盘
09:59:52,23.24,0.01,8,18595,卖盘
09:59:55,23.27,0.03,10,23249,买盘
09:59:58,23.27,0.0,3,6978,买盘
10:00:01,23.25,-0.02,48,111619,卖盘
10:00:04,23.24,-0.01,78,181519,卖盘
10:00:07,23.23,-0.01,62,144095,卖盘
10:00:10,23.23,0.0,105,244233,卖盘
10:00:13,23.24,0.01,5,11617,买盘
10:00:16,23.23,-0.01,30,69706,卖盘
10:00:19,23.24,0.01,105,243976,中性盘
10:00:22,23.22,-0.02,69,160242,卖盘
10:00:25,23.22,0.0,3,6966,卖盘
10:00:28,23.21,-0.01,143,331966,卖盘
10:00:31,23.21,0.0,5,11606,卖盘
10:00:34,23.21,0.0,94,218217,卖盘
10:00:37,23.2,-0.01,182,422260,卖盘
10:00:40,23.2,0.0,115,266801,卖盘
10:00:43,23.2,0.0,93,215775,卖盘
10:00:46,23.19,-0.01,88,204073,卖盘
10:00:49,23.19,0.0,35,81155,卖盘
10:00:52,23.18,-0.01,2,4636,卖盘
10:00:55,23.17,-0.01,60,139058,卖盘
10:00:58,23.16,-0.01,7,16212,卖盘
10:01:01,23.15,-0.01,28,64825,卖盘
10:01:04,23.15,0.0,51,118108,卖盘
10:01:07,23.14,-0.01,72,166685,卖盘
10:01:10,23.13,-0.01,170,393526,卖盘
10:01:13,23.13,0.0,41,94837,卖盘
10:01:16,23.12,-0.01,33,76268,卖盘
10:01:19,23.1,-0.02,180,415911,卖盘
10:01:22,23.1,0.0,34,78580,卖盘
10:01:25,23.08,-0.02,75,173118,卖盘
10:01:28,23.09,0.01,208,480045,买盘
10:01:31,23.09,0.0,36,83040,买盘
10:01:34,23.07,-0.02,67,154658,卖盘
10:01:37,23.07,0.0,89,205324,买盘
10:01:40,23.06,-0.01,58,133789,卖盘
10:01:43,23.07,0.01,76,175435,中性盘
10:01:46,23.08,0.01,366,845222,中性盘
10:01:49,23.06,-0.02,9,20764,卖盘
10:01:52,23.07,0.01,29,66874,买盘
10:01:55,23.06,-0.01,29,66900,中性盘
10:01:58,23.06,0.0,84,193247,买盘
10:02:01,23.05,-0.01,302,696121,卖盘
10:02:04,23.06,0.01,196,451509,买盘
10:02:07,23.06,0.0,67,154443,买盘
10:02:10,23.1,0.04,114,263104,买盘
10:02:13,23.06,-0.04,37,85326,卖盘
10:02:16,23.1,0.04,72,166047,买盘
10:02:19,23.1,0.0,5,11547,买盘
10:02:22,23.12,0.02,83,191760,买盘
10:02:25,23.13,0.01,76,175655,买盘
10:02:28,23.15,0.02,146,337974,买盘
10:02:31,23.15,0.0,29,67135,买盘
10:02:34,23.16,0.01,11,25476,买盘
10:02:37,23.15,-0.01,75,173709,卖盘
10:02:40,23.18,0.03,3,6954,买盘
10:02:43,23.18,0.0,3,6954,买盘
10:02:46,23.18,0.0,76,176156,买盘
10:02:49,23.18,0.0,22,50995,买盘
10:02:52,23.19,0.01,137,317323,买盘
10:02:55,23.15,-0.04,77,178203,买盘
10:02:58,23.11,-0.04,28,64768,卖盘
10:03:01,23.11,0.0,86,198717,卖盘
10:03:04,23.15,0.04,59,136384,买盘
10:03:07,23.11,-0.04,32,73934,中性盘
10:03:10,23.12,0.01,113,261574,中性盘
10:03:13,23.15,0.03,30,69415,买盘
10:03:16,23.11,-0.04,48,110978,卖盘
10:03:19,23.15,0.04,46,106478,买盘
10:03:22,23.15,0.0,24,55562,卖盘
10:03:25,23.17,0.02,27,62555,买盘
10:03:28,23.17,0.0,32,74145,卖盘
10:03:31,23.18,0.01,41,95034,买盘
10:03:34,23.18,0.0,220,510173,卖盘
10:03:37,23.19,0.01,94,217984,买盘
10:03:40,23.19,0.0,26,60294,卖盘
10:03:43,23.19,0.0,111,257491,卖盘
10:03:46,23.2,0.01,56,129911,买盘
10:03:49,23.19,-0.01,198,459226,卖盘
10:03:52,23.19,0.0,63,146096,买盘
10:03:55,23.18,-0.01,55,127519,卖盘
10:03:58,23.18,0.0,17,39420,买盘
10:04:01,23.17,-0.01,12,27810,卖盘
10:04:04,23.18,0.01,10,23173,买盘
10:04:07,23.17,-0.01,11,25487,买盘
10:04:10,23.18,0.01,15,34769,买盘
10:04:13,23.17,-0.01,26,60243,卖盘
10:04:16,23.17,0.0,14,32438,买盘
10:04:19,23.16,-0.01,27,62504,卖盘
10:04:22,23.14,-0.02,38,87957,卖盘
10:04:25,23.13,-0.01,11,25445,卖盘
10:04:28,23.15,0.02,59,136499,买盘
10:04:31,23.12,-0.03,100,231115,卖盘
10:04:34,23.09,-0.03,139,321103,卖盘
10:04:37,23.08,-0.01,40,92270,中性盘
10:04:40,23.09,0.01,33,76180,买盘
10:04:43,23.09,0.0,16,36950,卖盘
10:04:46,23.09,0.0,108,249272,卖盘
10:04:49,23.09,0.0,8,18472,买盘
10:04:52,23.08,-0.01,60,138531,卖盘
10:04:55,23.08,0.0,6,13843,买盘
10:04:58,23.08,0.0,24,55407,买盘
10:05:01,23.07,-0.01,2,4615,卖盘
10:05:04,23.09,0.02,259,597778,买盘
10:05:07,23.09,0.0,100,230850,买盘
10:05:10,23.09,0.0,18,41558,买盘
10:05:13,23.1,0.01,42,97000,买盘
10:05:16,23.1,0.0,31,71662,卖盘
10:05:19,23.12,0.02,99,228841,买盘
10:05:22,23.12,0.0,11,25435,买盘
10:05:25,23.12,0.0,38,87871,卖盘
10:05:28,23.12,0.0,14,32373,卖盘
10:05:31,23.13,0.01,8,18518,卖盘
10:05:34,23.13,0.0,7,16197,卖盘
10:05:37,23.16,0.03,35,81060,买盘
10:05:40,23.15,-0.01,27,62525,卖盘
10:05:46,23.17,0.02,21,48650,买盘
10:05:49,23.2,0.03,136,315122,买盘
10:05:52,23.2,0.0,1,2320,买盘
10:05:55,23.2,0.0,61,141458,买盘
10:05:58,23.18,-0.02,148,343328,卖盘
10:06:01,23.18,0.0,38,88084,买盘
10:06:04,23.18,0.0,155,359183,买盘
10:06:07,23.18,0.0,46,106625,买盘
10:06:10,23.18,0.0,136,315248,买盘
10:06:13,23.2,0.02,25,57998,买盘
10:06:16,23.23,0.03,35,81253,买盘
10:06:19,23.23,0.0,2,4646,买盘
10:06:22,23.23,0.0,75,174219,买盘
10:06:25,23.26,0.03,9,20922,买盘
10:06:28,23.26,0.0,20,46520,买盘
10:06:31,23.25,-0.01,64,148820,卖盘
10:06:37,23.26,0.01,48,111663,卖盘
10:06:40,23.29,0.03,61,142066,买盘
10:06:43,23.29,0.0,51,118764,买盘
10:06:46,23.25,-0.04,238,553867,卖盘
10:06:49,23.22,-0.03,95,220663,卖盘
10:06:52,23.24,0.02,75,174170,买盘
10:06:55,23.24,0.0,33,76676,买盘
10:06:58,23.23,-0.01,3,6971,卖盘
10:07:01,23.24,0.01,5,11620,中性盘
10:07:04,23.25,0.01,22,51130,买盘
10:07:10,23.25,0.0,5,11625,卖盘
10:07:13,23.25,0.0,11,25575,卖盘
10:07:16,23.27,0.02,26,60461,买盘
10:07:19,23.27,0.0,4,9307,买盘
10:07:22,23.27,0.0,29,67483,买盘
10:07:25,23.27,0.0,7,16289,买盘
10:07:28,23.27,0.0,14,32589,中性盘
10:07:31,23.28,0.01,19,44217,买盘
10:07:34,23.28,0.0,7,16296,买盘
10:07:37,23.29,0.01,65,151290,买盘
10:07:40,23.24,-0.05,610,1417818,卖盘
10:07:43,23.25,0.01,72,167349,买盘
10:07:46,23.25,0.0,44,102149,买盘
10:07:49,23.25,0.0,7,16255,买盘
10:07:52,23.21,-0.04,55,127821,中性盘
10:07:55,23.25,0.04,92,213374,买盘
10:07:58,23.25,0.0,4,9300,卖盘
10:08:01,23.26,0.01,18,41852,买盘
10:08:04,23.25,-0.01,15,34872,卖盘
10:08:07,23.24,-0.01,12,27899,卖盘
10:08:10,23.25,0.01,20,46478,买盘
10:08:13,23.25,0.0,42,97623,买盘
10:08:16,23.28,0.03,77,179168,买盘
10:08:19,23.25,-0.03,18,41876,卖盘
10:08:22,23.28,0.03,27,62782,买盘
10:08:25,23.28,0.0,8,18624,买盘
10:08:28,23.3,0.02,1,2330,买盘
10:08:31,23.3,0.0,18,41908,买盘
10:08:34,23.3,0.0,13,30280,买盘
10:08:37,23.3,0.0,33,76889,买盘
10:08:40,23.3,0.0,7,16315,卖盘
10:08:43,23.33,0.03,20,46650,买盘
10:08:46,23.35,0.02,4,9336,买盘
10:08:49,23.33,-0.02,33,76986,卖盘
10:08:52,23.33,0.0,24,55990,买盘
10:08:55,23.32,-0.01,119,277654,卖盘
10:08:58,23.33,0.01,22,51312,中性盘
10:09:01,23.33,0.0,43,100285,买盘
10:09:04,23.35,0.02,72,168089,买盘
10:09:07,23.33,-0.02,17,39665,卖盘
10:09:10,23.33,0.0,151,352536,卖盘
10:09:13,23.35,0.02,395,921934,买盘
10:09:16,23.36,0.01,102,238262,买盘
10:09:19,23.37,0.01,10,23363,买盘
10:09:22,23.37,0.0,8,18696,买盘
10:09:28,23.37,0.0,65,151965,卖盘
10:09:31,23.38,0.01,44,102837,买盘
10:09:34,23.36,-0.02,44,102854,卖盘
10:09:37,23.37,0.01,19,44410,卖盘
10:09:40,23.37,0.0,23,53752,卖盘
10:09:43,23.39,0.02,173,404401,买盘
10:09:46,23.38,-0.01,109,254751,卖盘
10:09:49,23.33,-0.05,135,315357,卖盘
10:09:52,23.36,0.03,110,256886,买盘
10:09:55,23.3,-0.06,135,315074,卖盘
10:09:58,23.33,0.03,19,44293,买盘
10:10:01,23.36,0.03,86,200535,买盘
10:10:04,23.24,-0.12,344,800493,卖盘
10:10:07,23.24,0.0,194,450301,买盘
10:10:13,23.2,-0.04,4,9282,卖盘
10:10:16,23.25,0.05,89,206735,买盘
10:10:19,23.2,-0.05,21,48773,卖盘
10:10:22,23.23,0.03,5,11623,中性盘
10:10:25,23.24,0.01,13,30209,买盘
10:10:28,23.23,-0.01,1,2323,卖盘
10:10:31,23.23,0.0,72,167120,买盘
10:10:34,23.24,0.01,42,97517,买盘
10:10:37,23.25,0.01,79,183606,买盘
10:10:40,23.25,0.0,20,46500,卖盘
10:10:43,23.24,-0.01,20,46478,买盘
10:10:46,23.21,-0.03,353,818963,中性盘
10:10:49,23.2,-0.01,120,278403,卖盘
10:10:52,23.19,-0.01,131,303934,卖盘
10:10:55,23.18,-0.01,14,32455,卖盘
10:10:58,23.18,0.0,28,64888,买盘
10:11:01,23.18,0.0,4,9272,买盘
10:11:04,23.18,0.0,31,71815,买盘
10:11:07,23.18,0.0,2,4636,买盘
10:11:10,23.18,0.0,14,32447,买盘
10:11:13,23.15,-0.03,21,48667,卖盘
10:11:16,23.16,0.01,32,74123,中性盘
10:11:19,23.18,0.02,22,50996,买盘
10:11:22,23.19,0.01,17,39415,买盘
10:11:25,23.23,0.04,20,46460,中性盘
10:11:28,23.18,-0.05,27,62647,卖盘
10:11:31,23.2,0.02,16,37090,中性盘
10:11:34,23.2,0.0,13,30136,买盘
10:11:37,23.18,-0.02,15,34808,卖盘
10:11:40,23.2,0.02,10,23200,买盘
10:11:43,23.18,-0.02,55,127546,卖盘
10:11:46,23.18,0.0,130,301472,卖盘
10:11:49,23.23,0.05,8,18570,买盘
10:11:52,23.2,-0.03,80,185603,卖盘
10:11:55,23.21,0.01,23,53403,中性盘
10:11:58,23.21,0.0,24,55707,卖盘
10:12:01,23.24,0.03,4,9296,买盘
10:12:04,23.27,0.03,12,27924,买盘
10:12:07,23.24,-0.03,3,6980,卖盘
10:12:10,23.34,0.1,144,335424,买盘
10:12:13,23.33,-0.01,59,137703,卖盘
10:12:19,23.33,0.0,42,97929,买盘
10:12:22,23.37,0.04,146,340994,买盘
10:12:25,23.38,0.01,34,79473,买盘
10:12:28,23.38,0.0,39,91150,买盘
10:12:31,23.38,0.0,48,112185,买盘
10:12:34,23.37,-0.01,86,201016,中性盘
10:12:37,23.37,0.0,148,345805,买盘
10:12:40,23.35,-0.02,65,151872,卖盘
10:12:43,23.38,0.03,102,238380,买盘
10:12:46,23.38,0.0,26,60788,买盘
10:12:49,23.38,0.0,2,4676,买盘
10:12:52,23.36,-0.02,23,53764,卖盘
10:12:55,23.38,0.02,28,65463,买盘
10:12:58,23.37,-0.01,8,18696,中性盘
10:13:01,23.38,0.01,38,88829,买盘
10:13:04,23.38,0.0,114,266624,卖盘
10:13:07,23.4,0.02,54,126332,买盘
10:13:10,23.38,-0.02,84,196407,卖盘
10:13:13,23.34,-0.04,776,1812510,卖盘
10:13:16,23.28,-0.06,252,587829,卖盘
10:13:19,23.25,-0.03,101,234987,卖盘
10:13:22,23.27,0.02,145,337292,买盘
10:13:25,23.24,-0.03,32,74421,卖盘
10:13:28,23.29,0.05,76,177002,买盘
10:13:31,23.3,0.01,27,62903,买盘
10:13:34,23.29,-0.01,114,265499,买盘
10:13:37,23.3,0.01,44,102484,买盘
10:13:40,23.3,0.0,41,95530,买盘
10:13:43,23.36,0.06,28,65306,买盘
10:13:46,23.36,0.0,11,25696,买盘
10:13:49,23.35,-0.01,66,153852,买盘
10:13:52,23.35,0.0,34,79372,买盘
10:13:55,23.35,0.0,13,30363,买盘
10:13:58,23.35,0.0,157,366601,卖盘
10:14:01,23.35,0.0,45,105046,买盘
10:14:04,23.36,0.01,35,81269,买盘
10:14:07,23.32,-0.04,19,44347,中性盘
10:14:10,23.35,0.03,23,53690,买盘
10:14:16,23.32,-0.03,14,32677,卖盘
10:14:19,23.35,0.03,328,766185,中性盘
10:14:22,23.33,-0.02,57,133079,卖盘
10:14:28,23.35,0.02,73,170328,买盘
10:14:31,23.33,-0.02,10,23330,买盘
10:14:34,23.31,-0.02,52,121280,卖盘
10:14:37,23.33,0.02,5,11665,中性盘
10:14:40,23.32,-0.01,8,18658,卖盘
10:14:43,23.35,0.03,10,23323,买盘
10:14:46,23.33,-0.02,23,53659,卖盘
10:14:52,23.35,0.02,34,79367,买盘
10:14:55,23.33,-0.02,96,224008,卖盘
10:14:58,23.33,0.0,15,34995,买盘
10:15:01,23.35,0.02,50,116740,买盘
10:15:07,23.35,0.0,29,67718,卖盘
10:15:10,23.36,0.01,408,953283,买盘
10:15:13,23.35,-0.01,16,37369,卖盘
10:15:16,23.35,0.0,37,86395,买盘
10:15:19,23.36,0.01,25,58388,买盘
10:15:22,23.36,0.0,14,32704,卖盘
10:15:25,23.37,0.01,13,30381,买盘
10:15:28,23.37,0.0,31,72447,买盘
10:15:31,23.36,-0.01,103,240687,卖盘
10:15:34,23.37,0.01,61,142557,买盘
10:15:37,23.37,0.0,7,16359,买盘
10:15:40,23.38,0.01,123,287462,买盘
10:15:43,23.38,0.0,32,74786,买盘
10:15:46,23.38,0.0,22,51431,买盘
10:15:49,23.39,0.01,9,21044,买盘
10:15:52,23.39,0.0,246,574999,买盘
10:15:55,23.39,0.0,6,14034,中性盘
10:15:58,23.39,0.0,6,14034,买盘
10:16:01,23.39,0.0,13,30407,买盘
10:16:04,23.4,0.01,66,154394,买盘
10:16:07,23.4,0.0,265,620098,买盘
10:16:10,23.41,0.01,26,60844,买盘
10:16:13,23.4,-0.01,6,14040,卖盘
10:16:16,23.4,0.0,41,95938,买盘
10:16:19,23.39,-0.01,39,91221,卖盘
10:16:22,23.38,-0.01,85,198767,卖盘
10:16:25,23.33,-0.05,565,1320200,卖盘
10:16:28,23.33,0.0,65,151740,卖盘
10:16:31,23.32,-0.01,26,60683,卖盘
10:16:34,23.33,0.01,31,72294,中性盘
10:16:37,23.31,-0.02,71,165501,卖盘
10:16:40,23.29,-0.02,113,263668,卖盘
10:16:43,23.3,0.01,57,132755,买盘
10:16:46,23.3,0.0,2,4660,买盘
10:16:49,23.28,-0.02,69,160634,卖盘
10:16:52,23.26,-0.02,34,79120,卖盘
10:16:55,23.26,0.0,9,20940,卖盘
10:16:58,23.26,0.0,9,20934,买盘
10:17:01,23.25,-0.01,38,88356,卖盘
10:17:04,23.24,-0.01,8,18592,卖盘
10:17:07,23.24,0.0,51,118542,卖盘
10:17:10,23.24,0.0,34,79016,卖盘
10:17:13,23.24,0.0,27,62748,卖盘
10:17:16,23.24,0.0,103,239387,卖盘
10:17:19,23.24,0.0,9,20916,买盘
10:17:22,23.22,-0.02,28,65016,卖盘
10:17:25,23.22,0.0,5,11614,卖盘
10:17:28,23.24,0.02,26,60378,买盘
10:17:34,23.23,-0.01,3,6967,买盘
10:17:37,23.22,-0.01,9,20898,卖盘
10:17:40,23.23,0.01,65,150901,买盘
10:17:46,23.22,-0.01,12,27864,中性盘
10:17:49,23.22,0.0,24,55727,买盘
10:17:52,23.23,0.01,24,55735,买盘
10:17:58,23.22,-0.01,14,32514,卖盘
10:18:04,23.22,0.0,69,160181,卖盘
10:18:07,23.2,-0.02,11,25523,卖盘
10:18:13,23.21,0.01,11,25531,中性盘
10:18:16,23.2,-0.01,34,78904,卖盘
10:18:19,23.2,0.0,36,83521,卖盘
10:18:22,23.2,0.0,304,705305,卖盘
10:18:25,23.21,0.01,24,55690,买盘
10:18:28,23.18,-0.03,40,92720,卖盘
10:18:34,23.2,0.02,6,13916,买盘
10:18:37,23.18,-0.02,9,20864,卖盘
10:18:40,23.18,0.0,6,13906,买盘
10:18:43,23.17,-0.01,67,155251,卖盘
10:18:46,23.17,0.0,17,39389,卖盘
10:18:49,23.17,0.0,18,41693,买盘
10:18:52,23.16,-0.01,8,18529,卖盘
10:18:55,23.16,0.0,6,13896,买盘
10:18:58,23.16,0.0,41,94918,买盘
10:19:01,23.15,-0.01,20,46301,卖盘
10:19:04,23.15,0.0,41,94940,卖盘
10:19:07,23.14,-0.01,36,83345,卖盘
10:19:10,23.14,0.0,6,13884,卖盘
10:19:16,23.13,-0.01,13,30081,卖盘
10:19:19,23.14,0.01,4,9254,买盘
10:19:22,23.12,-0.02,45,104062,卖盘
10:19:25,23.13,0.01,6,13878,买盘
10:19:28,23.12,-0.01,112,258951,卖盘
10:19:31,23.12,0.0,41,94792,卖盘
10:19:34,23.13,0.01,82,189608,买盘
10:19:37,23.1,-0.03,95,219519,卖盘
10:19:43,23.12,0.02,1,2312,卖盘
10:19:46,23.12,0.0,13,30062,卖盘
10:19:49,23.15,0.03,95,219822,买盘
10:19:52,23.17,0.02,1,2317,买盘
10:19:55,23.18,0.01,36,83396,买盘
10:19:58,23.18,0.0,3,6954,买盘
10:20:01,23.19,0.01,3,6957,买盘
10:20:04,23.2,0.01,7,16240,买盘
10:20:10,23.2,0.0,60,139198,卖盘
10:20:13,23.2,0.0,5,11600,买盘
10:20:16,23.19,-0.01,6,13915,卖盘
10:20:19,23.2,0.01,1,2320,买盘
10:20:25,23.2,0.0,11,25522,买盘
10:20:28,23.19,-0.01,39,90451,卖盘
10:20:31,23.2,0.01,6,13920,中性盘
10:20:34,23.2,0.0,27,62642,卖盘
10:20:37,23.2,0.0,34,78881,卖盘
10:20:40,23.21,0.01,74,171754,买盘
10:20:43,23.21,0.0,11,25531,卖盘
10:20:46,23.22,0.01,86,199692,买盘
10:20:49,23.22,0.0,2,4644,买盘
10:20:52,23.23,0.01,37,85923,买盘
10:20:55,23.23,0.0,11,25533,买盘
10:20:58,23.23,0.0,8,18577,买盘
10:21:01,23.22,-0.01,13,30185,卖盘
10:21:04,23.23,0.01,31,72010,买盘
10:21:07,23.2,-0.03,308,714966,卖盘
10:21:10,23.11,-0.09,159,368276,卖盘
10:21:13,23.1,-0.01,297,686784,卖盘
10:21:16,23.09,-0.01,145,335241,卖盘
10:21:19,23.1,0.01,98,226724,中性盘
10:21:22,23.06,-0.04,306,705789,卖盘
10:21:25,23.08,0.02,39,89938,买盘
10:21:28,23.05,-0.03,17,39188,卖盘
10:21:31,23.05,0.0,184,424370,卖盘
10:21:34,23.05,0.0,112,258171,卖盘
10:21:37,23.06,0.01,60,138340,买盘
10:21:40,23.06,0.0,49,112999,买盘
10:21:43,23.06,0.0,67,154502,卖盘
10:21:46,23.09,0.03,132,304413,买盘
10:21:49,23.1,0.01,19,43890,卖盘
10:21:52,23.11,0.01,4,9241,买盘
10:21:55,23.11,0.0,8,18486,卖盘
10:22:01,23.11,0.0,3,6933,卖盘
10:22:04,23.11,0.0,36,83195,买盘
10:22:07,23.11,0.0,14,32396,卖盘
10:22:10,23.15,0.04,3,6945,买盘
10:22:13,23.15,0.0,144,333223,卖盘
10:22:19,23.14,-0.01,68,157405,中性盘
10:22:22,23.15,0.01,34,78710,卖盘
10:22:25,23.15,0.0,77,178143,买盘
10:22:31,23.16,0.01,134,310325,买盘
10:22:34,23.28,0.12,253,588316,买盘
10:22:37,23.38,0.1,181,422805,买盘
10:22:40,23.38,0.0,167,390405,买盘
10:22:43,23.37,-0.01,178,416347,卖盘
10:22:46,23.39,0.02,5,11691,买盘
10:22:49,23.38,-0.01,10,23380,卖盘
10:22:52,23.38,0.0,33,77179,卖盘
10:22:55,23.37,-0.01,20,46757,中性盘
10:22:58,23.37,0.0,65,151725,买盘
10:23:01,23.3,-0.07,2,4661,中性盘
10:23:04,23.14,-0.16,373,865311,卖盘
10:23:07,23.14,0.0,112,259168,买盘
10:23:10,23.19,0.05,20,46342,买盘
10:23:13,23.2,0.01,18,41746,买盘
10:23:16,23.19,-0.01,6,13947,卖盘
10:23:19,23.13,-0.06,139,321578,卖盘
10:23:22,23.19,0.06,55,127263,买盘
10:23:25,23.18,-0.01,42,97358,卖盘
10:23:31,23.2,0.02,22,51034,买盘
10:23:34,23.2,0.0,79,183289,卖盘
10:23:37,23.21,0.01,11,25531,卖盘
10:23:40,23.2,-0.01,32,74242,卖盘
10:23:43,23.19,-0.01,98,227270,卖盘
10:23:46,23.2,0.01,8,18558,中性盘
10:23:49,23.16,-0.04,27,62592,卖盘
10:23:52,23.2,0.04,105,243419,买盘
10:23:58,23.18,-0.02,58,134442,卖盘
10:24:01,23.18,0.0,51,118218,买盘
10:24:04,23.15,-0.03,35,81057,卖盘
10:24:07,23.15,0.0,3,6945,买盘
10:24:10,23.15,0.0,25,57879,卖盘
10:24:13,23.16,0.01,12,27792,买盘
10:24:16,23.16,0.0,78,180638,买盘
10:24:19,23.16,0.0,10,23160,买盘
10:24:22,23.15,-0.01,26,60190,卖盘
10:24:25,23.14,-0.01,30,69422,卖盘
10:24:28,23.14,0.0,12,27759,买盘
10:24:34,23.15,0.01,90,208328,买盘
10:24:37,23.13,-0.02,28,64775,卖盘
10:24:40,23.12,-0.01,19,43943,卖盘
10:24:43,23.12,0.0,27,62432,卖盘
10:24:46,23.12,0.0,33,76336,卖盘
10:24:49,23.14,0.02,26,60143,买盘
10:24:52,23.13,-0.01,37,85617,卖盘
10:24:55,23.13,0.0,7,16191,卖盘
10:25:01,23.15,0.02,5,11571,买盘
10:25:04,23.15,0.0,3,6944,买盘
10:25:07,23.15,0.0,49,113435,买盘
10:25:10,23.15,0.0,2,4630,买盘
10:25:13,23.15,0.0,40,92600,买盘
10:25:16,23.15,0.0,1,2315,卖盘
10:25:19,23.15,0.0,83,192145,卖盘
10:25:22,23.16,0.01,13,30099,买盘
10:25:25,23.15,-0.01,40,92612,卖盘
10:25:28,23.16,0.01,39,90295,买盘
10:25:31,23.15,-0.01,88,203747,卖盘
10:25:34,23.15,0.0,2,4631,卖盘
10:25:37,23.15,0.0,114,263933,卖盘
10:25:40,23.15,0.0,119,275434,买盘
10:25:43,23.16,0.01,70,162068,买盘
10:25:46,23.16,0.0,14,32424,卖盘
10:25:49,23.14,-0.02,57,131996,卖盘
10:25:52,23.14,0.0,8,18512,卖盘
10:25:55,23.16,0.02,32,74091,买盘
10:25:58,23.16,0.0,123,284702,卖盘
10:26:01,23.15,-0.01,23,53252,卖盘
10:26:04,23.16,0.01,52,120388,买盘
10:26:07,23.16,0.0,33,76404,买盘
10:26:10,23.14,-0.02,96,222144,卖盘
10:26:13,23.17,0.03,56,129752,买盘
10:26:16,23.15,-0.02,32,74140,卖盘
10:26:19,23.15,0.0,4,9260,卖盘
10:26:22,23.14,-0.01,58,134201,卖盘
10:26:25,23.16,0.02,4,9264,买盘
10:26:28,23.15,-0.01,1,2315,中性盘
10:26:31,23.14,-0.01,72,166869,中性盘
10:26:34,23.13,-0.01,41,94901,卖盘
10:26:37,23.14,0.01,2,4628,卖盘
10:26:40,23.14,0.0,9,20826,卖盘
10:26:43,23.14,0.0,106,245479,买盘
10:26:46,23.13,-0.01,108,249939,卖盘
10:26:49,23.13,0.0,1,2313,卖盘
10:26:52,23.13,0.0,18,41641,卖盘
10:26:55,23.13,0.0,38,87897,卖盘
10:26:58,23.13,0.0,50,115650,卖盘
10:27:01,23.13,0.0,4,9252,卖盘
10:27:04,23.13,0.0,76,175908,卖盘
10:27:07,23.13,0.0,18,41650,卖盘
10:27:10,23.14,0.01,45,104126,中性盘
10:27:13,23.15,0.01,36,83340,买盘
10:27:16,23.15,0.0,43,99457,买盘
10:27:19,23.16,0.01,321,743356,买盘
10:27:22,23.16,0.0,97,224644,买盘
10:27:25,23.16,0.0,7,16212,买盘
10:27:28,23.15,-0.01,30,69460,卖盘
10:27:31,23.15,0.0,32,74101,卖盘
10:27:34,23.18,0.03,190,440343,买盘
10:27:37,23.18,0.0,24,55629,买盘
10:27:40,23.13,-0.05,68,157432,卖盘
10:27:43,23.13,0.0,32,74016,买盘
10:27:46,23.12,-0.01,6,13872,卖盘
10:27:49,23.13,0.01,2,4626,买盘
10:27:52,23.13,0.0,6,13873,买盘
10:27:55,23.13,0.0,28,64754,买盘
10:28:01,23.13,0.0,223,515705,卖盘
10:28:04,23.13,0.0,78,180358,买盘
10:28:07,23.14,0.01,33,76330,买盘
10:28:10,23.15,0.01,4,9264,中性盘
10:28:13,23.15,0.0,110,254211,买盘
10:28:16,23.15,0.0,1,2315,买盘
10:28:22,23.15,0.0,2,4630,卖盘
10:28:25,23.14,-0.01,35,80990,卖盘
10:28:28,23.14,0.0,31,71734,买盘
10:28:31,23.15,0.01,12,27777,买盘
10:28:37,23.15,0.0,5,11575,卖盘
10:28:40,23.16,0.01,167,386630,买盘
10:28:43,23.16,0.0,15,34734,买盘
10:28:46,23.16,0.0,44,101946,卖盘
10:28:49,23.16,0.0,13,30108,卖盘
10:28:52,23.17,0.01,22,50984,中性盘
10:29:01,23.18,0.01,5,11589,买盘
10:29:04,23.18,0.0,137,317561,买盘
10:29:07,23.18,0.0,2,4636,买盘
10:29:10,23.18,0.0,13,30134,买盘
10:29:13,23.2,0.02,77,178594,买盘
10:29:19,23.2,0.0,5,11600,卖盘
10:29:22,23.23,0.03,10,23225,买盘
10:29:25,23.22,-0.01,1,2322,卖盘
10:29:28,23.2,-0.02,117,271484,卖盘
10:29:31,23.28,0.08,66,153456,买盘
10:29:40,23.27,-0.01,36,83723,中性盘
10:29:43,23.28,0.01,69,160515,买盘
10:29:49,23.27,-0.01,9,20941,卖盘
10:29:52,23.25,-0.02,5,11629,卖盘
10:29:55,23.29,0.04,33,76829,买盘
10:29:58,23.3,0.01,114,265620,买盘
10:30:01,23.29,-0.01,95,221340,卖盘
10:30:04,23.28,-0.01,92,214260,卖盘
10:30:07,23.3,0.02,27,62894,中性盘
10:30:10,23.26,-0.04,1,2326,卖盘
10:30:13,23.25,-0.01,267,620778,卖盘
10:30:16,23.2,-0.05,252,584938,卖盘
10:30:19,23.2,0.0,95,220818,卖盘
10:30:22,23.18,-0.02,28,65046,卖盘
10:30:25,23.2,0.02,44,102057,中性盘
10:30:28,23.18,-0.02,11,25498,卖盘
10:30:31,23.18,0.0,59,136779,卖盘
10:30:34,23.15,-0.03,15,34751,卖盘
10:30:37,23.15,0.0,13,30112,卖盘
10:30:40,23.13,-0.02,63,145913,卖盘
10:30:43,23.13,0.0,10,23130,卖盘
10:30:46,23.15,0.02,1,2315,卖盘
10:30:49,23.15,0.0,11,25467,卖盘
10:30:52,23.15,0.0,152,351884,卖盘
10:30:55,23.18,0.03,121,280381,买盘
10:30:58,23.18,0.0,5,11590,卖盘
10:31:04,23.18,0.0,32,74177,卖盘
10:31:07,23.19,0.01,15,34783,买盘
10:31:10,23.2,0.01,35,81200,卖盘
10:31:13,23.19,-0.01,5,11599,卖盘
10:31:16,23.18,-0.01,4,9272,卖盘
10:31:19,23.17,-0.01,17,39405,卖盘
10:31:22,23.18,0.01,26,60203,买盘
10:31:28,23.16,-0.02,2,4632,卖盘
10:31:31,23.19,0.03,5,11595,买盘
10:31:34,23.16,-0.03,4,9264,卖盘
10:31:37,23.18,0.02,124,287408,买盘
10:31:40,23.18,0.0,4,9272,卖盘
10:31:43,23.18,0.0,14,32452,卖盘
10:31:46,23.2,0.02,87,201759,买盘
10:31:49,23.18,-0.02,130,301482,卖盘
10:31:52,23.15,-0.03,3,6945,卖盘
10:31:55,23.18,0.03,12,27816,买盘
10:31:58,23.15,-0.03,22,50930,卖盘
10:32:01,23.18,0.03,42,97356,买盘
10:32:04,23.19,0.01,5,11591,中性盘
10:32:07,23.19,0.0,9,20871,卖盘
10:32:10,23.16,-0.03,81,187774,卖盘
10:32:16,23.2,0.04,63,146089,买盘
10:32:19,23.2,0.0,8,18560,买盘
10:32:25,23.18,-0.02,1,2318,卖盘
10:32:28,23.2,0.02,18,41734,买盘
10:32:31,23.2,0.0,40,92771,买盘
10:32:34,23.2,0.0,77,178633,买盘
10:32:37,23.22,0.02,79,183375,买盘
10:32:40,23.21,-0.01,11,25538,卖盘
10:32:43,23.21,0.0,14,32494,卖盘
10:32:49,23.21,0.0,8,18568,卖盘
10:32:52,23.21,0.0,93,215853,卖盘
10:32:55,23.2,-0.01,49,113681,卖盘
10:32:58,23.22,0.02,6,13929,买盘
10:33:01,23.19,-0.03,28,64932,卖盘
10:33:04,23.2,0.01,5,11600,卖盘
10:33:07,23.21,0.01,7,16241,买盘
10:33:10,23.19,-0.02,42,97398,卖盘
10:33:13,23.17,-0.02,45,104285,卖盘
10:33:16,23.16,-0.01,22,50955,卖盘
10:33:19,23.16,0.0,91,210760,卖盘
10:33:22,23.18,0.02,6,13908,买盘
10:33:28,23.18,0.0,2,4634,买盘
10:33:31,23.16,-0.02,6,13896,卖盘
10:33:34,23.18,0.02,9,20857,买盘
10:33:40,23.19,0.01,43,99675,买盘
10:33:43,23.17,-0.02,91,210929,卖盘
10:33:46,23.17,0.0,2,4634,卖盘
10:33:49,23.19,0.02,25,57975,买盘
10:33:52,23.16,-0.03,17,39379,卖盘
10:33:55,23.19,0.03,13,30141,买盘
10:33:58,23.19,0.0,1,2319,卖盘
10:34:01,23.19,0.0,5,11595,卖盘
10:34:04,23.19,0.0,15,34786,卖盘
10:34:07,23.19,0.0,116,269091,卖盘
10:34:10,23.19,0.0,2,4638,买盘
10:34:13,23.17,-0.02,31,71829,卖盘
10:34:16,23.17,0.0,17,39409,卖盘
10:34:19,23.19,0.02,2,4638,买盘
10:34:22,23.17,-0.02,19,44047,卖盘
10:34:25,23.19,0.02,121,280385,买盘
10:34:28,23.2,0.01,1,2320,买盘
10:34:37,23.21,0.01,5,11605,买盘
10:34:40,23.22,0.01,10,23216,买盘
10:34:43,23.22,0.0,2,4644,卖盘
10:34:46,23.23,0.01,3,6969,买盘
10:34:49,23.22,-0.01,1,2322,卖盘
10:34:52,23.22,0.0,34,78952,卖盘
10:34:55,23.22,0.0,23,53406,买盘
10:34:58,23.22,0.0,2,4644,买盘
10:35:01,23.21,-0.01,10,23223,卖盘
10:35:07,23.24,0.03,16,37183,买盘
10:35:10,23.24,0.0,9,20916,卖盘
10:35:13,23.25,0.01,20,46491,买盘
10:35:16,23.27,0.02,31,72109,买盘
10:35:19,23.29,0.02,66,153586,买盘
10:35:22,23.29,0.0,9,20961,买盘
10:35:28,23.29,0.0,12,27949,卖盘
10:35:31,23.3,0.01,97,226010,买盘
10:35:34,23.26,-0.04,45,104682,卖盘
10:35:37,23.26,0.0,1,2326,买盘
10:35:40,23.23,-0.03,17,39497,卖盘
10:35:43,23.2,-0.03,73,169420,卖盘
10:35:46,23.2,0.0,3,6960,买盘
10:35:49,23.2,0.0,68,157760,买盘
10:35:52,23.2,0.0,20,46400,买盘
10:35:55,23.2,0.0,13,30160,卖盘
10:35:58,23.2,0.0,14,32480,卖盘
10:36:04,23.21,0.01,7,16247,买盘
10:36:07,23.2,-0.01,28,64980,卖盘
10:36:10,23.2,0.0,2,4640,卖盘
10:36:13,23.21,0.01,9,20889,买盘
10:36:16,23.22,0.01,19,44108,中性盘
10:36:19,23.23,0.01,26,60382,买盘
10:36:22,23.23,0.0,24,55755,卖盘
10:36:28,23.25,0.02,63,146416,买盘
10:36:34,23.26,0.01,1,2326,买盘
10:36:37,23.25,-0.01,8,18600,卖盘
10:36:43,23.26,0.01,14,32560,买盘
10:36:46,23.22,-0.04,24,55753,卖盘
10:36:49,23.25,0.03,5,11625,买盘
10:36:52,23.22,-0.03,40,92878,卖盘
10:36:55,23.22,0.0,66,153264,买盘
10:36:58,23.22,0.0,18,41841,卖盘
10:37:01,23.25,0.03,70,162750,买盘
10:37:04,23.22,-0.03,9,20922,卖盘
10:37:07,23.24,0.02,2,4648,中性盘
10:37:10,23.22,-0.02,38,88236,卖盘
10:37:13,23.2,-0.02,279,647423,卖盘
10:37:16,23.21,0.01,15,34801,买盘
10:37:19,23.21,0.0,21,48738,买盘
10:37:22,23.2,-0.01,15,34809,卖盘
10:37:25,23.2,0.0,26,60331,卖盘
10:37:28,23.21,0.01,127,294745,买盘
10:37:34,23.21,0.0,16,37136,卖盘
10:37:37,23.21,0.0,1,2321,卖盘
10:37:40,23.21,0.0,19,44099,卖盘
10:37:43,23.22,0.01,17,39468,买盘
10:37:46,23.22,0.0,9,20898,买盘
10:37:49,23.21,-0.01,18,41778,卖盘
10:37:52,23.22,0.01,6,13928,买盘
10:37:55,23.21,-0.01,17,39457,卖盘
10:37:58,23.22,0.01,33,76626,买盘
10:38:01,23.22,0.0,95,220590,卖盘
10:38:04,23.22,0.0,1,2322,卖盘
10:38:07,23.24,0.02,5,11620,买盘
10:38:10,23.22,-0.02,14,32508,卖盘
10:38:13,23.23,0.01,1,2323,买盘
10:38:16,23.22,-0.01,2,4644,卖盘
10:38:19,23.22,0.0,23,53432,卖盘
10:38:22,23.22,0.0,2,4644,卖盘
10:38:25,23.22,0.0,59,136998,卖盘
10:38:28,23.24,0.02,30,69690,买盘
10:38:34,23.22,-0.02,10,23226,中性盘
10:38:37,23.22,0.0,2,4645,卖盘
10:38:40,23.22,0.0,2,4644,卖盘
10:38:43,23.24,0.02,15,34848,买盘
10:38:46,23.22,-0.02,10,23229,卖盘
10:38:49,23.22,0.0,1,2322,卖盘
10:38:52,23.24,0.02,11,25549,买盘
10:38:55,23.24,0.0,85,197430,买盘
10:38:58,23.24,0.0,6,13944,买盘
10:39:01,23.24,0.0,16,37184,买盘
10:39:04,23.24,0.0,29,67362,买盘
10:39:07,23.24,0.0,40,92960,卖盘
10:39:10,23.25,0.01,22,51145,买盘
10:39:13,23.23,-0.02,180,418036,卖盘
10:39:16,23.23,0.0,12,27866,买盘
10:39:19,23.21,-0.02,21,48788,卖盘
10:39:22,23.23,0.02,46,106803,买盘
10:39:25,23.23,0.0,32,74246,买盘
10:39:31,23.23,0.0,70,162585,买盘
10:39:34,23.21,-0.02,47,109089,卖盘
10:39:37,23.2,-0.01,94,218127,卖盘
10:39:40,23.2,0.0,17,39440,卖盘
10:39:43,23.19,-0.01,170,394240,卖盘
10:39:46,23.19,0.0,11,25509,买盘
10:39:49,23.18,-0.01,7,16227,卖盘
10:39:52,23.18,0.0,14,32452,卖盘
10:39:55,23.18,0.0,28,64904,卖盘
10:40:01,23.17,-0.01,9,20853,卖盘
10:40:04,23.19,0.02,80,185464,买盘
10:40:07,23.12,-0.07,294,679720,卖盘
10:40:13,23.1,-0.02,4,9240,卖盘
10:40:16,23.11,0.01,1,2311,中性盘
10:40:19,23.14,0.03,34,78576,买盘
10:40:22,23.11,-0.03,1,2311,卖盘
10:40:25,23.11,0.0,103,237931,买盘
10:40:28,23.11,0.0,20,46205,买盘
10:40:31,23.11,0.0,179,413552,买盘
10:40:34,23.1,-0.01,106,244879,卖盘
10:40:37,23.12,0.02,15,34662,买盘
10:40:40,23.11,-0.01,253,584551,中性盘
10:40:43,23.1,-0.01,86,198732,卖盘
10:40:46,23.15,0.05,19,43949,买盘
10:40:49,23.15,0.0,74,171310,卖盘
10:40:52,23.15,0.0,4,9260,卖盘
10:40:55,23.15,0.0,3,6945,卖盘
10:40:58,23.15,0.0,13,30097,卖盘
10:41:01,23.15,0.0,127,294005,卖盘
10:41:07,23.15,0.0,5,11575,买盘
10:41:13,23.15,0.0,29,67135,买盘
10:41:16,23.15,0.0,41,94915,买盘
10:41:19,23.15,0.0,3,6945,卖盘
10:41:22,23.15,0.0,171,395965,卖盘
10:41:25,23.16,0.01,4,9264,买盘
10:41:28,23.16,0.0,9,20844,买盘
10:41:31,23.16,0.0,9,20844,买盘
10:41:34,23.16,0.0,2,4632,买盘
10:41:37,23.16,0.0,8,18528,买盘
10:41:40,23.16,0.0,4,9264,买盘
10:41:46,23.15,-0.01,50,115780,卖盘
10:41:55,23.15,0.0,6,13891,卖盘
10:41:58,23.16,0.01,31,71788,买盘
10:42:01,23.16,0.0,8,18524,买盘
10:42:04,23.16,0.0,26,60191,买盘
10:42:07,23.16,0.0,1,2316,买盘
10:42:10,23.15,-0.01,38,87983,卖盘
10:42:13,23.15,0.0,2,4630,买盘
10:42:16,23.15,0.0,7,16213,卖盘
10:42:19,23.17,0.02,5,11585,买盘
10:42:22,23.16,-0.01,2,4632,中性盘
10:42:28,23.17,0.01,5,11583,买盘
10:42:31,23.17,0.0,1,2317,买盘
10:42:34,23.17,0.0,1,2317,买盘
10:42:37,23.16,-0.01,2,4632,买盘
10:42:40,23.16,0.0,8,18528,买盘
10:42:55,23.16,0.0,6,13896,买盘
10:42:58,23.16,0.0,32,74092,买盘
10:43:01,23.16,0.0,4,9264,卖盘
10:43:04,23.17,0.01,11,25487,买盘
10:43:07,23.17,0.0,5,11585,买盘
10:43:13,23.16,-0.01,2,4632,卖盘
10:43:22,23.16,0.0,2,4633,卖盘
10:43:25,23.18,0.02,6,13908,买盘
10:43:31,23.2,0.02,3,6960,买盘
10:43:37,23.18,-0.02,9,20872,卖盘
10:43:40,23.18,0.0,16,37088,卖盘
10:43:43,23.2,0.02,5,11600,买盘
10:43:46,23.2,0.0,3,6960,买盘
10:43:49,23.18,-0.02,29,67224,卖盘
10:43:52,23.2,0.02,11,25520,买盘
10:43:55,23.2,0.0,6,13920,买盘
10:43:58,23.19,-0.01,6,13915,卖盘
10:44:01,23.19,0.0,3,6959,卖盘
10:44:04,23.2,0.01,35,81198,买盘
10:44:07,23.2,0.0,1,2320,买盘
10:44:19,23.2,0.0,3,6960,买盘
10:44:22,23.19,-0.01,9,20875,卖盘
10:44:28,23.21,0.02,4,9284,买盘
10:44:37,23.23,0.02,42,97566,买盘
10:44:40,23.24,0.01,1,2324,买盘
10:44:43,23.24,0.0,15,34860,买盘
10:44:49,23.24,0.0,4,9296,卖盘
10:44:52,23.24,0.0,30,69740,买盘
10:44:58,23.25,0.01,9,20924,买盘
10:45:04,23.25,0.0,59,137175,买盘
10:45:07,23.26,0.01,1,2326,买盘
10:45:10,23.26,0.0,1,2326,买盘
10:45:13,23.26,0.0,4,9304,买盘
10:45:16,23.26,0.0,1,2326,卖盘
10:45:19,23.27,0.01,2,4654,买盘
10:45:22,23.27,0.0,5,11635,买盘
10:45:25,23.27,0.0,1,2327,卖盘
10:45:28,23.24,-0.03,142,330082,卖盘
10:45:31,23.23,-0.01,74,171930,卖盘
10:45:34,23.24,0.01,82,190473,买盘
10:45:37,23.21,-0.03,21,48741,卖盘
10:45:40,23.21,0.0,12,27852,买盘
10:45:43,23.21,0.0,9,20889,买盘
10:45:46,23.21,0.0,5,11605,买盘
10:45:49,23.21,0.0,59,136939,买盘
10:45:52,23.21,0.0,45,104445,买盘
10:45:55,23.21,0.0,11,25531,卖盘
10:45:58,23.23,0.02,128,297084,买盘
10:46:01,23.21,-0.02,5,11605,卖盘
10:46:04,23.24,0.03,14,32532,买盘
10:46:07,23.2,-0.04,10,23210,卖盘
10:46:16,23.21,0.01,3,6963,卖盘
10:46:19,23.21,0.0,42,97482,卖盘
10:46:22,23.21,0.0,109,252989,卖盘
10:46:31,23.19,-0.02,79,183253,卖盘
10:46:34,23.2,0.01,9,20880,卖盘
10:46:37,23.21,0.01,40,92837,买盘
10:46:40,23.24,0.03,49,113782,买盘
10:46:49,23.22,-0.02,1,2322,买盘
10:46:55,23.21,-0.01,48,111430,卖盘
10:46:58,23.21,0.0,4,9285,卖盘
10:47:01,23.22,0.01,32,74304,买盘
10:47:07,23.22,0.0,1,2322,卖盘
10:47:10,23.22,0.0,1,2322,卖盘
10:47:13,23.22,0.0,22,51086,卖盘
10:47:16,23.22,0.0,2,4644,卖盘
10:47:22,23.23,0.01,13,30194,买盘
10:47:25,23.22,-0.01,32,74309,卖盘
10:47:31,23.22,0.0,45,104490,买盘
10:47:37,23.22,0.0,12,27864,买盘
10:47:40,23.22,0.0,4,9288,卖盘
10:47:43,23.22,0.0,6,13934,卖盘
10:47:46,23.22,0.0,7,16254,卖盘
10:47:52,23.24,0.02,14,32533,买盘
10:47:55,23.25,0.01,27,62775,买盘
10:47:58,23.25,0.0,3,6975,买盘
10:48:01,23.26,0.01,3,6976,买盘
10:48:04,23.26,0.0,9,20928,买盘
10:48:07,23.24,-0.02,11,25582,卖盘
10:48:10,23.27,0.03,4,9304,买盘
10:48:16,23.26,-0.01,39,90714,买盘
10:48:19,23.26,0.0,9,20934,买盘
10:48:22,23.26,0.0,9,20934,买盘
10:48:25,23.26,0.0,7,16282,买盘
10:48:31,23.27,0.01,2,4654,买盘
10:48:37,23.28,0.01,21,48872,买盘
10:48:40,23.26,-0.02,99,230322,卖盘
10:48:43,23.25,-0.01,113,262805,卖盘
10:48:46,23.26,0.01,128,297804,中性盘
10:48:49,23.3,0.04,199,463649,买盘
10:48:52,23.31,0.01,26,60604,买盘
10:48:55,23.31,0.0,18,41958,买盘
10:48:58,23.32,0.01,16,37307,买盘
10:49:01,23.32,0.0,10,23320,买盘
10:49:07,23.32,0.0,3,6996,买盘
10:49:10,23.32,0.0,10,23320,买盘
10:49:13,23.31,-0.01,3,6994,卖盘
10:49:16,23.32,0.01,67,156244,买盘
10:49:19,23.32,0.0,25,58319,卖盘
10:49:22,23.33,0.01,2,4666,卖盘
10:49:25,23.33,0.0,1,2333,卖盘
10:49:28,23.32,-0.01,110,256581,卖盘
10:49:31,23.31,-0.01,129,300713,卖盘
10:49:34,23.33,0.02,42,97977,买盘
10:49:37,23.32,-0.01,3,6994,买盘
10:49:40,23.31,-0.01,10,23310,卖盘
10:49:43,23.32,0.01,15,34980,买盘
10:49:46,23.32,0.0,22,51264,中性盘
10:49:49,23.32,0.0,15,34980,卖盘
10:49:52,23.33,0.01,22,51326,买盘
10:49:55,23.34,0.01,5,11669,买盘
10:49:58,23.34,0.0,6,14001,买盘
10:50:01,23.34,0.0,1,2334,买盘
10:50:04,23.34,0.0,43,100362,买盘
10:50:07,23.35,0.01,53,123753,买盘
10:50:10,23.35,0.0,5,11675,卖盘
10:50:16,23.35,0.0,10,23350,卖盘
10:50:19,23.36,0.01,21,49056,买盘
10:50:25,23.37,0.01,23,53751,买盘
10:50:28,23.37,0.0,1,2337,买盘
10:50:31,23.39,0.02,361,844567,买盘
10:50:34,23.4,0.01,201,470326,买盘
10:50:37,23.38,-0.02,46,107593,卖盘
10:50:40,23.4,0.02,24,56147,买盘
10:50:43,23.4,0.0,155,362692,买盘
10:50:46,23.4,0.0,58,135708,买盘
10:50:49,23.4,0.0,4,9358,买盘
10:50:52,23.41,0.01,38,88937,买盘
10:50:55,23.4,-0.01,66,154493,卖盘
10:50:58,23.41,0.01,46,107686,买盘
10:51:01,23.41,0.0,20,46820,卖盘
10:51:04,23.45,0.04,16,37505,买盘
10:51:07,23.45,0.0,4,9380,买盘
10:51:10,23.45,0.0,109,255589,买盘
10:51:13,23.45,0.0,54,126614,买盘
10:51:16,23.45,0.0,12,28140,买盘
10:51:19,23.45,0.0,126,295469,买盘
10:51:22,23.45,0.0,60,140700,买盘
10:51:25,23.45,0.0,49,114873,买盘
10:51:28,23.45,0.0,31,72695,买盘
10:51:31,23.45,0.0,12,28140,买盘
10:51:34,23.47,0.02,2,4692,买盘
10:51:37,23.47,0.0,8,18776,买盘
10:51:40,23.49,0.02,45,105665,买盘
10:51:46,23.49,0.0,58,136210,买盘
10:51:49,23.5,0.01,37,86927,买盘
10:51:52,23.5,0.0,165,387750,买盘
10:51:55,23.51,0.01,8,18808,买盘
10:51:58,23.53,0.02,15,35291,买盘
10:52:01,23.57,0.04,22,51812,买盘
10:52:04,23.53,-0.04,33,77649,卖盘
10:52:07,23.57,0.04,50,117891,买盘
10:52:10,23.6,0.03,141,332570,买盘
10:52:16,23.6,0.0,86,202972,买盘
10:52:19,23.61,0.01,59,139292,买盘
10:52:22,23.62,0.01,24,56668,买盘
10:52:25,23.62,0.0,3,7088,卖盘
10:52:28,23.59,-0.03,584,1378720,卖盘
10:52:31,23.47,-0.12,389,916163,卖盘
10:52:34,23.41,-0.06,277,649397,卖盘
10:52:37,23.45,0.04,30,70325,买盘
10:52:40,23.4,-0.05,28,65640,卖盘
10:52:43,23.44,0.04,16,37453,买盘
10:52:46,23.39,-0.05,1,2339,中性盘
10:52:49,23.44,0.05,51,119501,买盘
10:52:52,23.44,0.0,1,2344,买盘
10:52:55,23.4,-0.04,11,25780,卖盘
10:52:58,23.4,0.0,23,53837,卖盘
10:53:01,23.41,0.01,19,44479,买盘
10:53:04,23.4,-0.01,63,147417,卖盘
10:53:07,23.4,0.0,4,9360,买盘
10:53:10,23.39,-0.01,15,35084,卖盘
10:53:13,23.39,0.0,12,28068,买盘
10:53:16,23.38,-0.01,9,21042,卖盘
10:53:19,23.4,0.02,67,156750,买盘
10:53:25,23.41,0.01,10,23410,买盘
10:53:28,23.41,0.0,26,60844,买盘
10:53:31,23.4,-0.01,20,46809,卖盘
10:53:34,23.43,0.03,3,7029,买盘
10:53:37,23.44,0.01,8,18745,买盘
10:53:43,23.43,-0.01,3,7029,卖盘
10:53:46,23.44,0.01,23,53908,买盘
10:53:49,23.44,0.0,54,126576,卖盘
10:53:52,23.44,0.0,3,7032,卖盘
10:53:55,23.44,0.0,26,60956,中性盘
10:53:58,23.44,0.0,8,18750,买盘
10:54:01,23.45,0.01,17,39850,买盘
10:54:04,23.4,-0.05,56,131059,卖盘
10:54:07,23.4,0.0,14,32798,卖盘
10:54:10,23.43,0.03,19,44525,中性盘
10:54:13,23.44,0.01,83,194452,买盘
10:54:16,23.44,0.0,137,321253,卖盘
10:54:19,23.45,0.01,30,70336,买盘
10:54:22,23.45,0.0,32,75022,买盘
10:54:25,23.45,0.0,10,23448,买盘
10:54:31,23.45,0.0,1,2345,买盘
10:54:34,23.44,-0.01,32,74946,买盘
10:54:37,23.43,-0.01,15,35145,中性盘
10:54:40,23.43,0.0,9,21073,买盘
10:54:43,23.43,0.0,6,14058,买盘
10:54:46,23.43,0.0,3,7029,买盘
10:54:52,23.43,0.0,5,11715,卖盘
10:54:58,23.43,0.0,38,89034,卖盘
10:55:01,23.41,-0.02,4,9366,卖盘
10:55:04,23.38,-0.03,369,863565,卖盘
10:55:07,23.41,0.03,29,67886,买盘
10:55:10,23.41,0.0,49,114719,买盘
10:55:13,23.38,-0.03,16,37408,卖盘
10:55:16,23.38,0.0,1,2338,卖盘
10:55:19,23.37,-0.01,5,11685,卖盘
10:55:22,23.38,0.01,17,39731,买盘
10:55:25,23.37,-0.01,25,58425,卖盘
10:55:28,23.38,0.01,61,142598,买盘
10:55:31,23.38,0.0,10,23380,卖盘
10:55:34,23.39,0.01,58,135612,买盘
10:55:40,23.39,0.0,2,4678,买盘
10:55:43,23.38,-0.01,20,46760,卖盘
10:55:46,23.37,-0.01,68,158980,卖盘
10:55:52,23.38,0.01,4,9352,买盘
10:55:55,23.37,-0.01,16,37392,卖盘
10:55:58,23.38,0.01,6,14030,买盘
10:56:01,23.37,-0.01,21,49094,卖盘
10:56:07,23.38,0.01,1,2338,买盘
10:56:10,23.37,-0.01,26,60764,卖盘
10:56:13,23.37,0.0,6,14022,卖盘
10:56:16,23.36,-0.01,10,23361,卖盘
10:56:19,23.38,0.02,32,74781,买盘
10:56:22,23.38,0.0,16,37408,卖盘
10:56:25,23.36,-0.02,45,105208,卖盘
10:56:28,23.36,0.0,14,32702,买盘
10:56:31,23.35,-0.01,13,30357,卖盘
10:56:34,23.35,0.0,2,4672,卖盘
10:56:37,23.35,0.0,25,58375,卖盘
10:56:43,23.35,0.0,3,7006,卖盘
10:56:46,23.36,0.01,9,21016,中性盘
10:56:52,23.36,0.0,9,21024,卖盘
10:56:55,23.36,0.0,8,18688,买盘
10:56:58,23.35,-0.01,16,37362,卖盘
10:57:01,23.35,0.0,1,2335,卖盘
10:57:07,23.36,0.01,1,2336,买盘
10:57:10,23.35,-0.01,6,14010,卖盘
10:57:13,23.35,0.0,7,16346,卖盘
10:57:22,23.35,0.0,12,28022,卖盘
10:57:25,23.35,0.0,3,7005,卖盘
10:57:28,23.35,0.0,10,23343,买盘
10:57:31,23.35,0.0,1,2335,卖盘
10:57:34,23.35,0.0,8,18680,中性盘
10:57:37,23.35,0.0,1,2335,买盘
10:57:40,23.35,0.0,9,21015,卖盘
10:57:43,23.34,-0.01,2,4668,卖盘
10:57:46,23.34,0.0,6,14004,卖盘
10:57:49,23.35,0.01,15,35025,买盘
10:57:52,23.35,0.0,4,9340,买盘
10:57:55,23.34,-0.01,31,72354,卖盘
10:57:58,23.35,0.01,22,51368,买盘
10:58:01,23.34,-0.01,61,142374,卖盘
10:58:04,23.28,-0.06,81,188799,卖盘
10:58:07,23.3,0.02,33,76877,买盘
10:58:25,23.29,-0.01,2,4658,卖盘
10:58:28,23.29,0.0,3,6988,卖盘
10:58:31,23.29,0.0,26,60554,卖盘
10:58:34,23.29,0.0,3,6987,卖盘
10:58:37,23.29,0.0,11,25619,买盘
10:58:46,23.29,0.0,13,30277,买盘
10:58:49,23.29,0.0,37,86137,买盘
10:58:52,23.28,-0.01,3,6984,中性盘
10:58:55,23.27,-0.01,1,2327,买盘
10:58:58,23.27,0.0,7,16289,买盘
10:59:01,23.26,-0.01,2,4653,卖盘
10:59:04,23.27,0.01,3,6981,买盘
10:59:07,23.27,0.0,15,34905,卖盘
10:59:10,23.28,0.01,3,6984,买盘
10:59:13,23.27,-0.01,8,18617,卖盘
10:59:16,23.27,0.0,18,41886,卖盘
10:59:19,23.28,0.01,12,27927,买盘
10:59:22,23.27,-0.01,3,6981,卖盘
10:59:25,23.26,-0.01,31,72106,卖盘
10:59:31,23.28,0.02,19,44222,买盘
10:59:34,23.28,0.0,2,4656,卖盘
10:59:43,23.29,0.01,11,25614,买盘
10:59:46,23.29,0.0,5,11645,买盘
10:59:49,23.29,0.0,1,2329,买盘
10:59:55,23.32,0.03,15,34960,买盘
10:59:58,23.32,0.0,1,2332,买盘
11:00:04,23.35,0.03,18,42016,买盘
11:00:10,23.35,0.0,5,11675,买盘
11:00:13,23.35,0.0,24,56040,买盘
11:00:16,23.35,0.0,9,21015,卖盘
11:00:19,23.35,0.0,26,60711,卖盘
11:00:22,23.35,0.0,27,63045,卖盘
11:00:25,23.35,0.0,23,53720,卖盘
11:00:28,23.36,0.01,93,217198,买盘
11:00:31,23.36,0.0,25,58400,买盘
11:00:34,23.36,0.0,5,11680,买盘
11:00:37,23.35,-0.01,121,282540,卖盘
11:00:40,23.36,0.01,49,114443,买盘
11:00:43,23.35,-0.01,9,21015,卖盘
11:00:46,23.35,0.0,26,60710,卖盘
11:00:49,23.3,-0.05,56,130563,卖盘
11:00:52,23.31,0.01,17,39622,买盘
11:00:55,23.3,-0.01,2,4660,买盘
11:00:58,23.3,0.0,11,25630,买盘
11:01:01,23.31,0.01,5,11655,买盘
11:01:04,23.3,-0.01,15,34950,卖盘
11:01:07,23.29,-0.01,27,62889,卖盘
11:01:10,23.23,-0.06,133,309179,卖盘
11:01:13,23.28,0.05,5,11640,买盘
11:01:16,23.23,-0.05,1,2323,卖盘
11:01:19,23.23,0.0,4,9290,买盘
11:01:22,23.22,-0.01,23,53410,卖盘
11:01:25,23.26,0.04,61,141670,买盘
11:01:28,23.26,0.0,2,4652,卖盘
11:01:31,23.24,-0.02,7,16280,卖盘
11:01:34,23.26,0.02,10,23251,买盘
11:01:37,23.24,-0.02,2,4648,卖盘
11:01:43,23.25,0.01,11,25565,买盘
11:01:52,23.25,0.0,2,4649,买盘
11:01:55,23.25,0.0,1,2325,卖盘
11:01:58,23.25,0.0,24,55800,卖盘
11:02:01,23.25,0.0,15,34875,卖盘
11:02:04,23.26,0.01,30,69756,买盘
11:02:07,23.26,0.0,3,6978,买盘
11:02:10,23.24,-0.02,3,6972,卖盘
11:02:13,23.26,0.02,200,465182,买盘
11:02:16,23.26,0.0,1,2326,买盘
11:02:25,23.25,-0.01,1,2325,卖盘
11:02:28,23.26,0.01,7,16282,买盘
11:02:40,23.27,0.01,1,2327,卖盘
11:02:43,23.28,0.01,4,9310,买盘
11:02:46,23.31,0.03,1,2331,买盘
11:02:52,23.26,-0.05,21,48852,卖盘
11:02:58,23.31,0.05,32,74540,买盘
11:03:07,23.31,0.0,57,132867,买盘
11:03:10,23.31,0.0,6,13986,买盘
11:03:13,23.31,0.0,41,95571,买盘
11:03:19,23.35,0.04,1,2335,买盘
11:03:28,23.34,-0.01,82,191388,买盘
11:03:31,23.33,-0.01,1,2333,买盘
11:03:34,23.31,-0.02,11,25641,卖盘
11:03:37,23.33,0.02,28,65299,买盘
11:03:43,23.34,0.01,16,37333,买盘
11:03:49,23.34,0.0,2,4668,买盘
11:03:52,23.34,0.0,14,32667,买盘
11:03:55,23.34,0.0,4,9336,卖盘
11:04:01,23.35,0.01,15,35011,买盘
11:04:04,23.26,-0.09,105,244708,卖盘
11:04:07,23.28,0.02,22,51208,买盘
11:04:13,23.27,-0.01,1,2327,卖盘
11:04:16,23.27,0.0,2,4654,买盘
11:04:19,23.27,0.0,10,23270,买盘
11:04:40,23.28,0.01,15,34920,买盘
11:04:43,23.27,-0.01,17,39559,卖盘
11:04:49,23.27,0.0,24,55848,卖盘
11:04:52,23.26,-0.01,62,144249,卖盘
11:04:55,23.26,0.0,32,74437,卖盘
11:04:58,23.25,-0.01,46,106981,卖盘
11:05:01,23.25,0.0,7,16275,卖盘
11:05:07,23.25,0.0,2,4650,卖盘
11:05:10,23.24,-0.01,4,9296,卖盘
11:05:13,23.24,0.0,9,20920,卖盘
11:05:16,23.26,0.02,6,13951,买盘
11:05:19,23.24,-0.02,23,53465,卖盘
11:05:25,23.25,0.01,9,20925,买盘
11:05:28,23.25,0.0,1,2325,卖盘
11:05:34,23.25,0.0,21,48825,卖盘
11:05:37,23.25,0.0,1,2325,卖盘
11:05:40,23.24,-0.01,10,23240,卖盘
11:05:43,23.25,0.01,10,23245,买盘
11:05:46,23.24,-0.01,8,18597,卖盘
11:05:49,23.25,0.01,12,27900,买盘
11:05:52,23.26,0.01,22,51172,买盘
11:05:55,23.26,0.0,5,11630,买盘
11:05:58,23.25,-0.01,8,18600,卖盘
11:06:01,23.24,-0.01,16,37194,卖盘
11:06:04,23.25,0.01,3,6975,卖盘
11:06:10,23.24,-0.01,25,58100,卖盘
11:06:13,23.25,0.01,10,23250,买盘
11:06:16,23.25,0.0,17,39525,买盘
11:06:19,23.24,-0.01,1,2324,卖盘
11:06:22,23.24,0.0,4,9297,卖盘
11:06:25,23.24,0.0,22,51128,卖盘
11:06:34,23.24,0.0,80,185925,卖盘
11:06:37,23.25,0.01,1,2325,买盘
11:06:40,23.23,-0.02,1,2323,卖盘
11:06:43,23.25,0.02,1,2325,买盘
11:06:49,23.24,-0.01,5,11620,卖盘
11:06:52,23.24,0.0,27,62754,卖盘
11:06:55,23.25,0.01,5,11625,买盘
11:06:58,23.24,-0.01,2,4648,卖盘
11:07:01,23.23,-0.01,90,209073,卖盘
11:07:04,23.22,-0.01,34,78973,卖盘
11:07:13,23.22,0.0,2,4644,卖盘
11:07:16,23.22,0.0,24,55728,卖盘
11:07:19,23.22,0.0,4,9288,卖盘
11:07:28,23.23,0.01,3,6969,买盘
11:07:31,23.22,-0.01,1,2322,卖盘
11:07:34,23.22,0.0,9,20898,卖盘
11:07:40,23.22,0.0,1,2322,卖盘
11:07:43,23.22,0.0,46,106812,卖盘
11:07:52,23.22,0.0,11,25542,买盘
11:07:55,23.22,0.0,16,37152,买盘
11:08:04,23.22,0.0,3,6966,卖盘
11:08:07,23.22,0.0,1,2322,卖盘
11:08:10,23.22,0.0,5,11610,卖盘
11:08:13,23.22,0.0,9,20897,买盘
11:08:22,23.22,0.0,1,2322,买盘
11:08:28,23.22,0.0,29,67339,买盘
11:08:34,23.22,0.0,5,11610,卖盘
11:08:43,23.24,0.02,1,2324,买盘
11:08:46,23.23,-0.01,4,9292,卖盘
11:08:49,23.23,0.0,14,32522,买盘
11:08:52,23.23,0.0,16,37168,买盘
11:08:55,23.22,-0.01,82,190404,卖盘
11:09:04,23.22,0.0,3,6966,买盘
11:09:07,23.2,-0.02,74,171751,卖盘
11:09:10,23.22,0.02,26,60371,买盘
11:09:13,23.22,0.0,3,6965,买盘
11:09:16,23.21,-0.01,14,32504,卖盘
11:09:25,23.23,0.02,412,957076,买盘
11:09:28,23.24,0.01,8,18592,买盘
11:09:31,23.24,0.0,13,30202,买盘
11:09:34,23.23,-0.01,19,44138,卖盘
11:09:43,23.25,0.02,13,30225,买盘
11:09:52,23.25,0.0,3,6975,卖盘
11:09:55,23.25,0.0,2,4650,买盘
11:09:58,23.26,0.01,23,53495,买盘
11:10:01,23.26,0.0,4,9304,买盘
11:10:04,23.26,0.0,19,44194,买盘
11:10:07,23.24,-0.02,32,74402,卖盘
11:10:13,23.3,0.06,12,27927,买盘
11:10:16,23.27,-0.03,1,2327,中性盘
11:10:19,23.22,-0.05,267,620505,卖盘
11:10:22,23.24,0.02,35,81337,买盘
11:10:31,23.22,-0.02,43,99932,卖盘
11:10:34,23.22,0.0,4,9288,买盘
11:10:37,23.29,0.07,21,48811,买盘
11:10:40,23.21,-0.08,1,2321,卖盘
11:10:46,23.27,0.06,20,46529,买盘
11:10:49,23.22,-0.05,2,4644,卖盘
11:10:58,23.26,0.04,17,39590,卖盘
11:11:10,23.27,0.01,1,2327,卖盘
11:11:13,23.28,0.01,19,44232,买盘
11:11:16,23.27,-0.01,1,2327,买盘
11:11:25,23.24,-0.03,1,2324,卖盘
11:11:31,23.24,0.0,2,4648,买盘
11:11:34,23.28,0.04,30,69744,买盘
11:11:37,23.24,-0.04,5,11620,卖盘
11:11:46,23.24,0.0,20,46487,卖盘
11:11:49,23.24,0.0,4,9296,买盘
11:11:52,23.23,-0.01,6,13938,卖盘
11:11:55,23.24,0.01,18,41815,买盘
11:12:04,23.23,-0.01,7,16261,卖盘
11:12:10,23.23,0.0,1,2323,买盘
11:12:16,23.23,0.0,7,16261,买盘
11:12:19,23.23,0.0,1,2323,买盘
11:12:22,23.24,0.01,10,23234,买盘
11:12:25,23.23,-0.01,1,2323,卖盘
11:12:28,23.22,-0.01,9,20898,卖盘
11:12:31,23.24,0.02,2,4648,买盘
11:12:37,23.23,-0.01,4,9292,买盘
11:12:40,23.23,0.0,10,23230,买盘
11:12:49,23.23,0.0,4,9293,卖盘
11:12:52,23.24,0.01,26,60424,买盘
11:13:07,23.25,0.01,8,18600,中性盘
11:13:10,23.24,-0.01,40,92960,卖盘
11:13:13,23.25,0.01,10,23250,买盘
11:13:16,23.25,0.0,5,11625,买盘
11:13:22,23.25,0.0,25,58103,买盘
11:13:25,23.25,0.0,4,9300,买盘
11:13:28,23.24,-0.01,4,9296,卖盘
11:13:31,23.25,0.01,2,4650,买盘
11:13:34,23.24,-0.01,1,2324,卖盘
11:13:40,23.24,0.0,24,55776,卖盘
11:13:46,23.24,0.0,1,2324,卖盘
11:13:49,23.25,0.01,6,13950,买盘
11:13:55,23.24,-0.01,1,2324,卖盘
11:14:04,23.25,0.01,9,20925,买盘
11:14:13,23.24,-0.01,6,13944,卖盘
11:14:16,23.24,0.0,232,539168,卖盘
11:14:19,23.23,-0.01,17,39481,卖盘
11:14:22,23.23,0.0,6,13938,买盘
11:14:25,23.21,-0.02,87,201997,卖盘
11:14:43,23.21,0.0,15,34815,卖盘
11:14:46,23.21,0.0,14,32494,卖盘
11:14:49,23.23,0.02,81,188005,买盘
11:14:52,23.23,0.0,4,9292,卖盘
11:14:55,23.23,0.0,1,2323,卖盘
11:15:04,23.23,0.0,6,13938,买盘
11:15:07,23.23,0.0,3,6969,卖盘
11:15:10,23.23,0.0,1,2323,卖盘
11:15:13,23.23,0.0,1,2323,买盘
11:15:16,23.23,0.0,6,13938,买盘
11:15:19,23.23,0.0,2,4646,买盘
11:15:25,23.23,0.0,12,27876,买盘
11:15:28,23.23,0.0,50,116150,买盘
11:15:34,23.23,0.0,10,23230,买盘
11:15:40,23.23,0.0,1,2323,卖盘
11:15:46,23.23,0.0,10,23230,卖盘
11:15:52,23.23,0.0,3,6969,卖盘
11:15:55,23.24,0.01,5,11620,买盘
11:15:58,23.25,0.01,32,74375,买盘
11:16:04,23.23,-0.02,40,92936,卖盘
11:16:07,23.23,0.0,1,2323,买盘
11:16:10,23.22,-0.01,47,109164,卖盘
11:16:13,23.23,0.01,51,118473,买盘
11:16:19,23.22,-0.01,1,2322,卖盘
11:16:34,23.23,0.01,53,123119,买盘
11:16:46,23.24,0.01,7,16268,买盘
11:16:55,23.21,-0.03,232,538831,卖盘
11:16:58,23.21,0.0,95,220496,卖盘
11:17:01,23.21,0.0,31,71951,卖盘
11:17:04,23.22,0.01,169,392168,买盘
11:17:07,23.21,-0.01,1,2321,中性盘
11:17:10,23.21,0.0,6,13926,买盘
11:17:13,23.22,0.01,626,1453540,买盘
11:17:28,23.22,0.0,12,27864,卖盘
11:17:34,23.22,0.0,5,11610,卖盘
11:17:37,23.24,0.02,7,16268,买盘
11:17:46,23.25,0.01,17,39511,买盘
11:17:49,23.25,0.0,2,4650,买盘
11:17:52,23.25,0.0,22,51150,买盘
11:17:58,23.25,0.0,8,18588,买盘
11:18:01,23.25,0.0,5,11625,买盘
11:18:04,23.23,-0.02,23,53443,卖盘
11:18:07,23.26,0.03,4,9297,买盘
11:18:10,23.26,0.0,20,46520,卖盘
11:18:13,23.27,0.01,9,20939,买盘
11:18:16,23.25,-0.02,40,93037,卖盘
11:18:19,23.27,0.02,33,76734,买盘
11:18:31,23.3,0.03,22,51257,买盘
11:18:37,23.29,-0.01,2,4658,中性盘
11:18:40,23.29,0.0,7,16303,买盘
11:18:43,23.27,-0.02,3,6981,卖盘
11:18:46,23.27,0.0,4,9308,卖盘
11:18:52,23.29,0.02,1,2329,买盘
11:18:55,23.29,0.0,6,13974,买盘
11:18:58,23.29,0.0,13,30277,买盘
11:19:10,23.3,0.01,28,65240,买盘
11:19:19,23.3,0.0,18,41937,买盘
11:19:22,23.3,0.0,3,6990,买盘
11:19:25,23.3,0.0,15,34950,买盘
11:19:34,23.31,0.01,1,2331,买盘
11:19:37,23.3,-0.01,44,102521,卖盘
11:19:40,23.31,0.01,2,4662,卖盘
11:19:43,23.31,0.0,11,25641,卖盘
11:19:46,23.31,0.0,30,69909,买盘
11:19:52,23.31,0.0,6,13986,买盘
11:19:55,23.33,0.02,10,23318,买盘
11:19:58,23.34,0.01,1,2334,买盘
11:20:01,23.35,0.01,7,16342,买盘
11:20:04,23.34,-0.01,37,86367,卖盘
11:20:07,23.35,0.01,2,4670,买盘
11:20:10,23.35,0.0,34,79364,买盘
11:20:13,23.33,-0.02,13,30345,卖盘
11:20:16,23.34,0.01,53,123654,中性盘
11:20:19,23.31,-0.03,19,44335,中性盘
11:20:22,23.31,0.0,10,23310,买盘
11:20:25,23.31,0.0,1,2331,买盘
11:20:28,23.31,0.0,19,44281,买盘
11:20:34,23.31,0.0,4,9324,买盘
11:20:37,23.31,0.0,17,39627,买盘
11:20:40,23.31,0.0,8,18648,卖盘
11:20:49,23.33,0.02,3,6999,买盘
11:20:52,23.33,0.0,1,2333,买盘
11:20:58,23.31,-0.02,3,6993,卖盘
11:21:01,23.32,0.01,17,39644,买盘
11:21:10,23.34,0.02,17,39678,买盘
11:21:13,23.34,0.0,5,11670,买盘
11:21:16,23.35,0.01,3,7004,买盘
11:21:25,23.34,-0.01,21,49010,卖盘
11:21:31,23.34,0.0,9,21004,买盘
11:21:34,23.33,-0.01,7,16335,卖盘
11:21:37,23.34,0.01,22,51344,买盘
11:21:40,23.35,0.01,30,70048,买盘
11:21:43,23.34,-0.01,63,147042,卖盘
11:21:46,23.33,-0.01,32,74673,卖盘
11:21:49,23.33,0.0,2,4666,买盘
11:21:52,23.33,0.0,38,88658,卖盘
11:21:55,23.33,0.0,3,6999,卖盘
11:21:58,23.33,0.0,4,9335,卖盘
11:22:01,23.33,0.0,30,69996,卖盘
11:22:04,23.33,0.0,15,35004,卖盘
11:22:07,23.33,0.0,7,16331,卖盘
11:22:10,23.33,0.0,1,2333,卖盘
11:22:13,23.33,0.0,16,37319,卖盘
11:22:16,23.34,0.01,84,196039,买盘
11:22:19,23.33,-0.01,1,2333,买盘
11:22:22,23.31,-0.02,75,174869,卖盘
11:22:25,23.3,-0.01,42,97872,卖盘
11:22:31,23.31,0.01,2,4662,买盘
11:22:37,23.3,-0.01,42,97860,卖盘
11:22:40,23.28,-0.02,22,51236,卖盘
11:22:46,23.28,0.0,1,2328,卖盘
11:22:52,23.29,0.01,6,13974,买盘
11:22:55,23.28,-0.01,22,51216,卖盘
11:22:58,23.28,0.0,2,4656,卖盘
11:23:01,23.28,0.0,8,18624,卖盘
11:23:04,23.27,-0.01,42,97755,卖盘
11:23:07,23.27,0.0,6,13962,卖盘
11:23:16,23.27,0.0,22,51194,卖盘
11:23:22,23.27,0.0,8,18616,卖盘
11:23:25,23.26,-0.01,26,60489,卖盘
11:23:28,23.26,0.0,2,4652,卖盘
11:23:34,23.27,0.01,22,51173,买盘
11:23:37,23.26,-0.01,21,48846,卖盘
11:23:40,23.26,0.0,2,4652,卖盘
11:23:43,23.26,0.0,5,11630,买盘
11:23:46,23.25,-0.01,10,23253,卖盘
11:23:52,23.25,0.0,4,9303,卖盘
11:24:01,23.25,0.0,8,18601,卖盘
11:24:04,23.25,0.0,3,6975,卖盘
11:24:07,23.23,-0.02,88,204506,卖盘
11:24:10,23.23,0.0,4,9292,买盘
11:24:16,23.23,0.0,28,65044,买盘
11:24:19,23.22,-0.01,137,318186,卖盘
11:24:22,23.21,-0.01,39,90521,卖盘
11:24:25,23.2,-0.01,4,9280,卖盘
11:24:28,23.2,0.0,1,2320,卖盘
11:24:34,23.21,0.01,11,25521,买盘
11:24:37,23.21,0.0,7,16248,买盘
11:24:40,23.19,-0.02,195,452454,卖盘
11:24:43,23.2,0.01,52,120631,买盘
11:24:46,23.19,-0.01,23,53340,卖盘
11:24:49,23.2,0.01,2,4640,买盘
11:24:55,23.19,-0.01,2,4638,卖盘
11:24:58,23.18,-0.01,60,139129,卖盘
11:25:01,23.18,0.0,54,125177,卖盘
11:25:04,23.18,0.0,120,277913,卖盘
11:25:10,23.15,-0.03,15,34725,卖盘
11:25:16,23.18,0.03,2,4633,中性盘
11:25:19,23.15,-0.03,20,46300,卖盘
11:25:22,23.15,0.0,2,4630,卖盘
11:25:25,23.15,0.0,40,92629,卖盘
11:25:28,23.15,0.0,22,50931,卖盘
11:25:31,23.15,0.0,17,39355,卖盘
11:25:37,23.15,0.0,8,18520,卖盘
11:25:40,23.16,0.01,3,6948,买盘
11:25:43,23.16,0.0,3,6948,买盘
11:25:49,23.16,0.0,1,2316,买盘
11:25:52,23.15,-0.01,29,67162,卖盘
11:25:55,23.16,0.01,10,23159,买盘
11:25:58,23.16,0.0,2,4632,中性盘
11:26:04,23.16,0.0,1,2316,卖盘
11:26:07,23.16,0.0,2,4633,卖盘
11:26:10,23.16,0.0,4,9264,买盘
11:26:13,23.16,0.0,4,9264,买盘
11:26:16,23.16,0.0,20,46320,买盘
11:26:19,23.18,0.02,2,4636,买盘
11:26:22,23.18,0.0,2,4636,买盘
11:26:28,23.18,0.0,9,20862,买盘
11:26:31,23.16,-0.02,27,62532,卖盘
11:26:37,23.16,0.0,10,23160,买盘
11:26:40,23.15,-0.01,10,23150,卖盘
11:26:43,23.15,0.0,3,6945,卖盘
11:26:46,23.14,-0.01,32,74079,卖盘
11:26:49,23.15,0.01,6,13890,买盘
11:26:55,23.13,-0.02,79,182799,卖盘
11:26:58,23.13,0.0,53,122589,卖盘
11:27:04,23.13,0.0,10,23130,卖盘
11:27:10,23.14,0.01,16,37018,买盘
11:27:13,23.13,-0.01,4,9252,卖盘
11:27:16,23.13,0.0,38,87895,卖盘
11:27:19,23.14,0.01,71,164294,买盘
11:27:22,23.13,-0.01,24,55515,卖盘
11:27:25,23.13,0.0,14,32383,卖盘
11:27:28,23.13,0.0,10,23130,买盘
11:27:31,23.13,0.0,2,4626,买盘
11:27:34,23.13,0.0,2,4626,卖盘
11:27:37,23.13,0.0,4,9252,卖盘
11:27:49,23.14,0.01,3,6942,买盘
11:27:52,23.12,-0.02,79,182679,卖盘
11:27:55,23.11,-0.01,24,55469,卖盘
11:27:58,23.11,0.0,5,11555,卖盘
11:28:01,23.12,0.01,9,20801,买盘
11:28:04,23.1,-0.02,168,388082,卖盘
11:28:10,23.11,0.01,5,11551,买盘
11:28:13,23.1,-0.01,30,69300,卖盘
11:28:16,23.11,0.01,54,124790,买盘
11:28:19,23.1,-0.01,46,106260,卖盘
11:28:22,23.1,0.0,5,11550,买盘
11:28:25,23.1,0.0,10,23100,买盘
11:28:31,23.1,0.0,3,6930,卖盘
11:28:37,23.11,0.01,1,2311,买盘
11:28:40,23.11,0.0,2,4622,买盘
11:28:46,23.1,-0.01,51,117810,卖盘
11:28:49,23.1,0.0,8,18480,买盘
11:28:52,23.1,0.0,5,11550,买盘
11:29:01,23.11,0.01,6,13866,买盘
11:29:04,23.11,0.0,2,4622,买盘
11:29:07,23.1,-0.01,3,6930,卖盘
11:29:10,23.1,0.0,9,20790,卖盘
11:29:13,23.1,0.0,21,48530,卖盘
11:29:16,23.11,0.01,11,25421,买盘
11:29:31,23.12,0.01,3,6936,买盘
11:29:37,23.12,0.0,24,55488,买盘
11:29:40,23.12,0.0,13,30056,买盘
11:29:43,23.12,0.0,34,78597,买盘
11:29:46,23.12,0.0,3,6936,买盘
11:29:55,23.12,0.0,22,50864,买盘
11:29:58,23.12,0.0,2,4624,买盘
11:30:01,23.12,0.0,4,9248,买盘
13:00:01,23.12,0.0,61,140980,买盘
13:00:04,23.13,0.01,267,618109,买盘
13:00:07,23.14,0.01,44,101758,买盘
13:00:10,23.17,0.03,152,352298,中性盘
13:00:13,23.14,-0.03,4,9258,卖盘
13:00:22,23.15,0.01,6,13890,卖盘
13:00:25,23.13,-0.02,124,286822,卖盘
13:00:28,23.16,0.03,71,164267,买盘
13:00:31,23.16,0.0,18,41688,卖盘
13:00:37,23.12,-0.04,20,46253,卖盘
13:00:40,23.13,0.01,6,13878,买盘
13:00:43,23.15,0.02,2,4630,买盘
13:00:46,23.13,-0.02,48,111022,卖盘
13:00:49,23.16,0.03,21,48612,买盘
13:00:52,23.16,0.0,17,39372,卖盘
13:00:55,23.15,-0.01,6,13895,卖盘
13:00:58,23.16,0.01,9,20847,买盘
13:01:01,23.17,0.01,10,23170,买盘
13:01:04,23.13,-0.04,26,60156,卖盘
13:01:07,23.12,-0.01,65,150334,卖盘
13:01:10,23.14,0.02,25,57815,买盘
13:01:13,23.15,0.01,4,9260,买盘
13:01:16,23.16,0.01,4,9262,买盘
13:01:19,23.12,-0.04,86,198862,卖盘
13:01:22,23.12,0.0,21,48588,卖盘
13:01:25,23.14,0.02,2,4628,买盘
13:01:31,23.14,0.0,17,39330,买盘
13:01:34,23.13,-0.01,29,67098,卖盘
13:01:37,23.13,0.0,16,37012,卖盘
13:01:40,23.14,0.01,3,6942,中性盘
13:01:46,23.13,-0.01,28,64771,卖盘
13:01:49,23.15,0.02,39,90261,买盘
13:01:52,23.15,0.0,11,25465,卖盘
13:01:58,23.12,-0.03,19,43928,卖盘
13:02:01,23.12,0.0,3,6938,卖盘
13:02:04,23.16,0.04,37,85675,买盘
13:02:07,23.15,-0.01,6,13885,中性盘
13:02:10,23.15,0.0,5,11575,卖盘
13:02:13,23.15,0.0,2,4630,卖盘
13:02:16,23.14,-0.01,12,27768,卖盘
13:02:22,23.13,-0.01,5,11566,卖盘
13:02:25,23.12,-0.01,8,18497,卖盘
13:02:28,23.13,0.01,63,145669,买盘
13:02:31,23.13,0.0,4,9252,买盘
13:02:34,23.12,-0.01,19,43928,卖盘
13:02:37,23.12,0.0,4,9251,卖盘
13:02:40,23.12,0.0,2,4625,卖盘
13:02:43,23.12,0.0,15,34680,卖盘
13:02:46,23.12,0.0,8,18496,卖盘
13:02:49,23.13,0.01,1,2313,买盘
13:02:52,23.12,-0.01,47,108664,卖盘
13:02:55,23.11,-0.01,51,117861,卖盘
13:02:58,23.12,0.01,12,27744,买盘
13:03:01,23.11,-0.01,39,90154,卖盘
13:03:07,23.1,-0.01,1,2310,卖盘
13:03:10,23.1,0.0,1,2310,卖盘
13:03:13,23.1,0.0,34,78543,卖盘
13:03:19,23.1,0.0,5,11550,卖盘
13:03:34,23.1,0.0,28,64682,卖盘
13:03:43,23.12,0.02,36,83177,买盘
13:03:58,23.11,-0.01,3,6933,卖盘
13:04:01,23.11,0.0,35,80885,卖盘
13:04:04,23.1,-0.01,37,85471,卖盘
13:04:07,23.1,0.0,1,2310,卖盘
13:04:10,23.09,-0.01,17,39253,卖盘
13:04:13,23.11,0.02,27,62386,买盘
13:04:16,23.1,-0.01,2,4620,卖盘
13:04:22,23.1,0.0,56,129360,卖盘
13:04:25,23.1,0.0,7,16170,买盘
13:04:28,23.08,-0.02,26,60009,卖盘
13:04:31,23.08,0.0,20,46160,卖盘
13:04:34,23.07,-0.01,10,23075,卖盘
13:04:37,23.07,0.0,6,13842,卖盘
13:04:40,23.08,0.01,5,11540,买盘
13:04:43,23.07,-0.01,16,36918,卖盘
13:04:46,23.07,0.0,23,53061,卖盘
13:04:49,23.06,-0.01,61,140666,卖盘
13:04:52,23.01,-0.05,241,555384,卖盘
13:04:55,23.01,0.0,17,39117,卖盘
13:04:58,23.01,0.0,8,18408,卖盘
13:05:01,23.01,0.0,25,57525,卖盘
13:05:04,23.01,0.0,47,108147,卖盘
13:05:07,23.01,0.0,44,101256,卖盘
13:05:10,23.02,0.01,24,55226,买盘
13:05:13,23.01,-0.01,18,41419,卖盘
13:05:16,23.01,0.0,5,11505,卖盘
13:05:22,23.03,0.02,8,18418,买盘
13:05:25,23.0,-0.03,97,223619,卖盘
13:05:28,23.01,0.01,18,41405,买盘
13:05:31,23.0,-0.01,776,1784807,卖盘
13:05:34,22.99,-0.01,308,708405,卖盘
13:05:37,22.97,-0.02,110,252730,卖盘
13:05:40,22.97,0.0,39,89594,卖盘
13:05:43,22.97,0.0,26,59722,卖盘
13:05:46,22.97,0.0,2,4594,卖盘
13:05:49,22.96,-0.01,2,4592,卖盘
13:05:52,22.96,0.0,58,133215,卖盘
13:05:55,22.94,-0.02,5,11471,卖盘
13:05:58,22.93,-0.01,24,55048,卖盘
13:06:01,22.92,-0.01,4,9171,卖盘
13:06:04,22.92,0.0,7,16045,卖盘
13:06:10,22.91,-0.01,15,34354,中性盘
13:06:13,22.9,-0.01,14,32061,卖盘
13:06:16,22.9,0.0,47,107179,卖盘
13:06:19,22.9,0.0,25,57255,卖盘
13:06:22,22.9,0.0,45,103072,卖盘
13:06:25,22.9,0.0,3,6870,卖盘
13:06:28,22.9,0.0,30,69136,卖盘
13:06:31,22.88,-0.02,25,57204,卖盘
13:06:34,22.9,0.02,24,54940,买盘
13:06:37,22.89,-0.01,31,70929,中性盘
13:06:40,22.86,-0.03,21,48029,卖盘
13:06:43,22.88,0.02,46,105248,买盘
13:06:49,22.88,0.0,3,6864,买盘
13:06:52,22.87,-0.01,57,130366,卖盘
13:06:55,22.87,0.0,2,4574,买盘
13:06:58,22.87,0.0,16,36592,买盘
13:07:01,22.87,0.0,2,4574,买盘
13:07:04,22.85,-0.02,109,249123,卖盘
13:07:07,22.84,-0.01,6,13708,卖盘
13:07:10,22.83,-0.01,21,47943,卖盘
13:07:13,22.85,0.02,14,31984,买盘
13:07:16,22.87,0.02,45,102848,买盘
13:07:19,22.87,0.0,5,11435,买盘
13:07:22,22.86,-0.01,22,50262,卖盘
13:07:25,22.86,0.0,2,4572,买盘
13:07:28,22.86,0.0,126,287402,买盘
13:07:31,22.86,0.0,110,251261,买盘
13:07:34,22.86,0.0,6,13716,买盘
13:07:37,22.86,0.0,12,27432,买盘
13:07:40,22.86,0.0,11,25102,买盘
13:07:43,22.83,-0.03,1,2283,卖盘
13:07:46,22.81,-0.02,23,52463,买盘
13:07:49,22.8,-0.01,19,43336,卖盘
13:07:52,22.81,0.01,3,6841,买盘
13:07:55,22.81,0.0,10,22810,卖盘
13:07:58,22.8,-0.01,56,127694,卖盘
13:08:01,22.8,0.0,2,4560,买盘
13:08:04,22.81,0.01,63,143709,买盘
13:08:07,22.81,0.0,6,13683,买盘
13:08:10,22.8,-0.01,67,152761,卖盘
13:08:13,22.81,0.01,22,50182,买盘
13:08:16,22.81,0.0,23,52446,中性盘
13:08:19,22.81,0.0,2,4562,卖盘
13:08:25,22.86,0.05,3,6858,买盘
13:08:31,22.86,0.0,20,45684,买盘
13:08:34,22.86,0.0,4,9144,买盘
13:08:37,22.86,0.0,7,15995,买盘
13:08:40,22.86,0.0,24,54864,买盘
13:08:43,22.86,0.0,13,29718,买盘
13:08:46,22.86,0.0,16,36576,买盘
13:08:52,22.88,0.02,68,155517,买盘
13:08:55,22.88,0.0,25,57195,买盘
13:08:58,22.88,0.0,16,36608,买盘
13:09:01,22.87,-0.01,10,22876,卖盘
13:09:04,22.88,0.01,3,6864,买盘
13:09:07,22.9,0.02,2,4580,买盘
13:09:13,22.92,0.02,50,114596,买盘
13:09:19,22.95,0.03,9,20643,买盘
13:09:28,23.0,0.05,18,41398,买盘
13:09:31,23.01,0.01,22,50605,买盘
13:09:34,23.03,0.02,4,9212,买盘
13:09:43,23.04,0.01,17,39155,中性盘
13:09:46,23.01,-0.03,270,621351,卖盘
13:09:49,23.01,0.0,71,163277,买盘
13:09:52,22.99,-0.02,43,98696,中性盘
13:09:55,22.93,-0.06,28,64254,卖盘
13:09:58,22.92,-0.01,163,374020,卖盘
13:10:01,22.9,-0.02,3,6870,卖盘
13:10:04,22.93,0.03,10,22924,买盘
13:10:10,22.93,0.0,11,25223,买盘
13:10:13,22.93,0.0,15,34395,买盘
13:10:16,22.93,0.0,85,195079,卖盘
13:10:19,22.92,-0.01,36,82531,卖盘
13:10:25,22.98,0.06,12,27571,买盘
13:10:31,22.98,0.0,4,9192,卖盘
13:10:34,22.98,0.0,1,2298,卖盘
13:10:37,22.98,0.0,27,62032,买盘
13:10:40,22.98,0.0,2,4596,买盘
13:10:43,22.99,0.01,10,22981,买盘
13:10:46,22.98,-0.01,13,29867,卖盘
13:10:49,22.99,0.01,1,2299,买盘
13:10:52,22.98,-0.01,11,25278,卖盘
13:10:55,22.98,0.0,7,16086,中性盘
13:11:01,22.97,-0.01,40,91915,卖盘
13:11:04,22.94,-0.03,40,91825,卖盘
13:11:07,22.94,0.0,5,11470,卖盘
13:11:10,22.93,-0.01,79,181224,卖盘
13:11:13,22.94,0.01,26,59614,买盘
13:11:16,22.93,-0.01,15,34403,中性盘
13:11:19,22.94,0.01,34,77962,买盘
13:11:25,22.95,0.01,7,16060,中性盘
13:11:28,22.95,0.0,12,27540,卖盘
13:11:31,22.97,0.02,10,22970,买盘
13:11:34,22.95,-0.02,8,18360,卖盘
13:11:37,22.95,0.0,3,6885,卖盘
13:11:40,22.95,0.0,3,6885,卖盘
13:11:43,22.96,0.01,9,20664,买盘
13:11:49,22.97,0.01,3,6891,买盘
13:11:52,22.97,0.0,23,52829,买盘
13:11:55,22.96,-0.01,11,25265,卖盘
13:11:58,22.96,0.0,12,27552,卖盘
13:12:01,22.95,-0.01,25,57376,卖盘
13:12:04,22.94,-0.01,81,185814,卖盘
13:12:07,22.94,0.0,117,268398,卖盘
13:12:10,22.94,0.0,112,256933,卖盘
13:12:13,22.94,0.0,3,6883,卖盘
13:12:19,22.94,0.0,14,32122,卖盘
13:12:22,22.95,0.01,16,36713,买盘
13:12:25,22.94,-0.01,4,9176,卖盘
13:12:28,22.94,0.0,10,22940,卖盘
13:12:31,22.93,-0.01,7,16055,卖盘
13:12:34,22.95,0.02,115,263882,买盘
13:12:40,22.95,0.0,12,27540,卖盘
13:12:43,22.95,0.0,5,11475,卖盘
13:12:46,22.9,-0.05,243,557057,卖盘
13:12:49,22.88,-0.02,64,146421,卖盘
13:12:58,22.85,-0.03,45,102839,卖盘
13:13:04,22.85,0.0,7,16001,卖盘
13:13:10,22.86,0.01,2,4572,买盘
13:13:13,22.88,0.02,6,13722,买盘
13:13:19,22.88,0.0,24,54912,买盘
13:13:22,22.85,-0.03,24,54852,卖盘
13:13:28,22.87,0.02,2,4574,买盘
13:13:31,22.87,0.0,1,2287,买盘
13:13:37,22.85,-0.02,38,86832,卖盘
13:13:40,22.86,0.01,11,25146,中性盘
13:13:43,22.85,-0.01,2,4570,卖盘
13:13:46,22.85,0.0,15,34275,卖盘
13:13:49,22.83,-0.02,92,210204,卖盘
13:13:52,22.82,-0.01,42,95847,卖盘
13:13:55,22.81,-0.01,9,20529,卖盘
13:14:04,22.81,0.0,44,100364,卖盘
13:14:07,22.81,0.0,27,61587,卖盘
13:14:10,22.81,0.0,8,18248,卖盘
13:14:13,22.81,0.0,30,68430,卖盘
13:14:22,22.82,0.01,5,11410,卖盘
13:14:25,22.81,-0.01,8,18252,卖盘
13:14:28,22.82,0.01,6,13692,买盘
13:14:31,22.82,0.0,1,2282,买盘
13:14:37,22.82,0.0,2,4564,买盘
13:14:40,22.82,0.0,2,4564,买盘
13:14:43,22.82,0.0,36,82123,买盘
13:14:46,22.82,0.0,25,57032,买盘
13:14:49,22.82,0.0,21,47907,买盘
13:14:52,22.81,-0.01,5,11407,买盘
13:14:55,22.8,-0.01,100,228000,卖盘
13:14:58,22.8,0.0,41,93497,卖盘
13:15:01,22.8,0.0,45,102600,卖盘
13:15:04,22.8,0.0,154,351124,卖盘
13:15:07,22.82,0.02,5,11407,买盘
13:15:10,22.8,-0.02,13,29640,卖盘
13:15:13,22.8,0.0,3,6840,卖盘
13:15:16,22.8,0.0,13,29640,卖盘
13:15:19,22.8,0.0,29,66120,卖盘
13:15:22,22.82,0.02,118,269244,买盘
13:15:25,22.82,0.0,23,52480,买盘
13:15:28,22.8,-0.02,25,57003,卖盘
13:15:31,22.8,0.0,30,68400,卖盘
13:15:34,22.81,0.01,34,77579,中性盘
13:15:37,22.81,0.0,1,2281,卖盘
13:15:40,22.81,0.0,47,107200,中性盘
13:15:43,22.82,0.01,10,22820,买盘
13:15:46,22.82,0.0,14,31948,买盘
13:15:49,22.82,0.0,3,6846,卖盘
13:15:55,22.83,0.01,13,29679,买盘
13:15:58,22.83,0.0,23,52504,买盘
13:16:01,22.85,0.02,1,2285,买盘
13:16:04,22.84,-0.01,6,13708,卖盘
13:16:07,22.85,0.01,1,2285,买盘
13:16:10,22.84,-0.01,17,38838,卖盘
13:16:13,22.85,0.01,4,9140,买盘
13:16:22,22.85,0.0,11,25144,卖盘
13:16:25,22.86,0.01,4,9144,买盘
13:16:28,22.86,0.0,8,18288,买盘
13:16:34,22.88,0.02,3,6864,买盘
13:16:40,22.88,0.0,1,2288,买盘
13:16:43,22.88,0.0,1,2288,买盘
13:16:46,22.88,0.0,30,68640,买盘
13:16:52,22.88,0.0,7,16016,卖盘
13:16:55,22.9,0.02,45,103006,买盘
13:16:58,22.9,0.0,22,50404,卖盘
13:17:01,22.9,0.0,60,137346,卖盘
13:17:04,22.9,0.0,2,4580,卖盘
13:17:07,22.91,0.01,52,119024,买盘
13:17:10,22.88,-0.03,4,9152,中性盘
13:17:13,22.88,0.0,6,13738,卖盘
13:17:16,22.91,0.03,5,11455,买盘
13:17:19,22.89,-0.02,1,2289,中性盘
13:17:22,22.86,-0.03,30,68584,卖盘
13:17:25,22.85,-0.01,5,11425,卖盘
13:17:28,22.85,0.0,32,73120,卖盘
13:17:37,22.85,0.0,15,34265,买盘
13:17:40,22.84,-0.01,5,11422,卖盘
13:17:43,22.84,0.0,3,6852,卖盘
13:17:46,22.83,-0.01,16,36537,卖盘
13:17:58,22.79,-0.04,383,873557,卖盘
13:18:01,22.78,-0.01,34,77452,卖盘
13:18:04,22.76,-0.02,43,97912,卖盘
13:18:07,22.76,0.0,35,79689,卖盘
13:18:10,22.76,0.0,21,47887,卖盘
13:18:19,22.76,0.0,9,20393,卖盘
13:18:25,22.75,-0.01,36,81907,卖盘
13:18:28,22.75,0.0,9,20475,卖盘
13:18:31,22.75,0.0,30,68250,卖盘
13:18:34,22.73,-0.02,18,40924,卖盘
13:18:37,22.73,0.0,8,18186,卖盘
13:18:40,22.72,-0.01,50,113605,卖盘
13:18:43,22.7,-0.02,14,31786,卖盘
13:18:52,22.7,0.0,86,195227,卖盘
13:18:58,22.69,-0.01,6,13611,卖盘
13:19:01,22.68,-0.01,14,31752,卖盘
13:19:04,22.69,0.01,15,34043,中性盘
13:19:07,22.69,0.0,8,18152,卖盘
13:19:10,22.68,-0.01,2,4536,卖盘
13:19:13,22.68,0.0,14,31752,卖盘
13:19:16,22.67,-0.01,108,244776,卖盘
13:19:19,22.68,0.01,19,43092,买盘
13:19:22,22.65,-0.03,87,197142,卖盘
13:19:25,22.73,0.08,506,1148411,买盘
13:19:28,22.76,0.03,38,86511,买盘
13:19:31,22.8,0.04,59,134486,买盘
13:19:34,22.8,0.0,191,435480,买盘
13:19:37,22.79,-0.01,12,27356,卖盘
13:19:43,22.85,0.06,35,79952,买盘
13:19:46,22.86,0.01,9,20568,买盘
13:19:49,22.86,0.0,1,2286,卖盘
13:19:52,22.87,0.01,10,22868,买盘
13:19:55,22.86,-0.01,10,22860,卖盘
13:19:58,22.86,0.0,4,9144,中性盘
13:20:04,22.84,-0.02,18,41112,中性盘
13:20:07,22.83,-0.01,4,9132,卖盘
13:20:10,22.83,0.0,12,27396,卖盘
13:20:16,22.79,-0.04,1,2279,卖盘
13:20:19,22.82,0.03,48,109461,买盘
13:20:22,22.82,0.0,2,4564,卖盘
13:20:25,22.83,0.01,17,38799,买盘
13:20:28,22.8,-0.03,9,20527,卖盘
13:20:31,22.83,0.03,45,102675,买盘
13:20:40,22.83,0.0,6,13698,卖盘
13:20:43,22.82,-0.01,2,4564,中性盘
13:20:46,22.83,0.01,4,9126,买盘
13:20:49,22.82,-0.01,16,36512,中性盘
13:20:52,22.82,0.0,1,2282,买盘
13:20:55,22.82,0.0,7,15978,买盘
13:21:01,22.8,-0.02,20,45600,卖盘
13:21:04,22.8,0.0,1,2280,卖盘
13:21:07,22.8,0.0,5,11400,买盘
13:21:13,22.79,-0.01,29,66102,卖盘
13:21:16,22.79,0.0,7,15953,卖盘
13:21:19,22.79,0.0,24,54698,卖盘
13:21:22,22.79,0.0,20,45580,买盘
13:21:34,22.78,-0.01,1,2278,买盘
13:21:37,22.77,-0.01,21,47817,卖盘
13:21:40,22.77,0.0,2,4554,买盘
13:21:46,22.74,-0.03,9,20480,卖盘
13:21:52,22.75,0.01,43,97825,买盘
13:21:55,22.74,-0.01,117,266062,卖盘
13:21:58,22.76,0.02,1,2276,买盘
13:22:01,22.77,0.01,2,4554,买盘
13:22:04,22.77,0.0,98,223146,买盘
13:22:07,22.76,-0.01,7,15939,卖盘
13:22:10,22.78,0.02,38,86609,买盘
13:22:13,22.81,0.03,2,4562,买盘
13:22:16,22.8,-0.01,14,31928,卖盘
13:22:19,22.82,0.02,11,25102,买盘
13:22:22,22.83,0.01,1,2283,买盘
13:22:28,22.83,0.0,4,9132,买盘
13:22:34,22.84,0.01,7,15988,买盘
13:22:37,22.84,0.0,1,2284,买盘
13:22:40,22.84,0.0,1,2284,买盘
13:22:46,22.86,0.02,9,20574,买盘
13:22:49,22.84,-0.02,4,9137,卖盘
13:23:04,22.86,0.02,12,27422,买盘
13:23:07,22.85,-0.01,5,11426,卖盘
13:23:10,22.87,0.02,42,96007,买盘
13:23:13,22.88,0.01,16,36608,买盘
13:23:19,22.9,0.02,15,34350,买盘
13:23:22,22.9,0.0,1,2290,买盘
13:23:25,22.9,0.0,3,6870,买盘
13:23:34,22.91,0.01,13,29783,买盘
13:23:43,22.94,0.03,95,217930,买盘
13:23:46,22.95,0.01,50,114739,买盘
13:23:52,22.92,-0.03,8,18344,卖盘
13:23:58,22.94,0.02,124,284375,买盘
13:24:01,22.89,-0.05,27,61814,卖盘
13:24:04,22.93,0.04,103,235805,买盘
13:24:07,22.93,0.0,32,73379,卖盘
13:24:10,22.85,-0.08,16,36592,卖盘
13:24:13,22.85,0.0,11,25175,卖盘
13:24:16,22.85,0.0,1,2285,买盘
13:24:19,22.85,0.0,1,2285,买盘
13:24:22,22.85,0.0,10,22850,买盘
13:24:31,22.88,0.03,12,27451,买盘
13:24:34,22.85,-0.03,201,459182,卖盘
13:24:37,22.89,0.04,8,18312,买盘
13:24:40,22.88,-0.01,6,13733,卖盘
13:24:46,22.9,0.02,21,48090,买盘
13:24:49,22.9,0.0,1,2290,买盘
13:24:52,22.9,0.0,1,2290,买盘
13:24:55,22.93,0.03,24,55032,中性盘
13:25:01,22.9,-0.03,6,13740,卖盘
13:25:10,22.9,0.0,24,54960,买盘
13:25:16,22.9,0.0,15,34350,卖盘
13:25:19,22.92,0.02,9,20628,买盘
13:25:22,22.91,-0.01,74,169453,卖盘
13:25:25,22.91,0.0,5,11455,卖盘
13:25:28,22.91,0.0,4,9164,卖盘
13:25:31,22.91,0.0,18,41238,卖盘
13:25:34,22.91,0.0,1,2291,卖盘
13:25:37,22.92,0.01,55,126060,买盘
13:25:43,22.93,0.01,14,32092,买盘
13:25:46,22.92,-0.01,17,38964,卖盘
13:25:49,22.92,0.0,27,61887,卖盘
13:25:55,22.94,0.02,41,94021,买盘
13:25:58,22.94,0.0,1,2294,卖盘
13:26:01,22.92,-0.02,19,43554,卖盘
13:26:04,22.95,0.03,20,45900,买盘
13:26:07,22.92,-0.03,7,16049,卖盘
13:26:10,22.91,-0.01,172,394052,卖盘
13:26:13,22.91,0.0,114,261174,卖盘
13:26:16,22.9,-0.01,2,4580,卖盘
13:26:22,22.9,0.0,1,2290,买盘
13:26:28,22.88,-0.02,23,52624,卖盘
13:26:31,22.86,-0.02,2,4572,卖盘
13:26:34,22.85,-0.01,3,6855,卖盘
13:26:37,22.85,0.0,4,9140,卖盘
13:26:40,22.87,0.02,20,45739,买盘
13:26:43,22.88,0.01,16,36593,买盘
13:26:46,22.87,-0.01,16,36595,卖盘
13:26:49,22.88,0.01,16,36608,买盘
13:26:52,22.9,0.02,21,48050,买盘
13:26:58,22.9,0.0,102,233379,买盘
13:27:01,22.9,0.0,10,22900,买盘
13:27:07,22.9,0.0,4,9160,买盘
13:27:10,22.95,0.05,48,110081,买盘
13:27:13,22.97,0.02,13,29856,买盘
13:27:16,22.97,0.0,2,4594,卖盘
13:27:25,23.0,0.03,93,213893,买盘
13:27:31,23.0,0.0,2,4600,买盘
13:27:34,23.06,0.06,85,195620,买盘
13:27:37,23.01,-0.05,17,39133,卖盘
13:27:43,23.05,0.04,12,27659,买盘
13:27:46,23.05,0.0,1,2305,买盘
13:27:49,23.06,0.01,4,9224,买盘
13:27:52,23.05,-0.01,33,76071,卖盘
13:27:55,23.05,0.0,36,82980,卖盘
13:27:58,23.02,-0.03,53,122122,卖盘
13:28:01,23.02,0.0,29,66758,卖盘
13:28:04,23.01,-0.01,24,55257,卖盘
13:28:07,23.05,0.04,11,25331,买盘
13:28:10,22.98,-0.07,36,82794,卖盘
13:28:16,22.97,-0.01,11,25267,买盘
13:28:19,22.99,0.02,18,41367,买盘
13:28:25,22.94,-0.05,5,11474,卖盘
13:28:28,22.95,0.01,1,2295,中性盘
13:28:34,22.96,0.01,18,41327,买盘
13:28:37,22.9,-0.06,17,38966,卖盘
13:28:43,22.95,0.05,3,6887,卖盘
13:28:49,22.95,0.0,1,2295,卖盘
13:28:58,22.94,-0.01,3,6876,买盘
13:29:01,22.91,-0.03,10,22910,卖盘
13:29:07,22.94,0.03,8,18331,买盘
13:29:13,22.91,-0.03,3,6873,卖盘
13:29:19,22.93,0.02,4,9170,买盘
13:29:22,22.94,0.01,1,2294,中性盘
13:29:28,22.95,0.01,50,114750,买盘
13:29:31,22.93,-0.02,5,11465,卖盘
13:29:34,22.95,0.02,40,91800,买盘
13:29:37,22.95,0.0,6,13770,卖盘
13:29:43,22.95,0.0,9,20657,卖盘
13:29:52,22.96,0.01,20,45920,买盘
13:29:55,22.95,-0.01,9,20655,卖盘
13:30:01,22.97,0.02,1,2297,买盘
13:30:07,22.95,-0.02,27,62002,中性盘
13:30:10,22.96,0.01,1,2296,买盘
13:30:13,22.96,0.0,13,29831,买盘
13:30:19,22.96,0.0,3,6888,买盘
13:30:22,22.96,0.0,1,2296,卖盘
13:30:31,22.97,0.01,44,101051,买盘
13:30:34,22.97,0.0,4,9188,卖盘
13:30:40,22.98,0.01,6,13788,买盘
13:30:43,22.97,-0.01,8,18377,卖盘
13:30:46,22.97,0.0,23,52863,卖盘
13:30:49,22.99,0.02,28,64371,买盘
13:30:52,23.0,0.01,3,6900,买盘
13:30:55,23.0,0.0,14,32195,买盘
13:30:58,23.0,0.0,2,4600,买盘
13:31:04,23.03,0.03,10,23030,买盘
13:31:07,22.99,-0.04,10,22999,卖盘
13:31:10,23.0,0.01,33,75907,买盘
13:31:13,23.01,0.01,2,4602,买盘
13:31:16,23.01,0.0,15,34515,买盘
13:31:22,23.01,0.0,16,36816,卖盘
13:31:25,23.01,0.0,2,4604,卖盘
13:31:28,23.01,0.0,38,87464,买盘
13:31:34,23.02,0.01,8,18413,中性盘
13:31:37,23.0,-0.02,50,115002,卖盘
13:31:40,23.0,0.0,110,253017,卖盘
13:31:43,23.0,0.0,1,2300,卖盘
13:31:46,23.01,0.01,19,43704,买盘
13:31:49,23.0,-0.01,223,512894,卖盘
13:31:52,22.98,-0.02,6,13788,卖盘
13:31:58,22.98,0.0,3,6894,卖盘
13:32:01,23.0,0.02,48,110372,买盘
13:32:04,22.98,-0.02,58,133288,卖盘
13:32:07,22.98,0.0,126,289548,卖盘
13:32:10,22.95,-0.03,24,55084,卖盘
13:32:19,22.93,-0.02,6,13759,卖盘
13:32:22,22.93,0.0,2,4586,卖盘
13:32:25,22.93,0.0,17,38981,卖盘
13:32:28,22.94,0.01,12,27526,买盘
13:32:31,22.93,-0.01,41,94042,卖盘
13:32:34,22.93,0.0,11,25223,卖盘
13:32:37,22.93,0.0,7,16051,卖盘
13:32:40,22.93,0.0,7,16051,卖盘
13:32:43,22.94,0.01,7,16058,买盘
13:32:46,22.95,0.01,28,64260,买盘
13:32:49,22.95,0.0,6,13770,卖盘
13:32:55,22.95,0.0,18,41310,卖盘
13:32:58,22.95,0.0,7,16065,卖盘
13:33:04,22.93,-0.02,231,530036,卖盘
13:33:10,22.91,-0.02,14,32092,卖盘
13:33:13,22.91,0.0,11,25201,卖盘
13:33:16,22.91,0.0,28,64148,卖盘
13:33:19,22.9,-0.01,24,54962,卖盘
13:33:22,22.9,0.0,1,2290,卖盘
13:33:25,22.89,-0.01,41,93882,卖盘
13:33:31,22.88,-0.01,586,1340778,卖盘
13:33:34,22.88,0.0,181,414148,卖盘
13:33:40,22.88,0.0,136,311168,卖盘
13:33:43,22.88,0.0,20,45760,卖盘
13:33:49,22.88,0.0,28,64088,卖盘
13:33:52,22.88,0.0,27,61776,卖盘
13:33:55,22.88,0.0,115,263125,卖盘
13:33:58,22.88,0.0,8,18304,卖盘
13:34:01,22.88,0.0,18,41184,卖盘
13:34:04,22.88,0.0,8,18311,卖盘
13:34:07,22.89,0.01,1,2289,中性盘
13:34:10,22.89,0.0,12,27459,买盘
13:34:13,22.88,-0.01,22,50357,卖盘
13:34:22,22.9,0.02,1,2290,买盘
13:34:31,22.89,-0.01,2,4578,卖盘
13:34:34,22.89,0.0,2,4578,买盘
13:34:37,22.89,0.0,7,16023,买盘
13:34:40,22.89,0.0,10,22890,买盘
13:34:43,22.9,0.01,19,43492,买盘
13:34:46,22.89,-0.01,50,114450,卖盘
13:34:49,22.9,0.01,9,20610,买盘
13:34:58,22.9,0.0,4,9159,买盘
13:35:01,22.91,0.01,2,4582,买盘
13:35:04,22.89,-0.02,5,11447,卖盘
13:35:07,22.91,0.02,91,208481,买盘
13:35:10,22.91,0.0,26,59566,买盘
13:35:13,22.89,-0.02,162,371086,卖盘
13:35:19,22.91,0.02,5,11455,卖盘
13:35:25,22.91,0.0,2,4582,买盘
13:35:28,22.91,0.0,4,9164,买盘
13:35:31,22.95,0.04,25,57302,买盘
13:35:37,22.95,0.0,2,4590,卖盘
13:35:40,22.97,0.02,4,9188,买盘
13:35:46,22.97,0.0,21,48237,买盘
13:35:49,23.0,0.03,50,114970,买盘
13:35:55,22.99,-0.01,2,4598,中性盘
13:35:58,22.99,0.0,2,4598,买盘
13:36:01,22.98,-0.01,51,117248,卖盘
13:36:04,22.99,0.01,1,2299,买盘
13:36:10,22.94,-0.05,167,383465,卖盘
13:36:13,22.94,0.0,6,13764,卖盘
13:36:19,22.98,0.04,50,114814,买盘
13:36:25,22.91,-0.07,2,4582,卖盘
13:36:31,22.93,0.02,27,61886,买盘
13:36:37,22.92,-0.01,1,2292,卖盘
13:36:40,22.92,0.0,2,4585,卖盘
13:36:49,22.94,0.02,50,114652,买盘
13:36:52,22.88,-0.06,519,1187742,卖盘
13:36:55,22.89,0.01,10,22890,卖盘
13:36:58,22.93,0.04,54,123758,买盘
13:37:04,22.91,-0.02,4,9164,中性盘
13:37:07,22.91,0.0,1,2291,卖盘
13:37:10,22.91,0.0,28,64131,买盘
13:37:13,22.92,0.01,4,9168,中性盘
13:37:22,22.92,0.0,26,59624,卖盘
13:37:34,22.93,0.01,8,18344,卖盘
13:37:40,22.93,0.0,10,22930,卖盘
13:37:43,22.94,0.01,1,2294,买盘
13:37:46,22.93,-0.01,8,18344,中性盘
13:37:49,22.94,0.01,3,6882,买盘
13:38:01,22.99,0.05,60,137792,买盘
13:38:10,23.0,0.01,60,137948,买盘
13:38:28,22.93,-0.07,14,32105,卖盘
13:38:31,22.93,0.0,5,11465,中性盘
13:38:37,22.93,0.0,27,61936,卖盘
13:38:40,22.94,0.01,4,9174,买盘
13:38:46,22.93,-0.01,6,13758,卖盘
13:38:49,22.94,0.01,9,20646,买盘
13:38:52,22.94,0.0,31,71217,卖盘
13:39:07,23.01,0.07,50,114977,买盘
13:39:13,23.0,-0.01,1,2300,卖盘
13:39:16,23.01,0.01,4,9204,买盘
13:39:19,23.01,0.0,31,71331,买盘
13:39:22,23.01,0.0,2,4303,买盘
13:39:28,23.01,0.0,40,92040,卖盘
13:39:31,23.05,0.04,31,71434,买盘
13:39:37,23.02,-0.03,3,6906,卖盘
13:39:40,23.08,0.06,50,115347,买盘
13:39:46,23.09,0.01,58,133887,买盘
13:39:49,23.05,-0.04,5,11525,卖盘
13:39:52,23.05,0.0,18,41490,买盘
13:39:55,23.09,0.04,42,96882,买盘
13:39:58,23.09,0.0,58,133996,卖盘
13:40:01,23.1,0.01,12,27713,买盘
13:40:04,23.09,-0.01,20,46167,卖盘
13:40:07,23.08,-0.01,8,18442,买盘
13:40:10,23.14,0.06,50,115577,买盘
13:40:13,23.08,-0.06,41,94619,中性盘
13:40:16,23.07,-0.01,15,34581,买盘
13:40:19,23.07,0.0,2,4614,买盘
13:40:22,23.09,0.02,60,138447,买盘
13:40:25,23.08,-0.01,26,60008,买盘
13:40:28,23.08,0.0,13,30002,买盘
13:40:31,23.07,-0.01,10,23070,卖盘
13:40:34,23.05,-0.02,131,302502,卖盘
13:40:40,23.07,0.02,5,11535,买盘
13:40:43,23.05,-0.02,2,4610,卖盘
13:40:46,23.06,0.01,11,25366,中性盘
13:40:49,23.04,-0.02,127,292741,卖盘
13:40:52,23.03,-0.01,68,156817,卖盘
13:40:55,23.02,-0.01,35,80691,中性盘
13:41:01,23.13,0.11,50,115608,买盘
13:41:10,23.14,0.01,83,191943,买盘
13:41:13,23.14,0.0,66,152778,卖盘
13:41:16,23.15,0.01,21,48651,中性盘
13:41:19,23.22,0.07,125,289973,买盘
13:41:22,23.23,0.01,33,76659,买盘
13:41:25,23.27,0.04,67,155790,买盘
13:41:31,23.26,-0.01,40,93103,卖盘
13:41:34,23.29,0.03,33,76857,中性盘
13:41:37,23.26,-0.03,315,733322,卖盘
13:41:40,23.23,-0.03,118,274772,卖盘
13:41:43,23.27,0.04,39,90785,中性盘
13:41:46,23.23,-0.04,8,18584,卖盘
13:41:49,23.27,0.04,49,113992,买盘
13:41:52,23.26,-0.01,7,16282,买盘
13:41:55,23.29,0.03,10,23290,买盘
13:41:58,23.27,-0.02,20,46560,卖盘
13:42:01,23.3,0.03,12,27948,买盘
13:42:04,23.3,0.0,51,118822,买盘
13:42:07,23.3,0.0,59,137432,卖盘
13:42:10,23.35,0.05,308,718690,买盘
13:42:13,23.31,-0.04,480,1120667,卖盘
13:42:16,23.23,-0.08,151,351188,卖盘
13:42:19,23.2,-0.03,111,258293,卖盘
13:42:25,23.2,0.0,7,16240,卖盘
13:42:28,23.22,0.02,10,23220,买盘
13:42:34,23.18,-0.04,3,6954,买盘
13:42:37,23.15,-0.03,22,50930,卖盘
13:42:40,23.21,0.06,50,116009,买盘
13:42:43,23.22,0.01,161,373709,买盘
13:42:46,23.22,0.0,4,9288,卖盘
13:42:49,23.25,0.03,36,83656,买盘
13:42:52,23.27,0.02,15,34903,买盘
13:42:55,23.27,0.0,2,4654,卖盘
13:42:58,23.29,0.02,12,27932,买盘
13:43:01,23.29,0.0,28,65160,买盘
13:43:04,23.27,-0.02,7,16299,卖盘
13:43:07,23.22,-0.05,192,446397,卖盘
13:43:10,23.28,0.06,71,165195,买盘
13:43:13,23.25,-0.03,9,20904,中性盘
13:43:16,23.25,0.0,5,11625,买盘
13:43:19,23.26,0.01,48,111550,买盘
13:43:22,23.26,0.0,70,162848,卖盘
13:43:25,23.26,0.0,52,120964,卖盘
13:43:28,23.3,0.04,108,251602,买盘
13:43:31,23.31,0.01,21,48932,买盘
13:43:34,23.36,0.05,76,177428,买盘
13:43:37,23.37,0.01,59,137862,买盘
13:43:40,23.37,0.0,86,200908,买盘
13:43:43,23.37,0.0,34,79448,买盘
13:43:46,23.36,-0.01,23,53728,卖盘
13:43:49,23.29,-0.07,39,91026,卖盘
13:43:52,23.35,0.06,14,32686,买盘
13:43:55,23.35,0.0,25,58249,买盘
13:43:58,23.29,-0.06,39,90993,卖盘
13:44:01,23.35,0.06,218,508342,买盘
13:44:04,23.35,0.0,74,172793,卖盘
13:44:07,23.35,0.0,172,401620,卖盘
13:44:10,23.37,0.02,240,560182,买盘
13:44:13,23.37,0.0,206,479636,买盘
13:44:16,23.36,-0.01,92,214024,买盘
13:44:19,23.36,0.0,73,170017,买盘
13:44:22,23.16,-0.2,19,44052,卖盘
13:44:25,23.36,0.2,27,62849,买盘
13:44:28,23.14,-0.22,110,254610,卖盘
13:44:31,23.28,0.14,30,69511,中性盘
13:44:34,23.2,-0.08,12,27891,卖盘
13:44:37,23.2,0.0,9,20880,卖盘
13:44:43,23.28,0.08,10,23259,中性盘
13:44:46,23.34,0.06,51,118974,买盘
13:44:49,23.34,0.0,13,30342,卖盘
13:44:52,23.34,0.0,17,39679,卖盘
13:44:55,23.34,0.0,13,30342,卖盘
13:44:58,23.32,-0.02,124,288503,卖盘
13:45:01,23.34,0.02,112,261135,买盘
13:45:04,23.28,-0.06,40,93200,卖盘
13:45:07,23.28,0.0,17,39540,买盘
13:45:10,23.25,-0.03,27,62784,卖盘
13:45:13,23.25,0.0,96,223370,卖盘
13:45:16,23.24,-0.01,83,193205,中性盘
13:45:19,23.21,-0.03,17,39507,卖盘
13:45:22,23.2,-0.01,114,264575,卖盘
13:45:25,23.25,0.05,27,62775,中性盘
13:45:31,23.34,0.09,41,95626,买盘
13:45:34,23.41,0.07,345,806355,买盘
13:45:37,23.45,0.04,351,822497,买盘
13:45:40,23.46,0.01,81,189758,买盘
13:45:43,23.47,0.01,61,143035,买盘
13:45:46,23.54,0.07,567,1332301,买盘
13:45:49,23.51,-0.03,76,178782,卖盘
13:45:52,23.55,0.04,170,400053,买盘
13:45:55,23.55,0.0,53,124829,卖盘
13:45:58,23.59,0.04,445,1048503,买盘
13:46:01,23.56,-0.03,202,475926,卖盘
13:46:04,23.58,0.02,88,207372,买盘
13:46:07,23.48,-0.1,253,594871,卖盘
13:46:10,23.43,-0.05,64,149874,卖盘
13:46:13,23.49,0.06,127,297491,买盘
13:46:16,23.49,0.0,164,385119,卖盘
13:46:19,23.43,-0.06,67,156578,中性盘
13:46:22,23.36,-0.07,11,25712,卖盘
13:46:25,23.46,0.1,53,124241,买盘
13:46:28,23.41,-0.05,14,32800,卖盘
13:46:31,23.41,0.0,8,18723,买盘
13:46:34,23.49,0.08,92,215558,买盘
13:46:37,23.46,-0.03,92,216046,卖盘
13:46:40,23.44,-0.02,21,49264,卖盘
13:46:43,23.44,0.0,3,7032,买盘
13:46:49,23.42,-0.02,4,9368,卖盘
13:46:52,23.46,0.04,45,105492,买盘
13:46:55,23.42,-0.04,21,49212,卖盘
13:46:58,23.44,0.02,11,25784,中性盘
13:47:01,23.44,0.0,12,28144,卖盘
13:47:04,23.44,0.0,19,44512,买盘
13:47:07,23.43,-0.01,50,117128,中性盘
13:47:10,23.42,-0.01,53,124154,卖盘
13:47:13,23.41,-0.01,360,842760,卖盘
13:47:16,23.4,-0.01,157,367541,卖盘
13:47:19,23.34,-0.06,58,135471,卖盘
13:47:22,23.39,0.05,10,23332,买盘
13:47:25,23.37,-0.02,24,56078,买盘
13:47:31,23.32,-0.05,4,9330,中性盘
13:47:34,23.32,0.0,2,4664,卖盘
13:47:37,23.32,0.0,9,20989,卖盘
13:47:40,23.33,0.01,9,20992,买盘
13:47:43,23.32,-0.01,23,53657,卖盘
13:47:46,23.32,0.0,2,4664,卖盘
13:47:49,23.32,0.0,13,30305,买盘
13:47:52,23.33,0.01,3,6997,买盘
13:47:55,23.33,0.0,10,23330,卖盘
13:47:58,23.33,0.0,32,74636,卖盘
13:48:01,23.32,-0.01,40,93289,卖盘
13:48:04,23.33,0.01,16,37327,买盘
13:48:07,23.33,0.0,190,444108,卖盘
13:48:10,23.34,0.01,43,100397,中性盘
13:48:13,23.34,0.0,3,7002,卖盘
13:48:19,23.37,0.03,138,322994,买盘
13:48:22,23.37,0.0,5,11685,卖盘
13:48:25,23.38,0.01,4,9352,卖盘
13:48:31,23.42,0.04,4,9362,买盘
13:48:34,23.4,-0.02,3,7020,卖盘
13:48:37,23.42,0.02,7,16388,买盘
13:48:40,23.42,0.0,5,11706,买盘
13:48:43,23.4,-0.02,83,194353,卖盘
13:48:46,23.42,0.02,25,58540,中性盘
13:48:49,23.41,-0.01,1,2341,买盘
13:48:52,23.43,0.02,13,30452,买盘
13:48:55,23.43,0.0,21,49200,买盘
13:48:58,23.43,0.0,10,23425,买盘
13:49:01,23.42,-0.01,12,28104,卖盘
13:49:04,23.42,0.0,32,74961,中性盘
13:49:07,23.42,0.0,30,70263,卖盘
13:49:10,23.4,-0.02,22,51495,卖盘
13:49:13,23.4,0.0,13,30444,卖盘
13:49:16,23.41,0.01,9,21057,买盘
13:49:19,23.42,0.01,58,135871,买盘
13:49:22,23.4,-0.02,29,67858,中性盘
13:49:25,23.39,-0.01,24,56158,卖盘
13:49:28,23.41,0.02,24,56185,买盘
13:49:31,23.4,-0.01,29,67876,卖盘
13:49:34,23.39,-0.01,53,124071,卖盘
13:49:43,23.42,0.03,13,30455,卖盘
13:49:46,23.41,-0.01,4,9364,卖盘
13:49:49,23.42,0.01,10,23411,买盘
13:49:52,23.42,0.0,35,81970,卖盘
13:49:55,23.43,0.01,65,152286,买盘
13:49:58,23.43,0.0,5,11715,买盘
13:50:04,23.42,-0.01,34,79661,卖盘
13:50:07,23.43,0.01,10,23430,中性盘
13:50:10,23.43,0.0,9,21087,卖盘
13:50:13,23.43,0.0,38,89058,卖盘
13:50:16,23.43,0.0,9,21092,中性盘
13:50:19,23.43,0.0,18,42176,买盘
13:50:22,23.4,-0.03,263,615161,卖盘
13:50:25,23.43,0.03,30,70307,买盘
13:50:28,23.43,0.0,15,35145,卖盘
13:50:31,23.43,0.0,109,255387,卖盘
13:50:34,23.44,0.01,41,96068,买盘
13:50:37,23.43,-0.01,7,16401,卖盘
13:50:40,23.44,0.01,5,11720,买盘
13:50:43,23.43,-0.01,41,96103,卖盘
13:50:46,23.44,0.01,19,44536,卖盘
13:50:52,23.44,0.0,3,7032,买盘
13:50:55,23.44,0.0,22,51568,买盘
13:50:58,23.44,0.0,52,121862,买盘
13:51:04,23.44,0.0,30,70315,买盘
13:51:07,23.44,0.0,9,21096,卖盘
13:51:10,23.44,0.0,32,75019,卖盘
13:51:16,23.45,0.01,27,63294,买盘
13:51:19,23.44,-0.01,3,7032,卖盘
13:51:25,23.44,0.0,69,161719,买盘
13:51:31,23.43,-0.01,1,2343,卖盘
13:51:37,23.44,0.01,44,103136,买盘
13:51:40,23.45,0.01,93,218085,买盘
13:51:46,23.45,0.0,60,140700,卖盘
13:51:49,23.46,0.01,2,4692,买盘
13:51:52,23.46,0.0,15,35190,买盘
13:51:55,23.46,0.0,10,23460,买盘
13:51:58,23.46,0.0,2,4692,买盘
13:52:04,23.45,-0.01,82,192298,卖盘
13:52:07,23.46,0.01,41,96178,买盘
13:52:10,23.46,0.0,67,157182,买盘
13:52:13,23.45,-0.01,26,60971,卖盘
13:52:16,23.46,0.01,4,9383,买盘
13:52:19,23.46,0.0,6,14076,买盘
13:52:28,23.47,0.01,34,79796,买盘
13:52:31,23.46,-0.01,27,63362,卖盘
13:52:34,23.47,0.01,8,18776,买盘
13:52:37,23.47,0.0,57,133779,买盘
13:52:40,23.47,0.0,6,14081,买盘
13:52:43,23.47,0.0,2,4694,中性盘
13:52:46,23.48,0.01,10,23476,买盘
13:52:49,23.48,0.0,51,119708,买盘
13:52:52,23.47,-0.01,53,124400,卖盘
13:52:55,23.44,-0.03,88,206433,卖盘
13:52:58,23.44,0.0,15,35174,卖盘
13:53:01,23.47,0.03,42,98545,买盘
13:53:04,23.45,-0.02,5,11725,卖盘
13:53:07,23.44,-0.01,26,60957,卖盘
13:53:10,23.43,-0.01,17,39838,卖盘
13:53:13,23.44,0.01,10,23438,中性盘
13:53:16,23.42,-0.02,102,239023,卖盘
13:53:19,23.42,0.0,1,2342,卖盘
13:53:22,23.44,0.02,29,67934,买盘
13:53:25,23.42,-0.02,12,28108,卖盘
13:53:28,23.43,0.01,55,128723,中性盘
13:53:31,23.42,-0.01,2,4684,卖盘
13:53:34,23.45,0.03,267,625848,买盘
13:53:37,23.42,-0.03,12,28104,卖盘
13:53:40,23.44,0.02,26,60942,买盘
13:53:49,23.42,-0.02,547,1281141,卖盘
13:53:52,23.45,0.03,19,44555,买盘
13:53:58,23.44,-0.01,15,35160,买盘
13:54:01,23.43,-0.01,6,14058,中性盘
13:54:07,23.43,0.0,3,7029,卖盘
13:54:10,23.43,0.0,22,51547,买盘
13:54:13,23.43,0.0,3,7029,卖盘
13:54:16,23.43,0.0,2,4686,卖盘
13:54:19,23.43,0.0,2,4686,卖盘
13:54:22,23.43,0.0,30,70290,卖盘
13:54:25,23.43,0.0,2,4686,买盘
13:54:28,23.42,-0.01,19,44498,卖盘
13:54:31,23.42,0.0,177,414534,卖盘
13:54:34,23.36,-0.06,104,243288,卖盘
13:54:49,23.32,-0.04,2,4664,卖盘
13:54:55,23.33,0.01,30,69990,卖盘
13:54:58,23.33,0.0,7,16331,卖盘
13:55:01,23.33,0.0,63,146979,卖盘
13:55:04,23.32,-0.01,32,74624,卖盘
13:55:10,23.32,0.0,80,186497,买盘
13:55:13,23.33,0.01,23,53662,卖盘
13:55:16,23.33,0.0,7,16331,买盘
13:55:22,23.32,-0.01,19,44321,卖盘
13:55:25,23.32,0.0,13,30316,卖盘
13:55:28,23.36,0.04,110,256898,买盘
13:55:34,23.35,-0.01,6,14008,买盘
13:55:37,23.34,-0.01,24,56020,卖盘
13:55:43,23.35,0.01,1,2335,卖盘
13:55:46,23.4,0.05,19,44456,买盘
13:55:52,23.36,-0.04,1,2336,卖盘
13:55:55,23.39,0.03,12,28060,买盘
13:56:01,23.39,0.0,1,2339,买盘
13:56:07,23.39,0.0,2,4678,卖盘
13:56:10,23.39,0.0,19,44457,卖盘
13:56:16,23.39,0.0,17,39763,卖盘
13:56:22,23.4,0.01,3,7020,买盘
13:56:25,23.39,-0.01,1,2339,卖盘
13:56:28,23.39,0.0,19,44441,卖盘
13:56:31,23.4,0.01,7,16375,买盘
13:56:34,23.39,-0.01,4,9356,卖盘
13:56:37,23.39,0.0,3,7017,卖盘
13:56:40,23.4,0.01,12,28074,买盘
13:56:46,23.39,-0.01,8,18712,中性盘
13:56:49,23.39,0.0,10,23390,卖盘
13:56:52,23.39,0.0,1,2339,卖盘
13:56:55,23.39,0.0,11,25729,卖盘
13:57:04,23.39,0.0,9,21051,卖盘
13:57:10,23.4,0.01,35,81875,买盘
13:57:19,23.39,-0.01,30,70170,卖盘
13:57:22,23.4,0.01,219,512460,买盘
13:57:25,23.41,0.01,34,79587,买盘
13:57:28,23.4,-0.01,2,4680,卖盘
13:57:31,23.41,0.01,2,4682,买盘
13:57:34,23.41,0.0,7,16387,买盘
13:57:37,23.4,-0.01,9,21060,卖盘
13:57:40,23.41,0.01,9,21069,买盘
13:57:43,23.41,0.0,1,2341,买盘
13:57:55,23.4,-0.01,5,11700,卖盘
13:57:58,23.41,0.01,20,46810,买盘
13:58:01,23.41,0.0,16,37456,买盘
13:58:04,23.41,0.0,10,23410,卖盘
13:58:07,23.41,0.0,1,2341,卖盘
13:58:10,23.42,0.01,30,70255,买盘
13:58:13,23.42,0.0,1,2342,买盘
13:58:16,23.42,0.0,129,301994,买盘
13:58:19,23.42,0.0,4,9368,买盘
13:58:22,23.41,-0.01,21,49180,卖盘
13:58:25,23.41,0.0,5,11705,卖盘
13:58:28,23.41,0.0,24,56184,卖盘
13:58:37,23.41,0.0,2,4682,卖盘
13:58:40,23.42,0.01,18,42141,买盘
13:58:43,23.42,0.0,7,16393,买盘
13:58:46,23.42,0.0,1,2342,卖盘
13:58:55,23.43,0.01,55,128860,买盘
13:58:58,23.42,-0.01,11,25762,卖盘
13:59:01,23.43,0.01,50,117150,买盘
13:59:04,23.42,-0.01,5,11710,卖盘
13:59:07,23.42,0.0,12,28104,卖盘
13:59:10,23.42,0.0,68,159356,卖盘
13:59:13,23.45,0.03,141,330512,买盘
13:59:16,23.42,-0.03,1,2342,卖盘
13:59:19,23.4,-0.02,16,37444,卖盘
13:59:22,23.41,0.01,1,2341,买盘
13:59:25,23.4,-0.01,18,42136,卖盘
13:59:28,23.41,0.01,35,81935,买盘
13:59:31,23.41,0.0,11,25757,卖盘
13:59:37,23.41,0.0,5,11705,卖盘
13:59:40,23.41,0.0,1,2341,卖盘
13:59:43,23.41,0.0,5,11705,卖盘
13:59:46,23.42,0.01,31,72592,买盘
13:59:49,23.41,-0.01,1,2341,卖盘
13:59:55,23.42,0.01,3,7026,买盘
13:59:58,23.42,0.0,2,4684,卖盘
14:00:01,23.42,0.0,3,7026,卖盘
14:00:07,23.42,0.0,3,7026,卖盘
14:00:10,23.43,0.01,7,16396,买盘
14:00:13,23.37,-0.06,182,425946,卖盘
14:00:16,23.37,0.0,5,11685,卖盘
14:00:19,23.36,-0.01,4,9346,卖盘
14:00:25,23.33,-0.03,1,2333,卖盘
14:00:28,23.37,0.04,15,35036,买盘
14:00:34,23.32,-0.05,4,9328,卖盘
14:00:37,23.35,0.03,5,11675,买盘
14:00:40,23.35,0.0,7,16345,卖盘
14:00:43,23.35,0.0,12,28020,卖盘
14:00:49,23.35,0.0,5,11675,卖盘
14:00:55,23.36,0.01,10,23360,买盘
14:00:58,23.35,-0.01,11,25685,卖盘
14:01:04,23.36,0.01,1,2336,买盘
14:01:07,23.36,0.0,1,2336,买盘
14:01:13,23.35,-0.01,53,123779,卖盘
14:01:16,23.35,0.0,4,9340,买盘
14:01:19,23.34,-0.01,1,2334,卖盘
14:01:22,23.3,-0.04,78,181815,卖盘
14:01:25,23.35,0.05,47,109742,买盘
14:01:28,23.3,-0.05,1,2330,卖盘
14:01:31,23.3,0.0,15,35000,卖盘
14:01:34,23.35,0.05,2,4670,买盘
14:01:46,23.34,-0.01,3,7002,买盘
14:01:55,23.34,0.0,6,14004,卖盘
14:01:58,23.34,0.0,2,4668,卖盘
14:02:01,23.34,0.0,5,11670,卖盘
14:02:04,23.35,0.01,42,98064,买盘
14:02:07,23.35,0.0,7,16340,买盘
14:02:10,23.34,-0.01,8,18672,卖盘
14:02:13,23.35,0.01,3,7005,买盘
14:02:16,23.34,-0.01,10,23340,卖盘
14:02:22,23.34,0.0,19,44346,卖盘
14:02:25,23.35,0.01,5,11675,买盘
14:02:28,23.34,-0.01,12,28009,卖盘
14:02:34,23.35,0.01,118,275530,买盘
14:02:43,23.36,0.01,25,58399,买盘
14:02:49,23.36,0.0,2,4673,卖盘
14:02:52,23.35,-0.01,100,233540,卖盘
14:02:55,23.35,0.0,8,18680,卖盘
14:03:01,23.37,0.02,5,11685,买盘
14:03:07,23.37,0.0,4,9348,买盘
14:03:10,23.37,0.0,24,56088,买盘
14:03:19,23.38,0.01,9,21042,买盘
14:03:25,23.38,0.0,2,4677,卖盘
14:03:31,23.38,0.0,5,11690,卖盘
14:03:34,23.38,0.0,15,35070,卖盘
14:03:37,23.37,-0.01,7,16360,卖盘
14:03:40,23.39,0.02,24,56076,买盘
14:03:43,23.35,-0.04,16,37405,卖盘
14:03:46,23.37,0.02,3,7011,中性盘
14:03:49,23.39,0.02,27,63153,买盘
14:03:52,23.38,-0.01,27,63145,卖盘
14:03:58,23.38,0.0,7,16366,卖盘
14:04:01,23.38,0.0,20,46768,卖盘
14:04:04,23.4,0.02,50,117000,买盘
14:04:07,23.39,-0.01,2,4677,买盘
14:04:10,23.38,-0.01,15,35070,卖盘
14:04:16,23.39,0.01,5,11695,买盘
14:04:19,23.39,0.0,9,21051,卖盘
14:04:25,23.39,0.0,35,81874,卖盘
14:04:28,23.4,0.01,16,37440,买盘
14:04:31,23.4,0.0,3,7020,买盘
14:04:34,23.4,0.0,3,7018,买盘
14:04:37,23.4,0.0,16,37440,买盘
14:04:40,23.38,-0.02,57,133317,卖盘
14:04:43,23.38,0.0,2,4676,卖盘
14:04:49,23.38,0.0,1,2338,买盘
14:04:52,23.39,0.01,2,4678,买盘
14:04:58,23.4,0.01,140,327563,买盘
14:05:01,23.38,-0.02,23,53810,卖盘
14:05:07,23.4,0.02,2,4680,买盘
14:05:13,23.39,-0.01,28,65517,卖盘
14:05:16,23.4,0.01,128,299486,买盘
14:05:19,23.4,0.0,2,4680,买盘
14:05:22,23.38,-0.02,10,23386,卖盘
14:05:25,23.39,0.01,15,35071,买盘
14:05:28,23.38,-0.01,3,7015,卖盘
14:05:31,23.38,0.0,1,2338,卖盘
