成交时间,成交价格,价格变动,成交量,成交金额,性质
09:25:02,10.45,0.0,472,493240,卖盘
09:30:05,10.45,0.0,116,121220,卖盘
09:30:08,10.45,0.0,184,193131,卖盘
09:30:11,10.46,0.01,211,220498,中性盘
09:30:14,10.45,-0.01,83,86930,卖盘
09:30:17,10.45,0.0,35,36578,买盘
09:30:20,10.43,-0.02,53,55361,卖盘
09:30:23,10.43,0.0,43,44916,卖盘
09:30:26,10.41,-0.02,15,15645,卖盘
09:30:29,10.41,0.0,15,15630,卖盘
09:30:32,10.4,-0.01,18,18721,卖盘
09:30:35,10.39,-0.01,13,13507,中性盘
09:30:38,10.38,-0.01,25,25952,卖盘
09:30:41,10.38,0.0,5,5190,买盘
09:30:44,10.35,-0.03,5,5175,卖盘
09:30:47,10.35,0.0,20,20700,卖盘
09:30:50,10.37,0.02,10,10370,买盘
09:30:53,10.38,0.01,18,18650,买盘
09:30:56,10.38,0.0,106,109872,买盘
09:30:59,10.38,0.0,7,7257,买盘
09:31:02,10.38,0.0,82,85106,买盘
09:31:05,10.39,0.01,20,20768,买盘
09:31:08,10.4,0.01,41,42627,买盘
09:31:11,10.41,0.01,48,49961,买盘
09:31:14,10.42,0.01,7,7292,买盘
09:31:17,10.42,0.0,23,23966,卖盘
09:31:20,10.43,0.01,31,32318,买盘
09:31:23,10.42,-0.01,3,3126,卖盘
09:31:26,10.42,0.0,25,26050,卖盘
09:31:29,10.42,0.0,187,194854,卖盘
09:31:32,10.42,0.0,56,58270,买盘
09:31:35,10.4,-0.02,63,65520,卖盘
09:31:38,10.38,-0.02,9,9342,卖盘
09:31:41,10.38,0.0,152,158000,卖盘
09:31:44,10.38,0.0,15,15570,卖盘
09:31:53,10.35,-0.03,18,18660,卖盘
09:31:56,10.38,0.03,101,105022,买盘
09:31:59,10.35,-0.03,55,56940,卖盘
09:32:02,10.38,0.03,3,3114,中性盘
09:32:05,10.38,0.0,2,2076,买盘
09:32:11,10.38,0.0,53,54998,买盘
09:32:23,10.38,0.0,45,46710,买盘
09:32:26,10.38,0.0,11,11419,卖盘
09:32:29,10.38,0.0,13,13494,卖盘
09:32:44,10.4,0.02,9,9344,买盘
09:32:47,10.38,-0.02,13,13506,卖盘
09:32:53,10.38,0.0,108,112104,卖盘
09:32:56,10.38,0.0,17,17646,卖盘
09:32:59,10.38,0.0,42,43596,卖盘
09:33:02,10.38,0.0,8,8304,卖盘
09:33:05,10.39,0.01,2,2078,买盘
09:33:08,10.39,0.0,63,65405,买盘
09:33:11,10.38,-0.01,142,147396,卖盘
09:33:14,10.38,0.0,1,1038,卖盘
09:33:17,10.39,0.01,2,2078,买盘
09:33:20,10.38,-0.01,177,183726,卖盘
09:33:23,10.38,0.0,2,2076,卖盘
09:33:29,10.39,0.01,30,31153,买盘
09:33:32,10.38,-0.01,74,76812,卖盘
09:33:41,10.38,0.0,3,3114,卖盘
09:33:59,10.38,0.0,57,59166,卖盘
09:34:02,10.38,0.0,1,1038,卖盘
09:34:05,10.38,0.0,1,1038,卖盘
09:34:11,10.41,0.03,194,201631,买盘
09:34:14,10.5,0.09,105,109834,买盘
09:34:20,10.51,0.01,3,3153,卖盘
09:34:26,10.54,0.03,49,51646,买盘
09:34:29,10.54,0.0,14,14738,买盘
09:34:32,10.54,0.0,16,16864,买盘
09:34:35,10.54,0.0,14,14756,卖盘
09:34:38,10.55,0.01,28,29529,买盘
09:34:41,10.54,-0.01,9,9486,卖盘
09:34:44,10.57,0.03,30,31679,买盘
09:34:47,10.57,0.0,23,24296,买盘
09:34:50,10.57,0.0,8,8453,买盘
09:34:53,10.57,0.0,45,47521,买盘
09:34:56,10.57,0.0,106,112064,买盘
09:34:59,10.57,0.0,178,188274,卖盘
09:35:02,10.61,0.04,151,160034,买盘
09:35:05,10.61,0.0,20,21236,买盘
09:35:08,10.63,0.02,9,9562,买盘
09:35:11,10.62,-0.01,40,42480,卖盘
09:35:14,10.63,0.01,32,33999,买盘
09:35:20,10.63,0.0,12,12745,买盘
09:35:23,10.64,0.01,21,22327,买盘
09:35:26,10.66,0.02,127,135215,买盘
09:35:29,10.68,0.02,73,77892,买盘
09:35:32,10.66,-0.02,208,222381,卖盘
09:35:35,10.68,0.02,39,41698,卖盘
09:35:38,10.68,0.0,23,24575,卖盘
09:35:41,10.66,-0.02,193,206364,卖盘
09:35:44,10.68,0.02,207,221343,买盘
09:35:47,10.67,-0.01,109,116399,卖盘
09:35:50,10.69,0.02,41,43835,买盘
09:35:53,10.73,0.04,147,157326,买盘
09:35:56,10.74,0.01,19,20392,买盘
09:35:59,10.74,0.0,45,48323,买盘
09:36:02,10.74,0.0,122,130988,买盘
09:36:05,10.73,-0.01,88,94501,卖盘
09:36:08,10.68,-0.05,30,32109,卖盘
09:36:11,10.63,-0.05,36,38343,卖盘
09:36:14,10.69,0.06,33,35206,买盘
09:36:20,10.64,-0.05,23,24478,卖盘
09:36:23,10.7,0.06,601,640416,买盘
09:36:26,10.69,-0.01,74,78952,中性盘
09:36:29,10.68,-0.01,39,41663,卖盘
09:36:32,10.7,0.02,67,71569,买盘
09:36:35,10.68,-0.02,85,90719,买盘
09:36:38,10.68,0.0,40,42708,买盘
09:36:41,10.65,-0.03,10,10650,卖盘
09:36:44,10.67,0.02,9,9603,买盘
09:36:47,10.65,-0.02,153,163409,卖盘
09:36:53,10.65,0.0,27,28815,卖盘
09:36:56,10.66,0.01,330,351468,买盘
09:36:59,10.66,0.0,246,262380,卖盘
09:37:02,10.69,0.03,119,127122,买盘
09:37:05,10.72,0.03,356,381349,买盘
09:37:08,10.72,0.0,63,67577,卖盘
09:37:11,10.73,0.01,530,568712,买盘
09:37:14,10.74,0.01,23,24684,买盘
09:37:17,10.74,0.0,20,21478,买盘
09:37:20,10.74,0.0,120,128827,买盘
09:37:23,10.75,0.01,159,170769,买盘
09:37:26,10.74,-0.01,20,21493,卖盘
09:37:29,10.75,0.01,46,49415,买盘
09:37:32,10.75,0.0,19,20415,买盘
09:37:35,10.74,-0.01,50,53734,卖盘
09:37:38,10.74,0.0,34,36539,卖盘
09:37:41,10.74,0.0,57,61223,卖盘
09:37:44,10.76,0.02,219,235421,买盘
09:37:47,10.77,0.01,151,162340,买盘
09:37:50,10.75,-0.02,18,19366,卖盘
09:37:53,10.75,0.0,18,19361,卖盘
09:37:56,10.77,0.02,96,103227,买盘
09:37:59,10.76,-0.01,22,23652,中性盘
09:38:02,10.77,0.01,48,51676,买盘
09:38:05,10.77,0.0,12,12924,买盘
09:38:08,10.77,0.0,124,133368,买盘
09:38:11,10.77,0.0,44,47393,买盘
09:38:14,10.77,0.0,33,35541,卖盘
09:38:17,10.77,0.0,6,6462,卖盘
09:38:20,10.78,0.01,71,76505,买盘
09:38:23,10.78,0.0,57,61440,买盘
09:38:26,10.78,0.0,10,10780,买盘
09:38:29,10.77,-0.01,45,48518,卖盘
09:38:32,10.78,0.01,16,17248,买盘
09:38:35,10.78,0.0,28,30184,卖盘
09:38:38,10.79,0.01,93,100297,买盘
09:38:41,10.78,-0.01,14,15100,卖盘
09:38:44,10.78,0.0,22,23716,卖盘
09:38:47,10.79,0.01,75,80948,买盘
09:38:50,10.8,0.01,62,66877,买盘
09:38:53,10.79,-0.01,70,75467,卖盘
09:38:56,10.78,-0.01,264,284607,卖盘
09:38:59,10.78,0.0,26,28040,卖盘
09:39:02,10.8,0.02,66,71235,买盘
09:39:05,10.81,0.01,472,509356,买盘
09:39:08,10.81,0.0,10,10810,卖盘
09:39:11,10.81,0.0,34,36757,买盘
09:39:14,10.82,0.01,6,6492,买盘
09:39:17,10.81,-0.01,9,9732,卖盘
09:39:20,10.82,0.01,15,16228,买盘
09:39:23,10.83,0.01,98,106076,买盘
09:39:26,10.82,-0.01,1,1082,中性盘
09:39:29,10.83,0.01,90,97341,买盘
09:39:32,10.81,-0.02,99,107119,卖盘
09:39:35,10.83,0.02,111,120013,买盘
09:39:38,10.83,0.0,17,18379,买盘
09:39:41,10.84,0.01,180,194939,买盘
09:39:44,10.83,-0.01,48,51985,卖盘
09:39:47,10.84,0.01,148,160332,买盘
09:39:50,10.84,0.0,103,111602,卖盘
09:39:53,10.83,-0.01,49,53065,卖盘
09:39:56,10.84,0.01,148,160520,买盘
09:40:02,10.84,0.0,38,41201,卖盘
09:40:05,10.84,0.0,60,64978,买盘
09:40:08,10.83,-0.01,30,32490,中性盘
09:40:11,10.83,0.0,105,113611,买盘
09:40:14,10.83,0.0,58,62549,买盘
09:40:17,10.82,-0.01,55,59510,中性盘
09:40:20,10.76,-0.06,44,47359,卖盘
09:40:23,10.76,0.0,12,12926,卖盘
09:40:26,10.76,0.0,63,67828,卖盘
09:40:29,10.76,0.0,127,136681,卖盘
09:40:32,10.74,-0.02,317,341027,卖盘
09:40:35,10.75,0.01,80,85937,买盘
09:40:38,10.74,-0.01,29,31116,买盘
09:40:41,10.75,0.01,22,23643,买盘
09:40:44,10.7,-0.05,7,7490,卖盘
09:40:50,10.7,0.0,54,57780,卖盘
09:40:53,10.68,-0.02,2,2136,卖盘
09:40:56,10.7,0.02,3,3210,买盘
09:41:02,10.67,-0.03,113,120633,卖盘
09:41:05,10.68,0.01,222,236877,买盘
09:41:08,10.66,-0.02,336,358509,卖盘
09:41:11,10.68,0.02,41,43788,买盘
09:41:14,10.68,0.0,61,65163,卖盘
09:41:17,10.68,0.0,45,48082,卖盘
09:41:20,10.68,0.0,14,14952,买盘
09:41:23,10.67,-0.01,37,39494,卖盘
09:41:26,10.67,0.0,20,21340,卖盘
09:41:29,10.66,-0.01,39,41610,卖盘
09:41:32,10.67,0.01,5,5335,买盘
09:41:35,10.67,0.0,48,51215,买盘
09:41:38,10.66,-0.01,20,21320,卖盘
09:41:44,10.67,0.01,60,63969,买盘
09:41:47,10.67,0.0,44,46948,买盘
09:41:50,10.66,-0.01,51,54377,卖盘
09:41:53,10.66,0.0,13,13861,卖盘
09:41:56,10.66,0.0,40,42640,卖盘
09:42:02,10.66,0.0,37,39452,卖盘
09:42:05,10.67,0.01,3,3201,买盘
09:42:08,10.66,-0.01,10,10660,卖盘
09:42:11,10.67,0.01,6,6402,买盘
09:42:14,10.67,0.0,49,52283,买盘
09:42:17,10.68,0.01,1,1068,买盘
09:42:20,10.68,0.0,1,1068,买盘
09:42:23,10.72,0.04,299,319935,买盘
09:42:29,10.73,0.01,1,1073,买盘
09:42:35,10.73,0.0,25,26825,买盘
09:42:38,10.73,0.0,35,37529,买盘
09:42:41,10.72,-0.01,5,5363,卖盘
09:42:44,10.73,0.01,11,11803,卖盘
09:42:47,10.72,-0.01,35,37530,卖盘
09:42:50,10.72,0.0,4,4288,卖盘
09:42:53,10.74,0.02,83,89048,买盘
09:42:56,10.72,-0.02,43,46096,卖盘
09:42:59,10.73,0.01,72,77235,买盘
09:43:02,10.73,0.0,1,1073,买盘
09:43:05,10.7,-0.03,17,18194,卖盘
09:43:11,10.7,0.0,2,2140,买盘
09:43:14,10.7,0.0,25,26750,买盘
09:43:17,10.7,0.0,23,24616,卖盘
09:43:20,10.7,0.0,10,10700,卖盘
09:43:23,10.7,0.0,55,58850,卖盘
09:43:26,10.7,0.0,2,2140,卖盘
09:43:35,10.69,-0.01,5,5345,卖盘
09:43:38,10.69,0.0,2,2138,卖盘
09:43:44,10.68,-0.01,57,60876,卖盘
09:43:47,10.68,0.0,26,27768,卖盘
09:43:50,10.69,0.01,69,73758,买盘
09:43:53,10.68,-0.01,10,10680,买盘
09:43:56,10.68,0.0,20,21360,卖盘
09:43:59,10.68,0.0,3,3204,买盘
09:44:02,10.68,0.0,3,3204,买盘
09:44:05,10.67,-0.01,12,12804,卖盘
09:44:11,10.67,0.0,33,35211,卖盘
09:44:14,10.67,0.0,30,32010,卖盘
09:44:17,10.67,0.0,13,13871,卖盘
09:44:20,10.67,0.0,26,27742,卖盘
09:44:23,10.67,0.0,1,1067,卖盘
09:44:32,10.67,0.0,51,54418,卖盘
09:44:38,10.67,0.0,5,5335,卖盘
09:44:41,10.67,0.0,43,45881,卖盘
09:44:44,10.67,0.0,4,4268,卖盘
09:44:50,10.67,0.0,3,3201,卖盘
09:44:53,10.66,-0.01,4,4264,卖盘
09:44:56,10.66,0.0,347,369846,卖盘
09:44:59,10.66,0.0,36,38376,买盘
09:45:02,10.66,0.0,13,13858,买盘
09:45:05,10.7,0.04,265,282770,买盘
09:45:08,10.7,0.0,1,1070,中性盘
09:45:11,10.7,0.0,8,8560,买盘
09:45:17,10.71,0.01,21,22501,买盘
09:45:20,10.74,0.03,397,426314,买盘
09:45:23,10.74,0.0,17,18258,买盘
09:45:26,10.75,0.01,149,160175,买盘
09:45:29,10.76,0.01,44,47344,买盘
09:45:32,10.76,0.0,21,22596,买盘
09:45:35,10.76,0.0,1,1076,买盘
09:45:38,10.75,-0.01,11,11830,卖盘
09:45:41,10.76,0.01,1,1076,买盘
09:45:44,10.76,0.0,6,6456,卖盘
09:45:50,10.78,0.02,9,9702,买盘
09:45:56,10.78,0.0,57,61446,卖盘
09:45:59,10.79,0.01,86,92766,买盘
09:46:02,10.8,0.01,8,8639,买盘
09:46:05,10.8,0.0,35,37800,买盘
09:46:08,10.8,0.0,11,11877,买盘
09:46:11,10.79,-0.01,30,32378,卖盘
09:46:14,10.79,0.0,38,41002,卖盘
09:46:17,10.79,0.0,209,225214,买盘
09:46:23,10.75,-0.04,50,53750,卖盘
09:46:32,10.75,0.0,2,2149,买盘
09:46:35,10.74,-0.01,34,36538,卖盘
09:46:38,10.74,0.0,23,24702,卖盘
09:46:41,10.76,0.02,36,38670,买盘
09:46:44,10.74,-0.02,64,68858,卖盘
09:46:50,10.76,0.02,11,11836,买盘
09:46:59,10.78,0.02,141,151875,买盘
09:47:02,10.8,0.02,205,221293,买盘
09:47:05,10.83,0.03,113,122300,买盘
09:47:11,10.82,-0.01,18,19444,卖盘
09:47:20,10.81,-0.01,6,6486,中性盘
09:47:23,10.82,0.01,30,32446,买盘
09:47:29,10.8,-0.02,1,1080,卖盘
09:47:32,10.81,0.01,76,82083,买盘
09:47:35,10.81,0.0,157,169717,卖盘
09:47:38,10.8,-0.01,1,1080,买盘
09:47:41,10.79,-0.01,28,30212,卖盘
09:47:44,10.78,-0.01,12,12936,卖盘
09:47:47,10.8,0.02,33,35601,买盘
09:47:53,10.78,-0.02,3,3234,卖盘
09:48:02,10.78,0.0,60,64592,买盘
09:48:05,10.79,0.01,99,106712,买盘
09:48:08,10.76,-0.03,17,18271,中性盘
09:48:14,10.75,-0.01,3,3223,买盘
09:48:17,10.74,-0.01,15,16110,卖盘
09:48:20,10.74,0.0,374,402333,卖盘
09:48:23,10.72,-0.02,30,32216,卖盘
09:48:32,10.74,0.02,6,6444,买盘
09:48:35,10.74,0.0,3,3222,买盘
09:48:44,10.76,0.02,5,5380,买盘
09:48:47,10.72,-0.04,50,53600,卖盘
09:48:56,10.72,0.0,1,1072,卖盘
09:49:05,10.7,-0.02,5,5350,卖盘
09:49:11,10.7,0.0,68,72760,卖盘
09:49:14,10.71,0.01,15,16063,买盘
09:49:20,10.7,-0.01,2,2140,卖盘
09:49:23,10.7,0.0,4,4281,卖盘
09:49:26,10.69,-0.01,20,21392,卖盘
09:49:29,10.69,0.0,1,1069,卖盘
09:49:35,10.69,0.0,1,1069,卖盘
09:49:38,10.69,0.0,3,3207,卖盘
09:49:41,10.69,0.0,1,1069,卖盘
09:49:44,10.69,0.0,4,4276,卖盘
09:49:50,10.71,0.02,162,173311,买盘
09:49:56,10.75,0.04,385,412741,买盘
09:49:59,10.75,0.0,35,37625,买盘
09:50:02,10.76,0.01,13,13980,买盘
09:50:05,10.76,0.0,25,26900,买盘
09:50:08,10.76,0.0,7,7538,卖盘
09:50:17,10.76,0.0,10,10760,卖盘
09:50:20,10.76,0.0,16,17211,买盘
09:50:23,10.75,-0.01,5,5375,卖盘
09:50:26,10.75,0.0,1,1075,买盘
09:50:29,10.73,-0.02,4,4292,卖盘
09:50:32,10.73,0.0,1,1073,卖盘
09:50:35,10.73,0.0,1,1073,卖盘
09:50:38,10.75,0.02,10,10741,买盘
09:50:50,10.72,-0.03,6,6432,卖盘
09:50:53,10.72,0.0,2,2144,买盘
09:50:56,10.72,0.0,29,31088,买盘
09:50:59,10.73,0.01,5,5365,卖盘
09:51:02,10.71,-0.02,44,47124,卖盘
09:51:05,10.73,0.02,5,5363,买盘
09:51:11,10.71,-0.02,20,21420,卖盘
09:51:20,10.71,0.0,3,3213,买盘
09:51:23,10.7,-0.01,10,10700,卖盘
09:51:26,10.7,0.0,2,2140,卖盘
09:51:32,10.71,0.01,38,40698,买盘
09:51:35,10.71,0.0,31,33201,卖盘
09:51:44,10.73,0.02,8,8582,买盘
09:51:47,10.73,0.0,20,21458,买盘
09:51:50,10.71,-0.02,9,9639,卖盘
09:51:53,10.71,0.0,25,26775,卖盘
09:51:56,10.73,0.02,11,11803,买盘
09:51:59,10.73,0.0,19,20387,买盘
09:52:08,10.73,0.0,7,7511,卖盘
09:52:11,10.73,0.0,4,4292,卖盘
09:52:14,10.73,0.0,2,2146,买盘
09:52:26,10.72,-0.01,2,2144,买盘
09:52:32,10.72,0.0,17,18224,卖盘
09:52:38,10.71,-0.01,24,25723,卖盘
09:52:41,10.71,0.0,29,31059,卖盘
09:52:44,10.71,0.0,31,33201,卖盘
09:52:47,10.72,0.01,25,26776,买盘
09:52:50,10.71,-0.01,2,2142,卖盘
09:52:53,10.7,-0.01,57,61045,卖盘
09:52:56,10.7,0.0,26,27820,卖盘
09:52:59,10.7,0.0,30,32100,卖盘
09:53:02,10.71,0.01,44,47093,买盘
09:53:05,10.7,-0.01,2,2140,卖盘
09:53:08,10.7,0.0,2,2140,卖盘
09:53:11,10.7,0.0,5,5350,卖盘
09:53:14,10.7,0.0,27,28890,卖盘
09:53:17,10.7,0.0,28,29960,买盘
09:53:26,10.7,0.0,2,2140,卖盘
09:53:29,10.7,0.0,1,1070,卖盘
09:53:32,10.7,0.0,1,1070,卖盘
09:53:35,10.7,0.0,3,3210,卖盘
09:53:47,10.7,0.0,53,56710,卖盘
09:53:50,10.7,0.0,19,20330,卖盘
09:53:53,10.7,0.0,11,11770,卖盘
09:53:56,10.7,0.0,9,9630,卖盘
09:54:05,10.69,-0.01,8,8552,卖盘
09:54:08,10.69,0.0,9,9621,卖盘
09:54:14,10.69,0.0,68,72692,卖盘
09:54:17,10.68,-0.01,119,127092,卖盘
09:54:20,10.68,0.0,65,69420,卖盘
09:54:26,10.68,0.0,28,29919,买盘
09:54:29,10.67,-0.01,49,52288,卖盘
09:54:35,10.67,0.0,3,3201,卖盘
09:54:41,10.66,-0.01,30,31980,卖盘
09:54:44,10.66,0.0,72,76759,卖盘
09:54:47,10.66,0.0,20,21320,卖盘
09:54:50,10.66,0.0,7,7462,卖盘
09:55:02,10.66,0.0,17,18122,卖盘
09:55:11,10.66,0.0,31,33029,买盘
09:55:14,10.66,0.0,1,1066,买盘
09:55:17,10.65,-0.01,5,5325,卖盘
09:55:20,10.64,-0.01,29,30877,卖盘
09:55:23,10.64,0.0,25,26600,卖盘
09:55:29,10.64,0.0,54,57456,卖盘
09:55:38,10.61,-0.03,8,8488,卖盘
09:55:44,10.61,0.0,6,6366,卖盘
09:55:50,10.61,0.0,5,5306,卖盘
09:55:56,10.61,0.0,15,15915,卖盘
09:56:05,10.61,0.0,6,6363,买盘
09:56:08,10.6,-0.01,34,36040,卖盘
09:56:11,10.6,0.0,30,31800,卖盘
09:56:14,10.61,0.01,111,117768,买盘
09:56:17,10.61,0.0,47,49869,卖盘
09:56:23,10.61,0.0,29,30769,卖盘
09:56:29,10.63,0.02,50,53150,买盘
09:56:32,10.64,0.01,6,6384,买盘
09:56:35,10.61,-0.03,10,10610,卖盘
09:56:44,10.61,0.0,13,13795,卖盘
09:56:53,10.64,0.03,12,12762,买盘
09:57:02,10.64,0.0,17,18074,买盘
09:57:11,10.64,0.0,1,1064,买盘
09:57:14,10.62,-0.02,50,53100,卖盘
09:57:17,10.63,0.01,5,5315,中性盘
09:57:20,10.64,0.01,1,1064,买盘
09:57:26,10.64,0.0,6,6384,买盘
09:57:41,10.63,-0.01,1,1063,卖盘
09:57:44,10.63,0.0,2,2126,卖盘
09:57:47,10.63,0.0,10,10630,卖盘
09:57:59,10.63,0.0,5,5315,买盘
09:58:02,10.63,0.0,2,2126,中性盘
09:58:05,10.62,-0.01,1,1062,卖盘
09:58:08,10.63,0.01,1,1063,买盘
09:58:11,10.62,-0.01,4,4248,卖盘
09:58:17,10.62,0.0,20,21240,卖盘
09:58:20,10.62,0.0,3,3186,卖盘
09:58:23,10.63,0.01,52,55226,买盘
09:58:26,10.62,-0.01,15,15930,卖盘
09:58:29,10.62,0.0,2,2124,买盘
09:58:35,10.63,0.01,31,32928,买盘
09:58:38,10.62,-0.01,27,28674,卖盘
09:58:44,10.63,0.01,2,2126,买盘
09:58:47,10.63,0.0,2,2126,卖盘
09:58:50,10.63,0.0,5,5315,卖盘
09:58:56,10.62,-0.01,17,18054,卖盘
09:58:59,10.62,0.0,4,4248,卖盘
09:59:02,10.62,0.0,30,31860,买盘
09:59:08,10.61,-0.01,9,9549,卖盘
09:59:11,10.62,0.01,139,147494,买盘
09:59:14,10.62,0.0,44,46728,卖盘
09:59:17,10.62,0.0,6,6372,卖盘
09:59:20,10.62,0.0,51,54162,卖盘
09:59:26,10.62,0.0,1,1062,买盘
09:59:32,10.62,0.0,69,73223,买盘
09:59:41,10.61,-0.01,1,1061,卖盘
09:59:44,10.62,0.01,3,3186,买盘
09:59:47,10.61,-0.01,24,25464,卖盘
09:59:53,10.62,0.01,33,35066,卖盘
09:59:56,10.62,0.0,40,42480,卖盘
10:00:02,10.63,0.01,1,1063,买盘
10:00:05,10.61,-0.02,23,24423,卖盘
10:00:08,10.61,0.0,22,23342,卖盘
10:00:11,10.61,0.0,12,12732,卖盘
10:00:14,10.6,-0.01,1,1060,卖盘
10:00:17,10.6,0.0,19,20140,卖盘
10:00:20,10.6,0.0,6,6360,卖盘
10:00:23,10.61,0.01,20,21214,买盘
10:00:26,10.61,0.0,36,38196,卖盘
10:00:29,10.61,0.0,1,1061,卖盘
10:00:32,10.61,0.0,14,14854,卖盘
10:00:35,10.6,-0.01,41,43491,卖盘
10:00:41,10.6,0.0,6,6360,卖盘
10:00:44,10.6,0.0,11,11660,卖盘
10:00:47,10.6,0.0,10,10600,卖盘
10:00:50,10.6,0.0,60,63600,卖盘
10:00:53,10.58,-0.02,17,17986,卖盘
10:00:59,10.58,0.0,7,7406,卖盘
10:01:02,10.56,-0.02,67,70813,卖盘
10:01:05,10.57,0.01,1,1057,买盘
10:01:08,10.56,-0.01,16,16897,卖盘
10:01:14,10.54,-0.02,111,117201,卖盘
10:01:17,10.55,0.01,3,3163,买盘
10:01:20,10.56,0.01,4,4222,买盘
10:01:23,10.56,0.0,109,115104,买盘
10:01:26,10.55,-0.01,35,36950,卖盘
10:01:29,10.56,0.01,59,62298,买盘
10:01:32,10.57,0.01,1,1057,买盘
10:01:35,10.56,-0.01,15,15840,卖盘
10:01:38,10.56,0.0,33,34849,卖盘
10:01:41,10.57,0.01,21,22191,买盘
10:01:44,10.56,-0.01,28,29568,中性盘
10:01:47,10.56,0.0,3,3168,买盘
10:01:50,10.56,0.0,4,4224,买盘
10:01:53,10.55,-0.01,28,29543,卖盘
10:02:02,10.55,0.0,1,1055,卖盘
10:02:05,10.55,0.0,9,9495,买盘
10:02:08,10.55,0.0,2,2110,买盘
10:02:11,10.54,-0.01,15,15810,卖盘
10:02:14,10.54,0.0,28,29537,卖盘
10:02:23,10.54,0.0,42,44268,卖盘
10:02:26,10.54,0.0,12,12648,买盘
10:02:32,10.52,-0.02,114,120106,卖盘
10:02:38,10.56,0.04,11,11615,买盘
10:02:41,10.55,-0.01,33,34815,卖盘
10:02:44,10.56,0.01,36,38016,买盘
10:02:59,10.6,0.04,128,135402,买盘
10:03:02,10.61,0.01,25,26525,买盘
10:03:05,10.62,0.01,4,4248,买盘
10:03:08,10.62,0.0,19,20178,买盘
10:03:11,10.64,0.02,13,13834,买盘
10:03:14,10.62,-0.02,18,19116,卖盘
10:03:20,10.63,0.01,23,24449,买盘
10:03:23,10.64,0.01,4,4256,买盘
10:03:26,10.64,0.0,13,13835,卖盘
10:03:32,10.65,0.01,21,22365,买盘
10:03:35,10.65,0.0,34,36210,买盘
10:03:41,10.68,0.03,3,3204,买盘
10:03:44,10.67,-0.01,7,7472,卖盘
10:03:47,10.68,0.01,10,10679,中性盘
10:03:50,10.66,-0.02,18,19190,卖盘
10:03:53,10.66,0.0,84,89544,卖盘
10:03:56,10.64,-0.02,58,61799,卖盘
10:04:05,10.67,0.03,48,51203,买盘
10:04:14,10.68,0.01,39,41633,买盘
10:04:17,10.68,0.0,74,78951,买盘
10:04:20,10.68,0.0,3,3204,买盘
10:04:23,10.68,0.0,20,21353,买盘
10:04:26,10.68,0.0,1,1068,买盘
10:04:29,10.68,0.0,33,35244,买盘
10:04:32,10.65,-0.03,5,5325,卖盘
10:04:41,10.65,0.0,46,48990,卖盘
10:04:50,10.64,-0.01,1,1064,卖盘
10:04:53,10.68,0.04,192,204699,买盘
10:05:11,10.67,-0.01,34,36277,买盘
10:05:17,10.64,-0.03,2,2128,卖盘
10:05:20,10.65,0.01,8,8519,中性盘
10:05:23,10.65,0.0,5,5327,卖盘
10:05:29,10.65,0.0,1,1065,买盘
10:05:36,10.64,-0.01,1,1064,卖盘
10:05:41,10.64,0.0,10,10640,卖盘
10:05:50,10.65,0.01,3,3195,买盘
10:05:53,10.64,-0.01,34,36176,卖盘
10:05:56,10.64,0.0,5,5324,卖盘
10:05:59,10.64,0.0,7,7448,卖盘
10:06:02,10.64,0.0,1,1064,卖盘
10:06:23,10.65,0.01,11,11715,买盘
10:06:26,10.65,0.0,1,1065,卖盘
10:06:32,10.66,0.01,44,46873,买盘
10:06:47,10.64,-0.02,60,63840,卖盘
10:06:50,10.63,-0.01,6,6378,卖盘
10:06:53,10.62,-0.01,2,2124,卖盘
10:06:56,10.62,0.0,1,1062,卖盘
10:07:02,10.62,0.0,6,6372,卖盘
10:07:05,10.62,0.0,9,9558,卖盘
10:07:11,10.64,0.02,44,46747,买盘
10:07:14,10.63,-0.01,1,1063,卖盘
10:07:17,10.63,0.0,1,1063,卖盘
10:07:20,10.63,0.0,29,30827,卖盘
10:07:29,10.63,0.0,5,5315,卖盘
10:07:32,10.64,0.01,59,62776,买盘
10:07:44,10.65,0.01,6,6390,买盘
10:07:47,10.65,0.0,21,22365,卖盘
10:07:50,10.65,0.0,21,22365,卖盘
10:07:53,10.63,-0.02,153,162684,卖盘
10:07:56,10.63,0.0,14,14882,卖盘
10:08:02,10.64,0.01,16,17024,买盘
10:08:05,10.64,0.0,37,39338,买盘
10:08:08,10.62,-0.02,67,71220,卖盘
10:08:17,10.61,-0.01,2,2122,卖盘
10:08:20,10.61,0.0,25,26525,卖盘
10:08:26,10.62,0.01,1,1062,买盘
10:08:32,10.61,-0.01,14,14854,卖盘
10:08:41,10.61,0.0,2,2122,买盘
10:08:50,10.6,-0.01,7,7420,卖盘
10:08:53,10.59,-0.01,37,39215,卖盘
10:08:59,10.59,0.0,28,29652,卖盘
10:09:05,10.59,0.0,58,61422,卖盘
10:09:08,10.59,0.0,10,10590,卖盘
10:09:11,10.58,-0.01,4,4232,卖盘
10:09:14,10.58,0.0,525,555450,卖盘
10:09:17,10.58,0.0,5,5290,卖盘
10:09:20,10.58,0.0,76,80408,卖盘
10:09:23,10.56,-0.02,75,79290,卖盘
10:09:26,10.56,0.0,11,11616,买盘
10:09:41,10.56,0.0,16,16896,卖盘
10:09:44,10.56,0.0,14,14771,买盘
10:09:47,10.54,-0.02,27,28463,卖盘
10:09:53,10.56,0.02,19,20030,买盘
10:09:56,10.54,-0.02,21,22134,卖盘
10:09:59,10.54,0.0,3,3162,买盘
10:10:02,10.54,0.0,2,2107,买盘
10:10:05,10.54,0.0,14,14756,买盘
10:10:17,10.55,0.01,6,6330,中性盘
10:10:20,10.54,-0.01,15,15810,卖盘
10:10:29,10.54,0.0,11,11594,买盘
10:10:35,10.54,0.0,3,3162,卖盘
10:10:41,10.54,0.0,30,31620,买盘
10:10:50,10.54,0.0,30,31620,卖盘
10:10:53,10.54,0.0,1,1054,卖盘
10:10:59,10.54,0.0,2,2108,卖盘
10:11:11,10.55,0.01,3,3165,买盘
10:11:23,10.55,0.0,19,20039,买盘
10:11:26,10.54,-0.01,12,12648,卖盘
10:11:38,10.55,0.01,53,55915,买盘
10:11:41,10.55,0.0,15,15824,买盘
10:11:44,10.55,0.0,44,46420,买盘
10:11:53,10.55,0.0,2,2110,卖盘
10:11:59,10.56,0.01,32,33792,买盘
10:12:14,10.55,-0.01,36,37980,卖盘
10:12:17,10.56,0.01,73,77028,买盘
10:12:20,10.56,0.0,161,169856,买盘
10:12:23,10.56,0.0,50,52791,买盘
10:12:29,10.55,-0.01,16,16880,买盘
10:12:35,10.55,0.0,2,2110,买盘
10:12:41,10.55,0.0,8,8440,买盘
10:12:47,10.55,0.0,1,1055,卖盘
10:12:53,10.55,0.0,8,8440,买盘
10:13:05,10.54,-0.01,2,2108,卖盘
10:13:08,10.54,0.0,54,56916,卖盘
10:13:11,10.53,-0.01,227,239257,卖盘
10:13:14,10.52,-0.01,78,82126,卖盘
10:13:17,10.55,0.03,269,283447,买盘
10:13:23,10.55,0.0,136,143480,卖盘
10:13:26,10.55,0.0,15,15825,卖盘
10:13:44,10.52,-0.03,7,7365,卖盘
10:13:47,10.53,0.01,1,1053,买盘
10:13:53,10.53,0.0,1,1053,买盘
10:13:56,10.52,-0.01,3,3156,卖盘
10:14:02,10.52,0.0,4,4208,卖盘
10:14:08,10.52,0.0,1,1052,卖盘
10:14:11,10.52,0.0,2,2104,卖盘
10:14:14,10.52,0.0,12,12624,卖盘
10:14:17,10.52,0.0,14,14728,卖盘
10:14:20,10.52,0.0,16,16842,卖盘
10:14:23,10.52,0.0,19,19988,卖盘
10:14:41,10.52,0.0,21,22092,买盘
10:14:47,10.51,-0.01,1,1051,卖盘
10:14:53,10.51,0.0,15,15765,卖盘
10:15:02,10.51,0.0,7,7357,卖盘
10:15:11,10.52,0.01,30,31560,买盘
10:15:14,10.52,0.0,26,27352,卖盘
10:15:17,10.52,0.0,3,3156,买盘
10:15:20,10.52,0.0,1,1052,买盘
10:15:23,10.52,0.0,1,1052,买盘
10:15:26,10.52,0.0,4,4208,买盘
10:15:32,10.52,0.0,6,6312,卖盘
10:15:41,10.52,0.0,7,7364,卖盘
10:15:44,10.52,0.0,5,5258,买盘
10:15:50,10.51,-0.01,1,1051,卖盘
10:15:53,10.52,0.01,10,10520,买盘
10:15:56,10.51,-0.01,1,1051,卖盘
10:15:59,10.52,0.01,12,12617,买盘
10:16:05,10.52,0.0,1,1052,买盘
10:16:11,10.52,0.0,4,4208,买盘
10:16:17,10.52,0.0,50,52600,买盘
10:16:26,10.52,0.0,1,1052,买盘
10:16:29,10.52,0.0,21,22082,买盘
10:16:32,10.52,0.0,32,33664,买盘
10:16:35,10.52,0.0,6,6312,卖盘
10:16:38,10.52,0.0,6,6312,卖盘
10:16:44,10.52,0.0,63,66276,卖盘
10:16:50,10.52,0.0,10,10520,卖盘
10:16:53,10.52,0.0,24,25248,卖盘
10:16:56,10.53,0.01,51,53662,买盘
10:16:59,10.53,0.0,8,8424,卖盘
10:17:02,10.52,-0.01,2,2104,卖盘
10:17:08,10.52,0.0,116,122016,买盘
10:17:11,10.51,-0.01,24,25225,卖盘
10:17:14,10.51,0.0,54,56758,卖盘
10:17:17,10.51,0.0,143,150293,卖盘
10:17:20,10.51,0.0,137,143987,卖盘
10:17:23,10.5,-0.01,8,8400,卖盘
10:17:26,10.5,0.0,13,13650,卖盘
10:17:29,10.49,-0.01,314,329596,卖盘
10:17:32,10.49,0.0,206,216094,卖盘
10:17:35,10.47,-0.02,6,6282,卖盘
10:17:41,10.46,-0.01,101,105646,卖盘
10:17:44,10.46,0.0,21,21966,卖盘
10:17:47,10.46,0.0,130,135980,卖盘
10:17:50,10.45,-0.01,20,20900,卖盘
10:17:56,10.46,0.01,50,52300,买盘
10:18:02,10.43,-0.03,115,120071,卖盘
10:18:05,10.42,-0.01,6,6252,卖盘
10:18:08,10.42,0.0,1,1042,中性盘
10:18:17,10.42,0.0,37,38554,买盘
10:18:23,10.42,0.0,1,1042,买盘
10:18:26,10.42,0.0,5,5210,买盘
10:18:35,10.42,0.0,1,1042,买盘
10:18:38,10.42,0.0,56,58352,买盘
10:18:47,10.42,0.0,66,68772,买盘
10:18:50,10.43,0.01,8,8337,中性盘
10:18:53,10.42,-0.01,12,12507,卖盘
10:18:59,10.42,0.0,20,20840,卖盘
10:19:02,10.42,0.0,25,26050,卖盘
10:19:05,10.42,0.0,4,4168,卖盘
10:19:08,10.42,0.0,108,112545,卖盘
10:19:17,10.42,0.0,28,29166,买盘
10:19:20,10.42,0.0,1,1042,买盘
10:19:23,10.41,-0.01,4,4164,卖盘
10:19:26,10.42,0.01,2,2084,买盘
10:19:32,10.42,0.0,13,13543,买盘
10:19:35,10.42,0.0,6,6252,卖盘
10:19:38,10.42,0.0,50,52100,买盘
10:19:41,10.41,-0.01,5,5205,卖盘
10:19:44,10.42,0.01,10,10420,买盘
10:19:53,10.42,0.0,7,7294,买盘
10:19:59,10.42,0.0,5,5210,买盘
10:20:08,10.41,-0.01,12,12492,卖盘
10:20:14,10.41,0.0,40,41640,卖盘
10:20:20,10.41,0.0,2,2082,买盘
10:20:23,10.41,0.0,2,2082,买盘
10:20:26,10.4,-0.01,35,36400,卖盘
10:20:29,10.41,0.01,20,20819,买盘
10:20:32,10.41,0.0,1,1041,卖盘
10:20:38,10.42,0.01,25,26050,买盘
10:20:56,10.42,0.0,10,10420,买盘
10:20:59,10.42,0.0,7,7294,卖盘
10:21:02,10.43,0.01,24,25027,买盘
10:21:05,10.42,-0.01,1,1042,买盘
10:21:08,10.41,-0.01,6,6246,卖盘
10:21:11,10.42,0.01,48,50016,买盘
10:21:20,10.41,-0.01,12,12492,卖盘
10:21:23,10.4,-0.01,13,13524,卖盘
10:21:26,10.4,0.0,13,13523,卖盘
10:21:29,10.4,0.0,30,31200,卖盘
10:21:32,10.41,0.01,22,22902,买盘
10:21:35,10.41,0.0,5,5205,卖盘
10:21:38,10.4,-0.01,10,10400,卖盘
10:21:47,10.4,0.0,2,2080,卖盘
10:21:50,10.4,0.0,1,1040,卖盘
10:21:53,10.4,0.0,5,5200,卖盘
10:22:02,10.41,0.01,14,14574,买盘
10:22:29,10.42,0.01,2,2084,买盘
10:22:41,10.41,-0.01,32,33340,卖盘
10:22:50,10.41,0.0,11,11451,买盘
10:22:53,10.41,0.0,9,9369,买盘
10:22:59,10.4,-0.01,5,5200,卖盘
10:23:02,10.4,0.0,33,34320,卖盘
10:23:05,10.4,0.0,27,28080,卖盘
10:23:08,10.4,0.0,6,6240,卖盘
10:23:11,10.38,-0.02,132,137183,卖盘
10:23:14,10.38,0.0,5,5190,卖盘
10:23:17,10.38,0.0,15,15570,卖盘
10:23:20,10.38,0.0,17,17646,卖盘
10:23:23,10.38,0.0,3,3114,卖盘
10:23:29,10.38,0.0,2,2076,卖盘
10:23:32,10.37,-0.01,30,31134,卖盘
10:23:35,10.37,0.0,3,3112,卖盘
10:23:41,10.37,0.0,3,3111,卖盘
10:23:44,10.37,0.0,37,38369,卖盘
10:23:47,10.36,-0.01,31,32116,卖盘
10:23:50,10.36,0.0,6,6216,卖盘
10:23:56,10.37,0.01,3,3111,买盘
10:23:59,10.36,-0.01,3,3108,卖盘
10:24:02,10.37,0.01,27,27999,买盘
10:24:11,10.37,0.0,12,12437,买盘
10:24:23,10.37,0.0,16,16592,卖盘
10:24:29,10.38,0.01,4,4152,买盘
10:24:35,10.36,-0.02,151,156483,卖盘
10:24:41,10.36,0.0,8,8291,卖盘
10:24:44,10.36,0.0,8,8288,卖盘
10:24:47,10.36,0.0,8,8288,卖盘
10:24:50,10.36,0.0,10,10360,买盘
10:24:53,10.37,0.01,13,13471,买盘
10:24:59,10.36,-0.01,25,25900,中性盘
10:25:02,10.38,0.02,22,22835,买盘
10:25:05,10.38,0.0,0,10,卖盘
10:25:08,10.38,0.0,8,8294,卖盘
10:25:11,10.39,0.01,16,16632,买盘
10:25:14,10.39,0.0,4,4156,卖盘
10:25:17,10.39,0.0,7,7273,卖盘
10:25:20,10.39,0.0,7,7273,卖盘
10:25:23,10.4,0.01,5,5198,买盘
10:25:26,10.4,0.0,2,2080,卖盘
10:25:29,10.4,0.0,4,4160,买盘
10:25:35,10.39,-0.01,2,2078,卖盘
10:25:41,10.39,0.0,10,10380,卖盘
10:25:47,10.39,0.0,10,10388,买盘
10:25:50,10.39,0.0,5,5193,买盘
10:25:53,10.38,-0.01,1,1038,中性盘
10:25:59,10.36,-0.02,5,5180,卖盘
10:26:02,10.37,0.01,69,71490,中性盘
10:26:08,10.36,-0.01,25,25900,卖盘
10:26:11,10.36,0.0,16,16576,卖盘
10:26:14,10.36,0.0,6,6217,卖盘
10:26:17,10.36,0.0,1,1036,卖盘
10:26:23,10.36,0.0,2,2072,卖盘
10:26:29,10.36,0.0,3,3108,买盘
10:26:35,10.36,0.0,59,61120,买盘
10:26:47,10.36,0.0,13,13460,买盘
10:26:56,10.36,0.0,4,4144,卖盘
10:27:08,10.37,0.01,1,1037,买盘
10:27:11,10.37,0.0,50,51850,买盘
10:27:20,10.38,0.01,2,2076,卖盘
10:27:23,10.38,0.0,1,1038,买盘
10:27:35,10.39,0.01,5,5191,买盘
10:27:44,10.38,-0.01,3,3114,卖盘
10:27:47,10.38,0.0,27,28033,卖盘
10:27:50,10.39,0.01,1,1039,买盘
10:27:53,10.39,0.0,13,13507,买盘
10:27:56,10.39,0.0,6,6234,买盘
10:27:59,10.39,0.0,9,9351,买盘
10:28:02,10.39,0.0,14,14546,买盘
10:28:05,10.39,0.0,48,49872,卖盘
10:28:08,10.39,0.0,7,7273,卖盘
10:28:11,10.4,0.01,14,14559,买盘
10:28:14,10.4,0.0,4,4160,买盘
10:28:20,10.42,0.02,44,45808,买盘
10:28:23,10.42,0.0,32,33350,买盘
10:28:29,10.45,0.03,10,10450,买盘
10:28:32,10.46,0.01,194,202732,买盘
10:28:38,10.47,0.01,7,7329,买盘
10:28:41,10.47,0.0,7,7329,卖盘
10:28:44,10.48,0.01,6,6287,买盘
10:28:47,10.47,-0.01,5,5235,卖盘
10:28:50,10.49,0.02,52,54496,买盘
10:28:53,10.48,-0.01,20,20964,卖盘
10:28:56,10.48,0.0,5,5240,卖盘
10:28:59,10.48,0.0,1,1048,卖盘
10:29:02,10.48,0.0,25,26200,卖盘
10:29:05,10.45,-0.03,19,19855,卖盘
10:29:11,10.43,-0.02,1,1043,卖盘
10:29:14,10.43,0.0,8,8344,买盘
10:29:17,10.44,0.01,14,14616,卖盘
10:29:23,10.44,0.0,20,20880,卖盘
10:29:29,10.44,0.0,3,3132,卖盘
10:29:35,10.44,0.0,3,3132,卖盘
10:29:53,10.45,0.01,32,33440,买盘
10:29:56,10.45,0.0,5,5225,买盘
10:30:02,10.44,-0.01,17,17748,卖盘
10:30:05,10.44,0.0,16,16710,卖盘
10:30:08,10.45,0.01,10,10450,买盘
10:30:11,10.44,-0.01,127,132588,卖盘
10:30:14,10.44,0.0,136,141984,卖盘
10:30:17,10.43,-0.01,52,54236,卖盘
10:30:20,10.43,0.0,46,47999,卖盘
10:30:23,10.43,0.0,2,2085,买盘
10:30:26,10.42,-0.01,4,4168,卖盘
10:30:29,10.42,0.0,22,22924,卖盘
10:30:32,10.42,0.0,15,15636,卖盘
10:30:35,10.42,0.0,28,29176,卖盘
10:30:38,10.41,-0.01,3,3123,卖盘
10:30:41,10.41,0.0,3,3123,买盘
10:30:50,10.4,-0.01,3,3120,卖盘
10:30:56,10.41,0.01,16,16656,买盘
10:30:59,10.42,0.01,3,3126,买盘
10:31:02,10.42,0.0,43,44806,买盘
10:31:05,10.43,0.01,1,1043,买盘
10:31:08,10.43,0.0,3,3129,买盘
10:31:11,10.43,0.0,6,6258,买盘
10:31:14,10.42,-0.01,26,27092,卖盘
10:31:17,10.43,0.01,12,12514,买盘
10:31:23,10.43,0.0,5,5215,买盘
10:31:29,10.43,0.0,8,8344,买盘
10:31:35,10.42,-0.01,2,2084,卖盘
10:31:38,10.43,0.01,27,28161,买盘
10:31:47,10.43,0.0,36,37542,买盘
10:31:50,10.42,-0.01,2,2084,卖盘
10:31:59,10.42,0.0,2,2084,卖盘
10:32:02,10.42,0.0,53,55226,卖盘
10:32:11,10.41,-0.01,41,42696,卖盘
10:32:14,10.41,0.0,22,22902,卖盘
10:32:20,10.41,0.0,24,24984,卖盘
10:32:23,10.41,0.0,31,32271,卖盘
10:32:26,10.41,0.0,23,23943,卖盘
10:32:29,10.41,0.0,10,10410,卖盘
10:32:32,10.4,-0.01,78,81178,卖盘
10:32:35,10.41,0.01,3,3123,买盘
10:32:41,10.39,-0.02,41,42599,卖盘
10:32:50,10.38,-0.01,4,4152,卖盘
10:32:56,10.38,0.0,9,9342,卖盘
10:33:02,10.38,0.0,9,9342,卖盘
10:33:05,10.38,0.0,2,2076,卖盘
10:33:08,10.38,0.0,39,40483,卖盘
10:33:11,10.39,0.01,2,2078,中性盘
10:33:20,10.4,0.01,9,9360,买盘
10:33:23,10.36,-0.04,103,106804,卖盘
10:33:26,10.36,0.0,2,2072,买盘
10:33:29,10.4,0.04,116,120619,买盘
10:33:35,10.4,0.0,2,2080,卖盘
10:33:38,10.4,0.0,1,1040,卖盘
10:33:41,10.41,0.01,3,3123,买盘
10:33:44,10.41,0.0,3,3123,买盘
10:33:47,10.41,0.0,1,1041,买盘
10:34:02,10.41,0.0,81,84321,买盘
10:34:05,10.41,0.0,9,9369,卖盘
10:34:17,10.42,0.01,5,5210,买盘
10:34:20,10.42,0.0,1,1042,买盘
10:34:23,10.42,0.0,1,1042,买盘
10:34:32,10.43,0.01,20,20845,买盘
10:34:35,10.43,0.0,1,1043,卖盘
10:34:38,10.43,0.0,2,2086,卖盘
10:34:41,10.43,0.0,2,2086,卖盘
10:34:44,10.41,-0.02,10,10410,卖盘
10:34:50,10.42,0.01,1,1042,买盘
10:34:59,10.42,0.0,1,1042,买盘
10:35:17,10.43,0.01,4,4172,买盘
10:35:50,10.44,0.01,4,4176,买盘
10:36:02,10.44,0.0,21,21920,买盘
10:36:05,10.43,-0.01,35,36505,卖盘
10:36:08,10.42,-0.01,19,19814,卖盘
10:36:23,10.43,0.01,8,8344,买盘
10:36:35,10.41,-0.02,26,27066,卖盘
10:36:56,10.41,0.0,5,5205,买盘
10:37:02,10.41,0.0,25,26025,买盘
10:37:17,10.42,0.01,2,2083,买盘
10:37:26,10.42,0.0,8,8336,买盘
10:37:38,10.44,0.02,5,5220,买盘
10:37:47,10.43,-0.01,1,1043,卖盘
10:37:50,10.43,0.0,12,12516,卖盘
10:37:53,10.43,0.0,30,31265,买盘
10:37:59,10.43,0.0,11,11473,卖盘
10:38:08,10.43,0.0,2,2086,卖盘
10:38:11,10.43,0.0,2,2086,卖盘
10:38:14,10.43,0.0,27,28161,卖盘
10:38:26,10.43,0.0,3,3129,卖盘
10:38:32,10.43,0.0,4,4172,卖盘
10:38:35,10.43,0.0,63,65709,卖盘
10:38:38,10.43,0.0,47,48977,买盘
10:38:47,10.43,0.0,4,4172,买盘
10:39:02,10.43,0.0,6,6258,卖盘
10:39:08,10.43,0.0,10,10430,卖盘
10:39:11,10.43,0.0,14,14602,卖盘
10:39:14,10.44,0.01,10,10434,买盘
10:39:17,10.43,-0.01,2,2086,卖盘
10:39:41,10.43,0.0,7,7301,卖盘
10:39:44,10.43,0.0,15,15645,卖盘
10:39:47,10.43,0.0,17,17734,卖盘
10:39:50,10.43,0.0,77,80311,卖盘
10:39:53,10.43,0.0,135,140710,中性盘
10:39:59,10.43,0.0,4,4172,卖盘
10:40:02,10.43,0.0,11,11473,卖盘
10:40:05,10.43,0.0,1,1043,卖盘
10:40:08,10.43,0.0,20,20860,卖盘
10:40:11,10.43,0.0,4,4172,卖盘
10:40:14,10.43,0.0,45,46935,卖盘
10:40:23,10.43,0.0,9,9387,卖盘
10:40:26,10.43,0.0,5,5215,卖盘
10:40:44,10.43,0.0,37,38626,卖盘
10:40:53,10.45,0.02,30,31334,买盘
10:41:05,10.43,-0.02,3,3129,买盘
10:41:08,10.44,0.01,32,33408,买盘
10:41:11,10.45,0.01,10,10450,买盘
10:41:14,10.45,0.0,6,6270,买盘
10:41:17,10.45,0.0,1,1045,卖盘
10:41:32,10.47,0.02,8,8361,买盘
10:41:35,10.48,0.01,5,5234,买盘
10:41:44,10.47,-0.01,3,3141,买盘
10:41:47,10.49,0.02,25,26225,买盘
10:41:59,10.5,0.01,1,1050,买盘
10:42:02,10.54,0.04,57,59858,买盘
10:42:11,10.54,0.0,28,29512,买盘
10:42:14,10.54,0.0,50,52700,卖盘
10:42:17,10.56,0.02,7,7392,买盘
10:42:20,10.54,-0.02,4,4216,卖盘
10:42:23,10.54,0.0,20,21080,卖盘
10:42:26,10.55,0.01,93,98007,买盘
10:42:32,10.54,-0.01,28,29512,卖盘
10:42:35,10.54,0.0,14,14756,买盘
10:42:41,10.54,0.0,5,5270,买盘
10:42:47,10.53,-0.01,2,2106,中性盘
10:42:53,10.53,0.0,3,3157,买盘
10:42:56,10.52,-0.01,2,2104,卖盘
10:42:59,10.53,0.01,4,4212,买盘
10:43:05,10.54,0.01,19,20021,买盘
10:43:08,10.54,0.0,3,3162,买盘
10:43:11,10.53,-0.01,66,69577,卖盘
10:43:17,10.55,0.02,8,8440,中性盘
10:43:26,10.56,0.01,2,2112,买盘
10:43:29,10.56,0.0,16,16896,卖盘
10:43:44,10.56,0.0,37,39072,卖盘
10:43:50,10.55,-0.01,10,10550,买盘
10:43:53,10.54,-0.01,16,16864,卖盘
10:43:56,10.55,0.01,14,14770,买盘
10:44:08,10.54,-0.01,4,4219,卖盘
10:44:11,10.56,0.02,47,49612,买盘
10:44:14,10.54,-0.02,12,12650,卖盘
10:44:17,10.55,0.01,13,13715,买盘
10:44:20,10.55,0.0,10,10550,买盘
10:44:23,10.54,-0.01,10,10540,卖盘
10:44:26,10.54,0.0,31,32674,卖盘
10:44:29,10.55,0.01,42,44302,买盘
10:44:35,10.54,-0.01,160,168780,中性盘
10:44:38,10.54,0.0,11,11594,买盘
10:44:50,10.53,-0.01,2,2106,卖盘
10:44:53,10.54,0.01,11,11594,买盘
10:45:29,10.53,-0.01,3,3159,卖盘
10:45:32,10.53,0.0,24,25272,卖盘
10:45:50,10.53,0.0,20,21060,卖盘
10:46:08,10.53,0.0,5,5265,卖盘
10:46:14,10.53,0.0,93,97929,卖盘
10:46:17,10.53,0.0,41,43173,卖盘
10:46:23,10.53,0.0,10,10530,卖盘
10:46:26,10.53,0.0,2,2106,卖盘
10:46:32,10.51,-0.02,2,2104,卖盘
10:46:44,10.51,0.0,1,1051,卖盘
10:46:50,10.51,0.0,6,6306,卖盘
10:46:53,10.51,0.0,2,2102,卖盘
10:47:11,10.5,-0.01,11,11550,卖盘
10:47:20,10.5,0.0,6,6300,卖盘
10:47:23,10.5,0.0,1,1050,买盘
10:47:29,10.51,0.01,14,14713,买盘
10:47:44,10.52,0.01,27,28404,买盘
10:47:56,10.53,0.01,12,12636,买盘
10:47:59,10.54,0.01,35,36890,买盘
10:48:02,10.54,0.0,1,1054,买盘
10:48:14,10.54,0.0,5,5270,买盘
10:48:29,10.54,0.0,10,10540,买盘
10:48:35,10.54,0.0,1,1054,买盘
10:48:38,10.52,-0.02,275,289566,卖盘
10:48:56,10.52,0.0,48,50442,买盘
10:48:59,10.5,-0.02,1,1050,买盘
10:49:02,10.49,-0.01,1,1049,卖盘
10:49:08,10.49,0.0,10,10490,卖盘
10:49:17,10.49,0.0,17,17833,卖盘
10:49:29,10.48,-0.01,51,53448,中性盘
10:49:32,10.49,0.01,1,1049,卖盘
10:49:38,10.46,-0.03,29,30412,卖盘
10:49:41,10.46,0.0,18,18828,买盘
10:49:44,10.45,-0.01,67,70015,卖盘
10:49:47,10.45,0.0,37,38665,买盘
10:49:53,10.45,0.0,46,48070,买盘
10:49:56,10.46,0.01,17,17782,买盘
10:49:59,10.46,0.0,7,7322,买盘
10:50:08,10.45,-0.01,14,14630,卖盘
10:50:20,10.45,0.0,6,6270,买盘
10:50:26,10.46,0.01,24,25104,买盘
10:51:23,10.48,0.02,5,5240,买盘
10:51:26,10.46,-0.02,59,61714,卖盘
10:51:29,10.46,0.0,2,2092,买盘
10:51:35,10.46,0.0,139,145394,买盘
10:51:44,10.46,0.0,1,1046,卖盘
10:52:14,10.49,0.03,14,14686,买盘
10:52:17,10.46,-0.03,93,97371,卖盘
10:52:50,10.5,0.04,3,3150,买盘
10:52:56,10.47,-0.03,1,1047,卖盘
10:53:02,10.47,0.0,57,59679,卖盘
10:53:08,10.5,0.03,8,8400,买盘
10:53:11,10.49,-0.01,2,2098,买盘
10:53:14,10.46,-0.03,102,106694,卖盘
10:53:17,10.49,0.03,10,10490,买盘
10:53:23,10.49,0.0,5,5245,买盘
10:53:26,10.5,0.01,7,7350,买盘
10:53:29,10.53,0.03,1,1053,买盘
10:53:38,10.5,-0.03,28,29418,卖盘
10:53:41,10.53,0.03,22,23160,买盘
10:53:44,10.53,0.0,4,4212,卖盘
10:53:47,10.5,-0.03,30,31506,卖盘
10:53:53,10.54,0.04,14,14748,买盘
10:53:59,10.51,-0.03,180,189180,卖盘
10:54:05,10.54,0.03,12,12648,买盘
10:54:08,10.5,-0.04,94,98779,卖盘
10:54:14,10.5,0.0,35,36750,卖盘
10:54:20,10.5,0.0,29,30450,卖盘
10:54:23,10.55,0.05,89,93888,买盘
10:54:44,10.5,-0.05,35,36750,买盘
10:54:47,10.5,0.0,24,25200,卖盘
10:54:50,10.5,0.0,1,1050,买盘
10:55:03,10.5,0.0,69,72450,买盘
10:55:05,10.49,-0.01,33,34617,卖盘
10:55:08,10.5,0.01,2,2100,买盘
10:55:14,10.49,-0.01,6,6294,卖盘
10:55:26,10.49,0.0,5,5245,卖盘
10:55:41,10.5,0.01,50,52500,买盘
10:55:44,10.49,-0.01,8,8392,卖盘
10:56:02,10.5,0.01,20,21000,买盘
10:56:05,10.5,0.0,6,6300,卖盘
10:56:17,10.53,0.03,4,4210,买盘
10:56:26,10.53,0.0,1,1053,卖盘
10:56:29,10.53,0.0,4,4212,卖盘
10:56:41,10.53,0.0,2,2106,买盘
10:56:50,10.53,0.0,2,2106,卖盘
10:57:02,10.54,0.01,6,6324,买盘
10:57:05,10.54,0.0,1,1054,买盘
10:57:11,10.53,-0.01,2,2106,卖盘
10:57:20,10.53,0.0,10,10530,卖盘
10:57:23,10.54,0.01,3,3162,买盘
10:57:29,10.54,0.0,2,2108,卖盘
10:57:44,10.54,0.0,12,12648,卖盘
10:57:47,10.54,0.0,7,7378,卖盘
10:57:59,10.55,0.01,17,17932,买盘
10:58:11,10.55,0.0,2,2110,买盘
10:58:14,10.55,0.0,10,10550,买盘
10:58:29,10.55,0.0,3,3165,买盘
10:58:32,10.54,-0.01,3,3162,卖盘
10:58:56,10.55,0.01,2,2110,买盘
10:59:02,10.54,-0.01,1,1054,卖盘
10:59:05,10.55,0.01,2,2110,买盘
10:59:23,10.54,-0.01,10,10540,卖盘
10:59:32,10.57,0.03,243,256379,买盘
10:59:38,10.58,0.01,1,1058,买盘
11:00:05,10.56,-0.02,3,3168,卖盘
11:00:08,10.56,0.0,10,10560,卖盘
11:00:14,10.57,0.01,8,8456,卖盘
11:00:17,10.57,0.0,6,6342,卖盘
11:00:23,10.56,-0.01,1,1056,卖盘
11:00:26,10.55,-0.01,8,8440,卖盘
11:00:35,10.55,0.0,9,9495,卖盘
11:00:44,10.56,0.01,15,15840,买盘
11:00:47,10.57,0.01,31,32767,买盘
11:00:56,10.57,0.0,80,84560,买盘
11:00:59,10.56,-0.01,15,15840,卖盘
11:01:17,10.57,0.01,6,6342,买盘
11:01:20,10.56,-0.01,16,16897,卖盘
11:01:26,10.56,0.0,1,1056,卖盘
11:01:32,10.56,0.0,9,9504,卖盘
11:01:41,10.57,0.01,3,3171,买盘
11:01:44,10.56,-0.01,20,21120,卖盘
11:01:50,10.56,0.0,4,4224,卖盘
11:01:53,10.57,0.01,50,52850,买盘
11:02:02,10.57,0.0,2,2114,买盘
11:02:17,10.58,0.01,2,2116,买盘
11:02:26,10.57,-0.01,2,2114,买盘
11:02:35,10.57,0.0,20,21159,卖盘
11:02:47,10.58,0.01,1,1058,买盘
11:03:05,10.58,0.0,4,4232,买盘
11:03:08,10.58,0.0,15,15870,买盘
11:03:14,10.58,0.0,3,3172,买盘
11:03:26,10.58,0.0,10,10580,买盘
11:03:47,10.58,0.0,4,4232,买盘
11:03:50,10.58,0.0,134,141772,买盘
11:03:53,10.59,0.01,85,89941,买盘
11:03:56,10.59,0.0,1,1059,买盘
11:04:11,10.62,0.03,109,115534,买盘
11:04:23,10.62,0.0,10,10620,买盘
11:04:26,10.62,0.0,5,5310,买盘
11:04:38,10.62,0.0,10,10620,买盘
11:04:47,10.62,0.0,4,4248,卖盘
11:04:56,10.64,0.02,3,3192,买盘
11:04:59,10.64,0.0,2,2128,卖盘
11:05:05,10.63,-0.01,24,25512,卖盘
11:05:11,10.64,0.01,38,40405,买盘
11:05:14,10.64,0.0,17,18088,卖盘
11:05:17,10.62,-0.02,2,2124,卖盘
11:05:20,10.62,0.0,50,53134,卖盘
11:05:23,10.62,0.0,1,1062,卖盘
11:05:26,10.62,0.0,1,1062,卖盘
11:05:29,10.6,-0.02,106,112566,卖盘
11:05:38,10.6,0.0,1,1060,买盘
11:05:41,10.58,-0.02,6,6348,卖盘
11:05:56,10.6,0.02,2,2120,买盘
11:06:05,10.58,-0.02,31,32798,卖盘
11:06:08,10.57,-0.01,3,3171,卖盘
11:06:17,10.57,0.0,20,21140,卖盘
11:06:20,10.57,0.0,10,10570,卖盘
11:06:23,10.58,0.01,9,9522,买盘
11:06:29,10.57,-0.01,2,2114,卖盘
11:06:35,10.57,0.0,3,3171,卖盘
11:06:38,10.57,0.0,5,5285,卖盘
11:06:44,10.58,0.01,217,229586,买盘
11:07:08,10.57,-0.01,18,19026,卖盘
11:07:11,10.56,-0.01,2,2112,卖盘
11:08:02,10.57,0.01,10,10570,买盘
11:08:05,10.57,0.0,1,1057,买盘
11:08:11,10.57,0.0,8,8456,买盘
11:08:14,10.57,0.0,31,32767,买盘
11:08:38,10.58,0.01,1,1058,买盘
11:08:44,10.58,0.0,1,1058,卖盘
11:09:05,10.58,0.0,5,5290,买盘
11:09:41,10.58,0.0,10,10580,买盘
11:10:05,10.57,-0.01,10,10570,卖盘
11:10:29,10.57,0.0,10,10570,卖盘
11:11:11,10.56,-0.01,29,30624,卖盘
11:12:32,10.56,0.0,117,123552,买盘
11:12:35,10.56,0.0,2,2113,卖盘
11:12:38,10.56,0.0,1,1056,买盘
11:12:41,10.56,0.0,1,1056,买盘
11:12:47,10.56,0.0,1,1056,买盘
11:13:11,10.58,0.02,37,39115,买盘
11:13:14,10.58,0.0,1,1058,买盘
11:13:29,10.57,-0.01,1,1057,卖盘
11:13:32,10.58,0.01,1,1058,买盘
11:14:17,10.57,-0.01,10,10570,卖盘
11:14:20,10.57,0.0,4,4228,卖盘
11:14:29,10.56,-0.01,1,1056,卖盘
11:14:50,10.57,0.01,31,32762,买盘
11:14:59,10.57,0.0,15,15855,卖盘
11:15:38,10.57,0.0,53,56021,卖盘
11:15:47,10.57,0.0,86,90902,买盘
11:15:53,10.58,0.01,1,1058,买盘
11:15:56,10.59,0.01,1,1059,买盘
11:15:59,10.59,0.0,1,1059,买盘
11:16:02,10.59,0.0,3,3177,买盘
11:16:08,10.59,0.0,33,34947,买盘
11:16:11,10.6,0.01,64,67840,买盘
11:16:14,10.62,0.02,16,16986,买盘
11:16:23,10.67,0.05,378,402306,买盘
11:16:26,10.68,0.01,48,51264,买盘
11:16:29,10.68,0.0,20,21360,买盘
11:16:32,10.7,0.02,14,14962,买盘
11:16:41,10.69,-0.01,158,169050,卖盘
11:16:44,10.71,0.02,124,132704,买盘
11:16:47,10.71,0.0,6,6426,卖盘
11:16:53,10.71,0.0,20,21420,卖盘
11:16:56,10.72,0.01,129,138288,买盘
11:17:02,10.71,-0.01,10,10710,卖盘
11:17:08,10.71,0.0,4,4286,卖盘
11:17:11,10.72,0.01,14,14998,买盘
11:17:14,10.71,-0.01,12,12852,卖盘
11:17:17,10.71,0.0,1,1071,买盘
11:17:23,10.7,-0.01,1,1070,买盘
11:17:26,10.71,0.01,7,7495,买盘
11:17:29,10.71,0.0,6,6426,卖盘
11:17:32,10.71,0.0,44,47139,卖盘
11:17:47,10.69,-0.02,3,3207,卖盘
11:17:50,10.71,0.02,5,5355,买盘
11:18:17,10.68,-0.03,10,10687,卖盘
11:18:29,10.66,-0.02,3,3198,买盘
11:18:44,10.63,-0.03,25,26575,卖盘
11:18:47,10.63,0.0,10,10635,卖盘
11:18:53,10.65,0.02,3,3195,买盘
11:19:14,10.63,-0.02,3,3189,卖盘
11:19:17,10.65,0.02,26,27690,买盘
11:19:20,10.64,-0.01,31,33005,卖盘
11:19:23,10.64,0.0,6,6384,买盘
11:19:26,10.64,0.0,37,39368,买盘
11:19:29,10.64,0.0,12,12768,卖盘
11:19:38,10.65,0.01,3,3195,买盘
11:19:41,10.66,0.01,10,10660,买盘
11:19:53,10.66,0.0,4,4264,卖盘
11:20:05,10.69,0.03,1,1069,买盘
11:20:20,10.68,-0.01,2,2136,买盘
11:20:23,10.68,0.0,9,9612,卖盘
11:20:26,10.7,0.02,1,1070,买盘
11:20:32,10.7,0.0,3,3206,买盘
11:20:35,10.7,0.0,10,10697,买盘
11:20:50,10.7,0.0,29,31030,买盘
11:20:53,10.7,0.0,11,11770,卖盘
11:21:02,10.68,-0.02,4,4276,卖盘
11:21:08,10.68,0.0,26,27770,卖盘
11:21:20,10.66,-0.02,10,10660,卖盘
11:21:23,10.66,0.0,4,4264,卖盘
11:21:41,10.66,0.0,27,28782,卖盘
11:21:47,10.66,0.0,73,77818,买盘
11:22:05,10.67,0.01,2,2134,中性盘
11:22:29,10.67,0.0,14,14950,中性盘
11:22:38,10.68,0.01,1,1068,中性盘
11:22:41,10.67,-0.01,26,27745,卖盘
11:22:44,10.67,0.0,4,4268,买盘
11:22:50,10.67,0.0,18,19206,买盘
11:22:56,10.67,0.0,20,21340,买盘
11:23:11,10.67,0.0,4,4268,买盘
11:23:14,10.66,-0.01,19,20254,卖盘
11:23:17,10.67,0.01,9,9600,买盘
11:23:23,10.66,-0.01,51,54375,卖盘
11:23:26,10.66,0.0,11,11726,卖盘
11:23:35,10.67,0.01,6,6402,买盘
11:23:38,10.66,-0.01,1,1066,卖盘
11:23:41,10.66,0.0,30,31988,卖盘
11:23:47,10.67,0.01,4,4268,买盘
11:24:08,10.66,-0.01,29,30914,卖盘
11:24:29,10.65,-0.01,2,2130,卖盘
11:24:32,10.65,0.0,12,12780,卖盘
11:24:35,10.64,-0.01,8,8512,卖盘
11:24:41,10.64,0.0,4,4256,卖盘
11:24:47,10.64,0.0,58,61712,卖盘
11:24:56,10.64,0.0,57,60640,买盘
11:25:47,10.62,-0.02,25,26550,卖盘
11:25:53,10.62,0.0,5,5310,卖盘
11:26:08,10.61,-0.01,70,74270,卖盘
11:26:14,10.6,-0.01,352,373168,卖盘
11:26:29,10.58,-0.02,7,7406,卖盘
11:26:32,10.58,0.0,1,1058,买盘
11:26:38,10.57,-0.01,6,6342,卖盘
11:26:41,10.57,0.0,2,2114,卖盘
11:26:50,10.57,0.0,50,52850,卖盘
11:26:59,10.56,-0.01,18,19008,卖盘
11:27:02,10.56,0.0,1,1056,卖盘
11:27:14,10.55,-0.01,83,87565,卖盘
11:27:20,10.55,0.0,2,2110,卖盘
11:27:35,10.55,0.0,39,41145,卖盘
11:27:41,10.55,0.0,1,1055,买盘
11:27:44,10.55,0.0,5,5275,中性盘
11:28:11,10.55,0.0,8,8440,卖盘
11:28:29,10.54,-0.01,3,3162,买盘
11:28:32,10.55,0.01,7,7385,买盘
11:28:38,10.55,0.0,13,13715,卖盘
11:28:41,10.55,0.0,11,11605,中性盘
11:28:44,10.55,0.0,2,2110,买盘
11:28:59,10.55,0.0,3,3165,卖盘
11:29:02,10.54,-0.01,15,15811,卖盘
11:29:05,10.54,0.0,3,3162,卖盘
11:29:14,10.54,0.0,2,2108,卖盘
11:29:35,10.54,0.0,4,4216,买盘
11:29:44,10.54,0.0,7,7378,买盘
13:00:02,10.53,-0.01,3,3159,卖盘
13:00:05,10.53,0.0,50,52675,卖盘
13:00:08,10.53,0.0,20,21062,卖盘
13:00:11,10.53,0.0,4,4215,卖盘
13:00:23,10.53,0.0,11,11583,卖盘
13:00:29,10.53,0.0,42,44226,卖盘
13:00:32,10.52,-0.01,10,10525,卖盘
13:00:35,10.53,0.01,15,15795,买盘
13:00:38,10.53,0.0,4,4212,卖盘
13:00:44,10.53,0.0,8,8425,卖盘
13:01:05,10.53,0.0,3,3159,卖盘
13:01:17,10.54,0.01,3,3162,买盘
13:01:26,10.54,0.0,8,8432,买盘
13:01:32,10.54,0.0,12,12648,买盘
13:01:41,10.54,0.0,6,6324,卖盘
13:01:44,10.55,0.01,37,39010,买盘
13:01:47,10.54,-0.01,10,10540,中性盘
13:01:53,10.55,0.01,61,64351,买盘
13:02:05,10.55,0.0,10,10550,买盘
13:02:08,10.54,-0.01,6,6324,卖盘
13:02:17,10.54,0.0,5,5270,卖盘
13:02:20,10.55,0.01,1,1055,买盘
13:02:44,10.55,0.0,10,10550,买盘
13:02:53,10.55,0.0,20,21100,买盘
13:03:08,10.54,-0.01,56,59024,卖盘
13:03:11,10.54,0.0,28,29512,卖盘
13:03:14,10.54,0.0,23,24242,卖盘
13:03:20,10.53,-0.01,2,2106,卖盘
13:03:44,10.53,0.0,4,4212,卖盘
13:03:47,10.54,0.01,3,3162,买盘
13:03:53,10.54,0.0,4,4216,买盘
13:04:14,10.54,0.0,2,2108,卖盘
13:04:17,10.55,0.01,5,5272,买盘
13:04:47,10.54,-0.01,3,3162,买盘
13:05:17,10.53,-0.01,4,4212,卖盘
13:05:20,10.54,0.01,50,52700,买盘
13:05:32,10.54,0.0,19,20026,买盘
13:05:38,10.53,-0.01,7,7371,卖盘
13:05:44,10.53,0.0,2,2106,卖盘
13:05:53,10.53,0.0,13,13689,卖盘
13:05:56,10.53,0.0,1,1053,卖盘
13:05:59,10.53,0.0,2,2106,卖盘
13:06:11,10.53,0.0,16,16848,卖盘
13:06:26,10.54,0.01,5,5270,买盘
13:06:29,10.53,-0.01,1,1053,卖盘
13:06:32,10.54,0.01,5,5270,买盘
13:06:59,10.54,0.0,40,42160,买盘
13:07:11,10.54,0.0,2,2108,卖盘
13:07:14,10.54,0.0,19,20026,卖盘
13:08:14,10.54,0.0,46,48484,买盘
13:08:20,10.54,0.0,4,4216,买盘
13:08:41,10.54,0.0,10,10540,买盘
13:08:56,10.53,-0.01,178,187436,卖盘
13:09:05,10.53,0.0,4,4212,卖盘
13:09:11,10.53,0.0,20,21060,卖盘
13:09:26,10.54,0.01,1,1054,买盘
13:09:56,10.54,0.0,10,10540,买盘
13:10:12,10.54,0.0,1,1054,买盘
13:10:44,10.54,0.0,2,2108,买盘
13:10:50,10.54,0.0,5,5270,买盘
13:11:11,10.52,-0.02,234,246239,卖盘
13:11:14,10.5,-0.02,78,82026,卖盘
13:11:35,10.5,0.0,18,18900,卖盘
13:11:38,10.5,0.0,12,12600,卖盘
13:11:41,10.5,0.0,6,6300,卖盘
13:11:44,10.5,0.0,1,1050,卖盘
13:11:47,10.5,0.0,68,71400,卖盘
13:11:50,10.49,-0.01,22,23098,卖盘
13:11:56,10.49,0.0,40,41960,卖盘
13:12:08,10.46,-0.03,33,34518,卖盘
13:12:14,10.46,0.0,3,3138,买盘
13:12:17,10.46,0.0,19,19874,买盘
13:12:26,10.46,0.0,7,7322,卖盘
13:12:29,10.46,0.0,22,23012,买盘
13:12:32,10.46,0.0,5,5230,买盘
13:12:35,10.46,0.0,21,21966,买盘
13:12:38,10.46,0.0,10,10460,买盘
13:12:41,10.45,-0.01,4,4180,卖盘
13:12:47,10.46,0.01,5,5230,买盘
13:12:53,10.46,0.0,10,10460,买盘
13:12:56,10.45,-0.01,10,10450,卖盘
13:13:02,10.46,0.01,6,6276,买盘
13:13:11,10.46,0.0,11,11506,买盘
13:13:14,10.46,0.0,3,3138,买盘
13:13:23,10.47,0.01,2,2094,买盘
13:13:29,10.47,0.0,5,5235,买盘
13:13:38,10.47,0.0,10,10470,买盘
13:13:50,10.47,0.0,1,1047,卖盘
13:13:56,10.47,0.0,21,21987,卖盘
13:14:47,10.47,0.0,5,5235,买盘
13:15:05,10.48,0.01,20,20960,买盘
13:15:23,10.48,0.0,3,3144,买盘
13:15:26,10.48,0.0,2,2096,买盘
13:15:35,10.48,0.0,46,48208,买盘
13:15:38,10.48,0.0,4,4192,买盘
13:15:50,10.48,0.0,4,4192,买盘
13:15:59,10.48,0.0,20,20960,买盘
13:16:02,10.48,0.0,4,4192,买盘
13:16:11,10.48,0.0,47,49256,买盘
13:16:14,10.48,0.0,2,2096,买盘
13:16:56,10.48,0.0,3,3144,卖盘
13:17:20,10.48,0.0,1,1048,卖盘
13:17:23,10.48,0.0,12,12576,卖盘
13:17:26,10.48,0.0,4,4192,卖盘
13:17:32,10.48,0.0,3,3144,卖盘
13:17:47,10.48,0.0,6,6288,买盘
13:17:56,10.48,0.0,16,16768,卖盘
13:17:59,10.49,0.01,25,26225,买盘
13:18:20,10.49,0.0,1,1049,买盘
13:18:29,10.48,-0.01,1,1048,卖盘
13:18:47,10.49,0.01,10,10490,买盘
13:19:11,10.49,0.0,43,45107,买盘
13:19:14,10.49,0.0,4,4196,卖盘
13:19:35,10.48,-0.01,49,51352,卖盘
13:19:38,10.48,0.0,3,3144,卖盘
13:19:41,10.48,0.0,2,2096,卖盘
13:19:59,10.49,0.01,20,20980,买盘
13:20:11,10.49,0.0,12,12588,买盘
13:20:14,10.49,0.0,20,20980,卖盘
13:20:20,10.49,0.0,11,11539,买盘
13:20:32,10.49,0.0,14,14686,买盘
13:20:41,10.49,0.0,25,26225,卖盘
13:21:05,10.49,0.0,1,1049,卖盘
13:21:26,10.5,0.01,1,1050,买盘
13:21:32,10.5,0.0,1,1050,买盘
13:21:41,10.49,-0.01,1,1049,买盘
13:22:08,10.49,0.0,10,10490,买盘
13:22:41,10.49,0.0,10,10490,买盘
13:22:47,10.49,0.0,4,4196,买盘
13:22:53,10.48,-0.01,6,6288,卖盘
13:22:56,10.49,0.01,3,3147,买盘
13:23:05,10.49,0.0,59,61871,买盘
13:23:08,10.49,0.0,5,5245,买盘
13:23:11,10.49,0.0,5,5245,买盘
13:23:26,10.5,0.01,4,4200,买盘
13:23:29,10.5,0.0,24,25188,买盘
13:23:32,10.5,0.0,29,30450,买盘
13:23:35,10.5,0.0,12,12600,买盘
13:23:41,10.5,0.0,5,5250,买盘
13:23:44,10.5,0.0,121,127050,买盘
13:23:59,10.52,0.02,1,1052,买盘
13:24:05,10.52,0.0,3,3156,买盘
13:24:23,10.53,0.01,6,6318,买盘
13:24:26,10.53,0.0,1,1053,买盘
13:24:29,10.54,0.01,1,1054,买盘
13:24:32,10.54,0.0,2,2108,买盘
13:24:47,10.55,0.01,5,5275,买盘
13:24:59,10.55,0.0,10,10550,买盘
13:25:02,10.55,0.0,7,7385,买盘
13:25:05,10.55,0.0,59,62244,买盘
13:25:11,10.55,0.0,113,119215,买盘
13:25:14,10.55,0.0,28,29540,买盘
13:25:17,10.55,0.0,2,2110,买盘
13:25:23,10.55,0.0,30,31650,买盘
13:25:35,10.54,-0.01,9,9486,卖盘
13:25:38,10.55,0.01,41,43253,买盘
13:25:41,10.55,0.0,10,10550,买盘
13:25:53,10.55,0.0,7,7385,买盘
13:25:56,10.55,0.0,32,33760,买盘
13:26:02,10.54,-0.01,10,10540,卖盘
13:26:23,10.55,0.01,1,1055,买盘
13:26:41,10.55,0.0,22,23210,买盘
13:26:47,10.54,-0.01,88,92830,卖盘
13:26:50,10.55,0.01,13,13715,买盘
13:26:53,10.59,0.04,156,164708,买盘
13:27:20,10.56,-0.03,22,23264,卖盘
13:27:23,10.59,0.03,10,10590,买盘
13:27:35,10.6,0.01,38,40243,买盘
13:27:47,10.59,-0.01,3,3177,卖盘
13:27:53,10.59,0.0,10,10590,卖盘
13:27:56,10.59,0.0,10,10590,卖盘
13:27:59,10.6,0.01,18,19080,买盘
13:28:11,10.6,0.0,36,38160,买盘
13:28:14,10.6,0.0,10,10600,买盘
13:28:20,10.59,-0.01,1,1059,卖盘
13:28:32,10.59,0.0,191,202269,卖盘
13:28:41,10.57,-0.02,4,4228,买盘
13:28:44,10.6,0.03,10,10595,买盘
13:29:17,10.56,-0.04,27,28512,卖盘
13:29:26,10.56,0.0,6,6336,买盘
13:29:29,10.55,-0.01,7,7385,卖盘
13:30:02,10.56,0.01,2,2112,买盘
13:30:26,10.56,0.0,25,26400,买盘
13:30:32,10.56,0.0,13,13728,卖盘
13:30:35,10.56,0.0,6,6338,卖盘
13:30:47,10.56,0.0,107,112992,卖盘
13:30:59,10.58,0.02,10,10580,买盘
13:31:08,10.56,-0.02,2,2112,卖盘
13:31:11,10.56,0.0,11,11616,卖盘
13:31:17,10.55,-0.01,38,40090,卖盘
13:31:20,10.55,0.0,1,1055,卖盘
13:31:41,10.55,0.0,5,5275,卖盘
13:31:56,10.55,0.0,2,2110,卖盘
13:31:59,10.55,0.0,2,2110,卖盘
13:32:11,10.55,0.0,1,1055,卖盘
13:32:20,10.55,0.0,5,5275,卖盘
13:32:26,10.55,0.0,25,26375,卖盘
13:32:44,10.55,0.0,9,9495,卖盘
13:32:47,10.55,0.0,11,11605,卖盘
13:32:50,10.55,0.0,1,1055,卖盘
13:32:56,10.56,0.01,23,24288,买盘
13:33:02,10.56,0.0,1,1056,卖盘
13:33:05,10.58,0.02,39,41233,买盘
13:33:17,10.56,-0.02,10,10560,卖盘
13:33:38,10.57,0.01,66,69716,买盘
13:33:44,10.56,-0.01,325,343193,卖盘
13:33:47,10.55,-0.01,30,31660,卖盘
13:34:08,10.55,0.0,21,22155,买盘
13:34:11,10.54,-0.01,22,23188,卖盘
13:34:14,10.55,0.01,11,11605,买盘
13:34:20,10.54,-0.01,9,9486,卖盘
13:34:23,10.58,0.04,137,144705,买盘
13:34:26,10.59,0.01,9,9523,买盘
13:34:47,10.59,0.0,43,45537,买盘
13:34:56,10.59,0.0,3,3177,买盘
13:35:02,10.59,0.0,4,4236,买盘
13:35:08,10.6,0.01,47,49783,买盘
13:35:14,10.6,0.0,13,13777,买盘
13:35:29,10.6,0.0,20,21200,买盘
13:35:35,10.6,0.0,27,28620,买盘
13:35:41,10.6,0.0,64,67786,买盘
13:35:53,10.6,0.0,9,9540,买盘
13:36:02,10.6,0.0,88,93280,买盘
13:36:05,10.6,0.0,179,189740,买盘
13:36:08,10.65,0.05,55,58519,买盘
13:36:14,10.64,-0.01,99,105248,买盘
13:36:17,10.64,0.0,10,10635,买盘
13:36:35,10.62,-0.02,12,12744,卖盘
13:36:38,10.61,-0.01,3,3183,卖盘
13:36:44,10.62,0.01,26,27606,买盘
13:36:53,10.62,0.0,21,22292,中性盘
13:36:56,10.62,0.0,2,2124,中性盘
13:36:59,10.62,0.0,15,15930,卖盘
13:37:05,10.62,0.0,27,28674,卖盘
13:37:08,10.62,0.0,1,1062,卖盘
13:37:29,10.62,0.0,12,12744,卖盘
13:37:32,10.62,0.0,50,53100,买盘
13:37:53,10.62,0.0,1,1062,买盘
13:38:02,10.62,0.0,1,1062,买盘
13:38:11,10.65,0.03,200,212940,买盘
13:38:14,10.66,0.01,31,33055,买盘
13:38:32,10.67,0.01,28,29856,买盘
13:38:35,10.63,-0.04,1,1063,中性盘
13:38:53,10.66,0.03,133,141776,买盘
13:38:56,10.66,0.0,41,43739,卖盘
13:38:59,10.67,0.01,10,10670,买盘
13:39:09,10.66,-0.01,2,2132,卖盘
13:39:17,10.66,0.0,40,42640,卖盘
13:39:20,10.66,0.0,14,14934,卖盘
13:39:23,10.66,0.0,29,30914,卖盘
13:39:26,10.67,0.01,139,148278,买盘
13:39:41,10.66,-0.01,3,3198,买盘
13:39:44,10.67,0.01,23,24541,买盘
13:39:47,10.67,0.0,1,1067,卖盘
13:39:53,10.68,0.01,12,12814,买盘
13:39:59,10.68,0.0,10,10680,买盘
13:40:02,10.68,0.0,3,3204,买盘
13:40:05,10.68,0.0,31,33108,卖盘
13:40:11,10.68,0.0,20,21360,买盘
13:40:32,10.67,-0.01,1,1067,卖盘
13:40:35,10.67,0.0,1,1067,卖盘
13:40:41,10.67,0.0,21,22407,卖盘
13:40:44,10.68,0.01,41,43787,买盘
13:40:47,10.68,0.0,38,40594,买盘
13:40:53,10.68,0.0,13,13884,卖盘
13:40:56,10.68,0.0,24,25635,卖盘
13:40:59,10.68,0.0,5,5340,卖盘
13:41:02,10.68,0.0,20,21360,卖盘
13:41:08,10.68,0.0,5,5340,卖盘
13:41:11,10.68,0.0,13,13884,卖盘
13:41:14,10.68,0.0,40,42720,卖盘
13:41:26,10.67,-0.01,5,5335,卖盘
13:41:32,10.68,0.01,16,17086,买盘
13:41:44,10.68,0.0,5,5340,买盘
13:41:56,10.6,-0.08,641,681929,卖盘
13:41:59,10.68,0.08,103,109968,买盘
13:42:05,10.67,-0.01,5,5335,买盘
13:42:11,10.66,-0.01,9,9594,中性盘
13:42:14,10.7,0.04,231,246817,买盘
13:42:17,10.7,0.0,11,11770,买盘
13:42:23,10.69,-0.01,10,10690,卖盘
13:42:26,10.7,0.01,13,13910,买盘
13:42:32,10.69,-0.01,14,14966,卖盘
13:42:35,10.7,0.01,35,37450,买盘
13:42:38,10.7,0.0,4,4280,买盘
13:42:41,10.7,0.0,20,21390,买盘
13:42:44,10.69,-0.01,8,8552,卖盘
13:42:50,10.69,0.0,7,7483,卖盘
13:42:56,10.69,0.0,18,19242,卖盘
13:42:59,10.69,0.0,4,4276,卖盘
13:43:02,10.69,0.0,24,25656,卖盘
13:43:05,10.69,0.0,5,5345,卖盘
13:43:08,10.69,0.0,4,4276,卖盘
13:43:11,10.69,0.0,74,79106,卖盘
13:43:23,10.67,-0.02,16,17072,卖盘
13:43:26,10.69,0.02,129,137901,买盘
13:43:38,10.69,0.0,8,8552,买盘
13:43:41,10.69,0.0,29,31001,买盘
13:43:50,10.69,0.0,10,10690,买盘
13:43:56,10.69,0.0,30,32070,买盘
13:43:59,10.68,-0.01,21,22428,卖盘
13:44:29,10.67,-0.01,50,53350,卖盘
13:44:38,10.67,0.0,7,7469,卖盘
13:44:41,10.67,0.0,10,10670,卖盘
13:44:44,10.67,0.0,70,74690,卖盘
13:44:50,10.67,0.0,5,5335,买盘
13:44:59,10.67,0.0,8,8536,卖盘
13:45:08,10.67,0.0,17,18139,卖盘
13:45:11,10.67,0.0,11,11737,买盘
13:45:14,10.67,0.0,4,4268,买盘
13:45:17,10.66,-0.01,36,38376,卖盘
13:45:20,10.66,0.0,2,2132,卖盘
13:45:29,10.66,0.0,3,3198,卖盘
13:45:35,10.66,0.0,2,2132,卖盘
13:45:41,10.66,0.0,54,57564,卖盘
13:45:44,10.67,0.01,10,10670,买盘
13:45:50,10.66,-0.01,1,1066,买盘
13:45:53,10.66,0.0,2,2132,买盘
13:45:56,10.67,0.01,3,3200,买盘
13:45:59,10.66,-0.01,91,97006,买盘
13:46:02,10.65,-0.01,6,6395,卖盘
13:46:05,10.67,0.02,43,45849,买盘
13:46:08,10.7,0.03,233,248965,买盘
13:46:11,10.7,0.0,107,114481,买盘
13:46:14,10.7,0.0,1,1070,买盘
13:46:32,10.7,0.0,1,1070,买盘
13:46:41,10.7,0.0,2,2140,买盘
13:46:47,10.7,0.0,39,41725,买盘
13:46:50,10.7,0.0,10,10700,买盘
13:46:53,10.69,-0.01,33,35281,卖盘
13:46:56,10.7,0.01,7,7490,买盘
13:47:02,10.7,0.0,36,38520,买盘
13:47:05,10.7,0.0,3,3210,买盘
13:47:08,10.7,0.0,19,20330,买盘
13:47:11,10.7,0.0,1,1070,买盘
13:47:14,10.7,0.0,55,58850,买盘
13:47:23,10.71,0.01,129,138057,买盘
13:47:26,10.71,0.0,20,21420,买盘
13:47:35,10.71,0.0,10,10710,买盘
13:47:38,10.72,0.01,83,88947,买盘
13:47:41,10.74,0.02,250,268047,买盘
13:47:44,10.75,0.01,38,40822,买盘
13:47:50,10.75,0.0,23,24725,买盘
13:47:56,10.75,0.0,4,4300,买盘
13:47:59,10.73,-0.02,33,35412,卖盘
13:48:02,10.75,0.02,60,64445,买盘
13:48:05,10.75,0.0,282,303150,买盘
13:48:08,10.76,0.01,57,61276,买盘
13:48:14,10.76,0.0,36,38734,买盘
13:48:17,10.75,-0.01,5,5375,卖盘
13:48:20,10.76,0.01,3,3228,买盘
13:48:23,10.75,-0.01,82,88200,卖盘
13:48:26,10.75,0.0,5,5375,买盘
13:48:29,10.75,0.0,171,183823,买盘
13:48:35,10.76,0.01,10,10760,买盘
13:48:38,10.75,-0.01,2,2150,卖盘
13:48:41,10.75,0.0,266,285950,卖盘
13:48:50,10.73,-0.02,61,65544,卖盘
13:48:56,10.73,0.0,7,7511,买盘
13:48:59,10.73,0.0,28,30044,买盘
13:49:05,10.73,0.0,2,2146,卖盘
13:49:11,10.72,-0.01,88,94336,卖盘
13:49:14,10.72,0.0,8,8576,买盘
13:49:17,10.7,-0.02,6,6422,卖盘
13:49:20,10.7,0.0,86,92026,卖盘
13:49:23,10.7,0.0,8,8560,买盘
13:49:32,10.69,-0.01,4,4276,卖盘
13:49:35,10.69,0.0,1,1069,卖盘
13:49:38,10.69,0.0,25,26725,卖盘
13:49:41,10.69,0.0,11,11759,卖盘
13:49:44,10.69,0.0,20,21380,卖盘
13:49:47,10.69,0.0,23,24587,卖盘
13:49:50,10.69,0.0,8,8552,卖盘
13:49:53,10.69,0.0,29,31011,卖盘
13:49:59,10.69,0.0,4,4276,买盘
13:50:23,10.69,0.0,53,56657,买盘
13:50:32,10.67,-0.02,5,5335,卖盘
13:50:47,10.67,0.0,8,8536,中性盘
13:50:50,10.66,-0.01,12,12796,卖盘
13:50:53,10.67,0.01,1,1067,买盘
13:50:57,10.66,-0.01,16,17056,卖盘
13:51:11,10.67,0.01,1,1067,买盘
13:51:20,10.67,0.0,40,42680,买盘
13:51:23,10.67,0.0,1,1067,卖盘
13:51:35,10.68,0.01,12,12816,买盘
13:51:41,10.68,0.0,25,26700,买盘
13:51:47,10.68,0.0,13,13884,买盘
13:52:11,10.68,0.0,23,24564,买盘
13:52:20,10.69,0.01,5,5345,买盘
13:52:56,10.69,0.0,10,10690,卖盘
13:52:59,10.69,0.0,2,2138,卖盘
13:53:05,10.69,0.0,1,1069,卖盘
13:53:17,10.69,0.0,1,1069,卖盘
13:53:20,10.69,0.0,3,3207,卖盘
13:53:24,10.7,0.01,10,10700,买盘
13:53:26,10.69,-0.01,8,8552,卖盘
13:53:47,10.69,0.0,16,17104,买盘
13:53:56,10.69,0.0,4,4276,买盘
13:53:59,10.69,0.0,5,5345,买盘
13:54:08,10.69,0.0,8,8552,买盘
13:54:20,10.69,0.0,36,38484,买盘
13:54:23,10.69,0.0,5,5345,卖盘
13:54:29,10.69,0.0,1,1069,买盘
13:54:35,10.69,0.0,4,4276,买盘
13:54:38,10.69,0.0,1,1069,买盘
13:54:41,10.69,0.0,1,1069,卖盘
13:54:44,10.69,0.0,1,1069,卖盘
13:54:47,10.69,0.0,4,4276,卖盘
13:55:08,10.69,0.0,5,5345,卖盘
13:55:26,10.68,-0.01,35,37380,卖盘
13:55:29,10.69,0.01,16,17104,买盘
13:55:53,10.69,0.0,2,2138,买盘
13:55:59,10.69,0.0,2,2138,买盘
13:56:14,10.69,0.0,51,54469,买盘
13:56:48,10.68,-0.01,10,10680,卖盘
13:56:56,10.69,0.01,28,29932,买盘
13:56:59,10.68,-0.01,8,8544,卖盘
13:57:53,10.68,0.0,3,3204,卖盘
13:58:02,10.68,0.0,50,53400,卖盘
13:58:05,10.68,0.0,3,3204,卖盘
13:58:32,10.68,0.0,18,19224,买盘
13:58:35,10.68,0.0,5,5340,买盘
13:58:38,10.67,-0.01,9,9603,卖盘
13:58:47,10.69,0.02,58,61968,买盘
13:58:50,10.68,-0.01,12,12816,卖盘
13:58:59,10.68,0.0,5,5340,卖盘
13:59:08,10.67,-0.01,177,188859,卖盘
13:59:14,10.67,0.0,9,9603,买盘
13:59:29,10.67,0.0,321,342507,买盘
13:59:32,10.67,0.0,1,1067,买盘
13:59:38,10.66,-0.01,13,13858,卖盘
13:59:41,10.67,0.01,20,21340,买盘
13:59:44,10.67,0.0,10,10670,买盘
13:59:50,10.67,0.0,1,1067,买盘
13:59:59,10.67,0.0,5,5335,买盘
14:00:05,10.66,-0.01,13,13859,卖盘
14:00:14,10.67,0.01,65,69355,卖盘
14:00:17,10.67,0.0,64,68288,买盘
14:00:20,10.66,-0.01,129,137514,卖盘
14:00:23,10.66,0.0,10,10660,买盘
14:00:29,10.65,-0.01,29,30885,卖盘
14:00:35,10.65,0.0,121,128865,卖盘
14:00:38,10.66,0.01,3,3198,买盘
14:00:50,10.66,0.0,2,2132,买盘
14:00:59,10.65,-0.01,100,106500,卖盘
14:01:08,10.65,0.0,146,155585,卖盘
14:01:11,10.67,0.02,17,18125,买盘
14:01:14,10.67,0.0,1,1067,买盘
14:01:17,10.67,0.0,2,2134,买盘
14:01:20,10.66,-0.01,22,23461,卖盘
14:01:23,10.69,0.03,12,12815,买盘
14:01:26,10.67,-0.02,1,1067,卖盘
14:01:29,10.68,0.01,20,21360,中性盘
14:01:32,10.69,0.01,11,11759,买盘
14:01:38,10.66,-0.03,57,60783,卖盘
14:01:47,10.71,0.05,484,517480,买盘
14:01:50,10.73,0.02,44,47164,买盘
14:01:53,10.73,0.0,36,38628,买盘
14:01:56,10.74,0.01,12,12888,买盘
14:01:59,10.75,0.01,5,5375,买盘
14:02:02,10.75,0.0,1,1075,买盘
14:02:08,10.76,0.01,152,163454,买盘
14:02:14,10.74,-0.02,30,32220,卖盘
14:02:17,10.8,0.06,692,746830,买盘
14:02:20,10.82,0.02,728,787028,买盘
14:02:23,10.84,0.02,188,203608,买盘
14:02:26,10.84,0.0,188,203782,买盘
14:02:29,10.85,0.01,112,121480,买盘
14:02:32,10.84,-0.01,64,69379,卖盘
14:02:35,10.85,0.01,148,160579,买盘
14:02:38,10.84,-0.01,51,55284,卖盘
14:02:41,10.85,0.01,50,54229,买盘
14:02:44,10.82,-0.03,2,2164,中性盘
14:02:47,10.83,0.01,1,1083,买盘
14:02:53,10.81,-0.02,8,8648,买盘
14:02:56,10.83,0.02,57,61696,买盘
14:02:59,10.8,-0.03,55,59500,中性盘
14:03:02,10.82,0.02,1,1082,卖盘
14:03:08,10.82,0.0,7,7574,卖盘
14:03:11,10.82,0.0,1,1082,卖盘
14:03:14,10.78,-0.04,47,50882,卖盘
14:03:23,10.78,0.0,23,24874,卖盘
14:03:32,10.8,0.02,8,8640,卖盘
14:03:35,10.8,0.0,2,2160,卖盘
14:03:38,10.79,-0.01,1,1079,买盘
14:03:48,10.79,0.0,33,35577,买盘
14:03:50,10.79,0.0,1,1079,卖盘
14:03:59,10.79,0.0,40,43160,卖盘
14:04:02,10.79,0.0,30,32370,卖盘
14:04:05,10.79,0.0,6,6474,买盘
14:04:08,10.8,0.01,12,12956,买盘
14:04:14,10.8,0.0,85,91799,买盘
14:04:17,10.8,0.0,12,12960,卖盘
14:04:23,10.8,0.0,1,1080,卖盘
14:04:26,10.81,0.01,7,7567,中性盘
14:04:32,10.82,0.01,16,17312,买盘
14:04:35,10.81,-0.01,10,10810,卖盘
14:04:38,10.82,0.01,37,40034,买盘
14:04:41,10.82,0.0,3,3246,买盘
14:04:50,10.82,0.0,26,28132,买盘
14:04:53,10.82,0.0,1,1082,买盘
14:04:59,10.81,-0.01,91,98371,卖盘
14:05:02,10.8,-0.01,3,3240,卖盘
14:05:05,10.8,0.0,2,2160,卖盘
14:05:08,10.8,0.0,1,1080,卖盘
14:05:11,10.8,0.0,11,11884,卖盘
14:05:14,10.8,0.0,70,75600,卖盘
14:05:17,10.8,0.0,24,25931,卖盘
14:05:23,10.8,0.0,105,113400,卖盘
14:05:29,10.8,0.0,5,5400,卖盘
14:05:32,10.8,0.0,5,5401,卖盘
14:05:35,10.8,0.0,27,29163,卖盘
14:05:38,10.8,0.0,12,12960,卖盘
14:05:41,10.8,0.0,52,56160,卖盘
14:05:44,10.8,0.0,26,28080,卖盘
14:05:47,10.8,0.0,67,72360,卖盘
14:05:50,10.78,-0.02,1,1078,卖盘
14:05:53,10.8,0.02,7,7560,买盘
14:06:02,10.78,-0.02,5,5390,卖盘
14:06:05,10.79,0.01,4,4316,买盘
14:06:17,10.79,0.0,7,7553,卖盘
14:06:20,10.79,0.0,23,24817,卖盘
14:06:23,10.79,0.0,3,3237,买盘
14:06:32,10.79,0.0,19,20501,买盘
14:06:35,10.78,-0.01,58,62524,卖盘
14:06:38,10.78,0.0,13,14014,卖盘
14:06:41,10.78,0.0,63,67914,卖盘
14:06:44,10.78,0.0,1,1078,卖盘
14:06:47,10.78,0.0,24,25872,卖盘
14:06:53,10.78,0.0,17,18326,卖盘
14:06:56,10.78,0.0,10,10780,卖盘
14:06:59,10.78,0.0,2,2156,卖盘
14:07:02,10.79,0.01,60,64740,买盘
14:07:11,10.79,0.0,103,111137,买盘
14:07:14,10.79,0.0,2,2159,卖盘
14:07:20,10.79,0.0,10,10790,卖盘
14:07:23,10.79,0.0,37,39923,卖盘
14:07:29,10.8,0.01,118,127440,买盘
14:07:32,10.79,-0.01,2,2158,卖盘
14:07:44,10.8,0.01,1,1080,卖盘
14:07:59,10.8,0.0,23,24840,买盘
14:08:08,10.8,0.0,10,10800,卖盘
14:08:11,10.8,0.0,10,10800,买盘
14:08:14,10.8,0.0,4,4319,买盘
14:08:17,10.8,0.0,48,51840,买盘
14:08:20,10.8,0.0,7,7562,卖盘
14:08:26,10.82,0.02,186,201167,买盘
14:08:29,10.83,0.01,24,25992,买盘
14:08:41,10.83,0.0,3,3251,卖盘
14:08:47,10.84,0.01,3,3250,买盘
14:08:50,10.83,-0.01,3,3249,卖盘
14:08:53,10.84,0.01,39,42266,买盘
14:08:56,10.84,0.0,5,5420,买盘
14:08:59,10.84,0.0,97,105148,买盘
14:09:05,10.85,0.01,152,164920,买盘
14:09:11,10.86,0.01,102,110772,买盘
14:09:14,10.84,-0.02,206,223544,卖盘
14:09:17,10.84,0.0,10,10840,买盘
14:09:20,10.84,0.0,16,17344,买盘
14:09:23,10.84,0.0,39,42276,买盘
14:09:26,10.84,0.0,5,5420,买盘
14:09:29,10.85,0.01,137,148528,买盘
14:09:35,10.85,0.0,9,9765,卖盘
14:09:41,10.85,0.0,10,10850,买盘
14:09:44,10.84,-0.01,50,54200,卖盘
14:09:53,10.85,0.01,29,31464,买盘
14:09:56,10.85,0.0,5,5425,卖盘
14:09:59,10.85,0.0,10,10850,卖盘
14:10:02,10.86,0.01,49,53214,买盘
14:10:05,10.86,0.0,45,48872,卖盘
14:10:11,10.86,0.0,3,3258,卖盘
14:10:14,10.86,0.0,21,22806,买盘
14:10:20,10.85,-0.01,5,5425,卖盘
14:10:23,10.86,0.01,9,9774,买盘
14:10:26,10.85,-0.01,3,3255,卖盘
14:10:29,10.85,0.0,13,14105,卖盘
14:10:32,10.85,0.0,1,1085,卖盘
14:10:35,10.85,0.0,4,4339,买盘
14:10:38,10.85,0.0,7,7593,买盘
14:10:41,10.86,0.01,33,35821,买盘
14:10:44,10.85,-0.01,16,17360,卖盘
14:10:50,10.86,0.01,16,17369,买盘
14:10:53,10.85,-0.01,9,9765,卖盘
14:10:59,10.86,0.01,10,10860,买盘
14:11:02,10.85,-0.01,18,19535,卖盘
14:11:05,10.86,0.01,15,16290,买盘
14:11:11,10.86,0.0,10,10860,买盘
14:11:14,10.85,-0.01,13,14105,卖盘
14:11:17,10.85,0.0,104,112941,卖盘
14:11:20,10.85,0.0,200,217000,卖盘
14:11:23,10.85,0.0,6,6510,卖盘
14:11:26,10.85,0.0,7,7595,卖盘
14:11:29,10.85,0.0,12,13020,卖盘
14:11:32,10.85,0.0,2,2170,卖盘
14:11:35,10.86,0.01,40,43420,买盘
14:11:41,10.85,-0.01,2,2170,卖盘
14:11:44,10.85,0.0,24,26040,卖盘
14:11:47,10.85,0.0,7,7597,卖盘
14:11:50,10.85,0.0,46,49910,卖盘
14:11:53,10.85,0.0,7,7595,买盘
14:12:02,10.84,-0.01,9,9756,卖盘
14:12:05,10.84,0.0,2,2168,卖盘
14:12:08,10.84,0.0,1,1084,卖盘
14:12:11,10.84,0.0,10,10840,卖盘
14:12:14,10.84,0.0,62,67208,卖盘
14:12:20,10.84,0.0,10,10840,卖盘
14:12:23,10.83,-0.01,184,199435,卖盘
14:12:29,10.82,-0.01,20,21640,卖盘
14:12:32,10.82,0.0,10,10820,卖盘
14:12:35,10.82,0.0,9,9738,卖盘
14:12:44,10.8,-0.02,10,10800,卖盘
14:12:47,10.8,0.0,3,3240,卖盘
14:12:50,10.8,0.0,1,1080,卖盘
14:12:53,10.8,0.0,15,16204,卖盘
14:12:56,10.8,0.0,10,10801,卖盘
14:12:59,10.8,0.0,1,1080,卖盘
14:13:14,10.8,0.0,3,3240,卖盘
14:13:17,10.8,0.0,10,10800,卖盘
14:13:20,10.8,0.0,4,4320,卖盘
14:13:29,10.8,0.0,6,6480,卖盘
14:13:38,10.8,0.0,16,17280,卖盘
14:13:41,10.8,0.0,9,9720,卖盘
14:13:47,10.81,0.01,18,19443,买盘
14:13:53,10.8,-0.01,2,2160,卖盘
14:14:05,10.79,-0.01,14,15106,卖盘
14:14:08,10.79,0.0,1,1079,买盘
14:14:23,10.78,-0.01,1,1078,卖盘
14:14:26,10.78,0.0,59,63602,卖盘
14:14:44,10.78,0.0,8,8624,买盘
14:14:50,10.77,-0.01,2,2154,卖盘
14:14:59,10.77,0.0,1,1077,卖盘
14:15:02,10.77,0.0,2,2154,卖盘
14:15:08,10.77,0.0,2,2154,买盘
14:15:14,10.77,0.0,3,3231,买盘
14:15:20,10.78,0.01,2,2156,买盘
14:15:23,10.77,-0.01,5,5385,卖盘
14:15:29,10.77,0.0,5,5385,买盘
14:15:35,10.77,0.0,14,15078,买盘
14:15:38,10.78,0.01,31,33418,买盘
14:15:44,10.78,0.0,5,5390,卖盘
14:15:56,10.78,0.0,31,33418,卖盘
14:16:11,10.78,0.0,5,5390,买盘
14:16:17,10.78,0.0,4,4312,买盘
14:16:20,10.78,0.0,12,12936,买盘
14:16:26,10.78,0.0,24,25867,买盘
14:16:32,10.8,0.02,25,26985,买盘
14:16:38,10.81,0.01,4,4324,买盘
14:16:41,10.8,-0.01,1,1080,卖盘
14:16:44,10.81,0.01,6,6486,买盘
14:16:53,10.81,0.0,23,24863,买盘
14:17:02,10.81,0.0,18,19460,卖盘
14:17:05,10.83,0.02,6,6493,买盘
14:17:11,10.82,-0.01,2,2164,卖盘
14:17:14,10.83,0.01,8,8664,买盘
14:17:20,10.83,0.0,2,2166,卖盘
14:17:29,10.83,0.0,10,10830,买盘
14:17:32,10.83,0.0,42,45486,买盘
14:17:38,10.84,0.01,44,47671,买盘
14:17:41,10.84,0.0,1,1084,卖盘
14:17:59,10.83,-0.01,58,62867,卖盘
14:18:08,10.83,0.0,9,9747,卖盘
14:18:11,10.83,0.0,52,56316,卖盘
14:18:14,10.84,0.01,6,6504,买盘
14:18:20,10.84,0.0,13,14080,买盘
14:18:23,10.84,0.0,5,5420,买盘
14:18:56,10.84,0.0,4,4334,买盘
14:18:59,10.83,-0.01,19,20577,卖盘
14:19:02,10.83,0.0,15,16246,卖盘
14:19:05,10.83,0.0,2,2166,买盘
14:19:08,10.83,0.0,1,1083,买盘
14:19:20,10.82,-0.01,3,3246,买盘
14:19:53,10.82,0.0,15,16230,买盘
14:20:02,10.81,-0.01,9,9729,卖盘
14:20:11,10.82,0.01,3,3246,买盘
14:20:14,10.81,-0.01,80,86480,卖盘
14:20:20,10.8,-0.01,15,16214,卖盘
14:20:23,10.8,0.0,88,95040,卖盘
14:20:35,10.8,0.0,15,16200,卖盘
14:20:38,10.8,0.0,30,32400,卖盘
14:20:50,10.8,0.0,11,11875,买盘
14:20:56,10.8,0.0,1,1080,买盘
14:21:11,10.79,-0.01,11,11869,卖盘
14:21:23,10.8,0.01,24,25920,买盘
14:21:29,10.8,0.0,5,5400,买盘
14:21:47,10.8,0.0,6,6480,买盘
14:21:50,10.8,0.0,5,5400,买盘
14:21:53,10.8,0.0,31,33480,买盘
14:21:59,10.8,0.0,95,102600,买盘
14:22:02,10.83,0.03,678,733008,买盘
14:22:05,10.86,0.03,665,721291,买盘
14:22:08,10.88,0.02,363,394602,买盘
14:22:11,10.89,0.01,149,162198,买盘
14:22:14,10.91,0.02,283,308497,买盘
14:22:17,10.93,0.02,225,245817,买盘
14:22:20,10.94,0.01,43,47019,买盘
14:22:23,10.95,0.01,117,128115,买盘
14:22:26,10.97,0.02,119,130530,买盘
14:22:29,10.98,0.01,233,255659,买盘
14:22:32,10.97,-0.01,281,309032,卖盘
14:22:35,11.0,0.03,223,245295,买盘
14:22:38,11.0,0.0,151,166098,买盘
14:22:41,11.01,0.01,290,319018,买盘
14:22:44,11.03,0.02,22,24261,买盘
14:22:47,11.04,0.01,32,35310,买盘
14:22:50,11.05,0.01,11,12155,买盘
14:22:53,11.08,0.03,55,60918,买盘
14:22:56,11.08,0.0,41,45418,买盘
14:22:59,11.08,0.0,82,90937,买盘
14:23:02,11.11,0.03,5,5555,买盘
14:23:05,11.08,-0.03,253,280620,卖盘
14:23:08,11.07,-0.01,336,372450,卖盘
14:23:11,11.03,-0.04,159,175847,卖盘
14:23:14,11.06,0.03,49,53986,中性盘
14:23:17,11.05,-0.01,17,18765,买盘
14:23:20,11.05,0.0,64,70657,买盘
14:23:23,11.0,-0.05,30,33088,卖盘
14:23:26,11.0,0.0,29,31900,卖盘
14:23:29,11.05,0.05,108,119245,买盘
14:23:32,11.0,-0.05,60,66007,卖盘
14:23:35,11.05,0.05,68,75086,买盘
14:23:38,11.02,-0.03,20,22032,买盘
14:23:41,11.02,0.0,5,5510,买盘
14:23:44,11.0,-0.02,9,9901,卖盘
14:23:47,11.01,0.01,20,22015,买盘
14:23:50,11.0,-0.01,135,148500,卖盘
14:23:53,11.0,0.0,17,18700,买盘
14:23:56,11.0,0.0,9,9900,买盘
14:23:59,11.0,0.0,3,3300,买盘
14:24:02,10.99,-0.01,14,15386,卖盘
14:24:05,10.99,0.0,19,20881,买盘
14:24:08,10.99,0.0,9,9885,买盘
14:24:11,10.99,0.0,9,9891,买盘
14:24:14,11.0,0.01,67,73700,买盘
14:24:17,11.0,0.0,6,6820,买盘
14:24:23,11.0,0.0,26,28612,卖盘
14:24:26,11.0,0.0,3,3300,卖盘
14:24:29,11.0,0.0,9,9900,卖盘
14:24:32,11.01,0.01,21,23111,买盘
14:24:38,11.02,0.01,21,23142,买盘
14:24:41,11.01,-0.01,20,22020,卖盘
14:24:44,11.01,0.0,10,11018,卖盘
14:24:47,11.04,0.03,6,6620,买盘
14:24:50,11.04,0.0,5,5520,买盘
14:24:53,11.04,0.0,148,163280,买盘
14:24:56,11.04,0.0,8,8832,买盘
14:24:59,11.07,0.03,544,601121,买盘
14:25:02,11.07,0.0,8,8848,买盘
14:25:05,11.07,0.0,117,129319,买盘
14:25:08,11.07,0.0,5,5531,买盘
14:25:11,11.07,0.0,32,35424,买盘
14:25:14,11.07,0.0,31,34330,买盘
14:25:17,11.06,-0.01,16,17696,中性盘
14:25:20,11.05,-0.01,19,20995,中性盘
14:25:26,11.04,-0.01,242,267376,卖盘
14:25:29,11.04,0.0,39,43108,卖盘
14:25:32,11.05,0.01,11,12145,中性盘
14:25:35,11.05,0.0,3,3315,卖盘
14:25:38,11.05,0.0,3,3315,卖盘
14:25:41,11.05,0.0,14,15470,卖盘
14:25:44,11.03,-0.02,51,56359,卖盘
14:25:47,11.05,0.02,40,44179,买盘
14:25:50,11.03,-0.02,3,3309,卖盘
14:25:53,11.03,0.0,1,1103,卖盘
14:25:56,11.04,0.01,11,12137,中性盘
14:25:59,11.05,0.01,5,5525,买盘
14:26:02,11.05,0.0,11,12154,买盘
14:26:08,11.04,-0.01,3,3312,卖盘
14:26:11,11.03,-0.01,20,22074,卖盘
14:26:14,11.03,0.0,4,4412,卖盘
14:26:20,11.03,0.0,10,11033,卖盘
14:26:23,11.01,-0.02,120,132174,卖盘
14:26:26,11.03,0.02,1,1103,买盘
14:26:29,11.0,-0.03,2,2200,卖盘
14:26:35,11.01,0.01,48,52849,卖盘
14:26:38,11.01,0.0,3,3305,卖盘
14:26:41,11.02,0.01,16,17613,买盘
14:26:44,11.0,-0.02,12,13200,卖盘
14:26:47,11.01,0.01,31,34106,买盘
14:26:53,11.0,-0.01,6,6600,卖盘
14:26:56,11.0,0.0,6,6600,卖盘
14:26:59,11.01,0.01,21,23131,买盘
14:27:02,11.0,-0.01,17,18714,卖盘
14:27:08,11.0,0.0,13,14300,卖盘
14:27:11,11.01,0.01,9,9908,买盘
14:27:17,11.01,0.0,1,1101,买盘
14:27:20,11.01,0.0,28,30816,买盘
14:27:23,11.01,0.0,12,13205,买盘
14:27:26,11.0,-0.01,35,38520,卖盘
14:27:41,11.01,0.01,4,4406,卖盘
14:27:44,11.02,0.01,4,4408,买盘
14:27:47,11.02,0.0,15,16530,买盘
14:27:56,11.03,0.01,7,7721,买盘
14:27:59,11.02,-0.01,11,12123,卖盘
14:28:02,11.04,0.02,159,175453,买盘
14:28:08,11.04,0.0,10,11040,买盘
14:28:14,11.04,0.0,1,1104,买盘
14:28:17,11.04,0.0,20,22067,买盘
14:28:20,11.04,0.0,3,3312,卖盘
14:28:23,11.05,0.01,2,2210,买盘
14:28:26,11.02,-0.03,22,24281,卖盘
14:28:32,11.02,0.0,1,1102,卖盘
14:28:38,11.04,0.02,2,2207,买盘
14:28:41,11.04,0.0,2,2208,中性盘
14:28:47,11.02,-0.02,50,55100,卖盘
14:28:50,11.02,0.0,7,7718,卖盘
14:28:56,11.02,0.0,6,6612,卖盘
14:28:59,11.03,0.01,43,47429,买盘
14:29:02,11.03,0.0,3,3309,卖盘
14:29:05,11.08,0.05,102,112730,买盘
14:29:11,11.07,-0.01,14,15492,买盘
14:29:17,11.09,0.02,44,48779,买盘
14:29:20,11.07,-0.02,8,8856,卖盘
14:29:26,11.05,-0.02,50,55280,卖盘
14:29:29,11.08,0.03,17,18829,买盘
14:29:32,11.08,0.0,1,1108,买盘
14:29:38,11.11,0.03,158,175245,买盘
14:29:41,11.05,-0.06,82,90962,卖盘
14:29:44,11.05,0.0,11,12155,买盘
14:29:47,11.05,0.0,7,7735,买盘
14:29:50,11.05,0.0,156,172380,买盘
14:29:56,11.08,0.03,1,1108,买盘
14:30:11,11.08,0.0,47,52076,买盘
14:30:17,11.08,0.0,9,9972,卖盘
14:30:20,11.1,0.02,1,1110,买盘
14:30:23,11.08,-0.02,2,2216,卖盘
14:30:26,11.1,0.02,10,11100,买盘
14:30:29,11.12,0.02,39,43351,买盘
14:30:32,11.13,0.01,23,25598,买盘
14:30:35,11.12,-0.01,45,50045,卖盘
14:30:38,11.16,0.04,78,86967,买盘
14:30:41,11.18,0.02,101,112878,买盘
14:30:44,11.15,-0.03,16,17836,卖盘
14:30:47,11.15,0.0,48,53520,买盘
14:30:50,11.18,0.03,12,13414,买盘
14:30:53,11.18,0.0,36,40248,买盘
14:30:56,11.18,0.0,75,83846,买盘
14:30:59,11.18,0.0,63,70408,买盘
14:31:02,11.18,0.0,178,199238,买盘
14:31:05,11.2,0.02,16,17900,买盘
14:31:08,11.22,0.02,11,12318,买盘
14:31:11,11.22,0.0,6,6732,买盘
14:31:14,11.22,0.0,53,59471,买盘
14:31:20,11.24,0.02,10,11240,买盘
14:31:23,11.24,0.0,89,100025,买盘
14:31:26,11.25,0.01,5,5625,买盘
14:31:29,11.25,0.0,107,120575,买盘
14:31:32,11.28,0.03,30,33789,买盘
14:31:35,11.29,0.01,26,29344,中性盘
14:31:38,11.3,0.01,69,77954,买盘
14:31:41,11.33,0.03,41,46411,买盘
14:31:44,11.38,0.05,610,692848,买盘
14:31:47,11.37,-0.01,104,118262,买盘
14:31:50,11.4,0.03,215,244774,买盘
14:31:53,11.4,0.0,99,112844,买盘
14:31:56,11.44,0.04,198,226134,买盘
14:31:59,11.44,0.0,116,132620,买盘
14:32:02,11.46,0.02,197,225706,买盘
14:32:05,11.47,0.01,504,577847,买盘
14:32:08,11.47,0.0,1457,1671135,买盘
14:32:11,11.47,0.0,589,675583,卖盘
14:32:14,11.47,0.0,344,394568,卖盘
14:32:17,11.47,0.0,817,937099,卖盘
14:32:20,11.47,0.0,137,157139,卖盘
14:32:23,11.47,0.0,82,94054,卖盘
14:32:26,11.47,0.0,171,196137,卖盘
14:32:29,11.47,0.0,539,618233,卖盘
14:32:32,11.47,0.0,553,634291,卖盘
14:32:35,11.47,0.0,213,244311,卖盘
14:32:38,11.47,0.0,556,637732,卖盘
14:32:41,11.47,0.0,141,161727,卖盘
14:32:44,11.47,0.0,144,165168,卖盘
14:32:47,11.47,0.0,143,164021,卖盘
14:32:50,11.47,0.0,16,18352,卖盘
14:32:53,11.47,0.0,69,79143,卖盘
14:32:56,11.47,0.0,46,52762,卖盘
14:32:59,11.47,0.0,45,51615,卖盘
14:33:02,11.47,0.0,118,135346,卖盘
14:33:05,11.47,0.0,85,97495,卖盘
14:33:08,11.47,0.0,172,197284,卖盘
14:33:11,11.47,0.0,135,154845,卖盘
14:33:14,11.47,0.0,40,45880,卖盘
14:33:17,11.47,0.0,249,285603,卖盘
14:33:20,11.47,0.0,14,16058,卖盘
14:33:23,11.47,0.0,16,18352,卖盘
14:33:26,11.47,0.0,34,38998,卖盘
14:33:29,11.47,0.0,80,91760,卖盘
14:33:41,11.47,0.0,396,454212,卖盘
14:33:44,11.47,0.0,6,6882,卖盘
14:33:53,11.47,0.0,81,92907,卖盘
14:33:59,11.47,0.0,36,41292,卖盘
14:34:02,11.47,0.0,22,25234,卖盘
14:34:05,11.47,0.0,16,18352,卖盘
14:34:08,11.47,0.0,21,24087,卖盘
14:34:11,11.47,0.0,26,29822,卖盘
14:34:14,11.47,0.0,13,14911,卖盘
14:34:20,11.47,0.0,107,122729,卖盘
14:34:23,11.47,0.0,13,14911,卖盘
14:34:26,11.47,0.0,2,2294,卖盘
14:34:29,11.47,0.0,17,19499,卖盘
14:34:32,11.47,0.0,12,13764,卖盘
14:34:38,11.47,0.0,15,17205,卖盘
14:34:41,11.47,0.0,10,11470,卖盘
14:34:44,11.47,0.0,1,1147,卖盘
14:34:47,11.47,0.0,155,177785,卖盘
14:34:50,11.47,0.0,60,68820,卖盘
14:34:53,11.47,0.0,2,2294,卖盘
14:34:56,11.47,0.0,22,25234,卖盘
14:34:59,11.47,0.0,1,1147,卖盘
14:35:02,11.47,0.0,26,29822,卖盘
14:35:05,11.47,0.0,45,51615,卖盘
14:35:11,11.47,0.0,129,147963,卖盘
14:35:14,11.47,0.0,4,4588,卖盘
14:35:17,11.47,0.0,79,90613,卖盘
14:35:20,11.47,0.0,2,2294,卖盘
14:35:26,11.47,0.0,4,4588,卖盘
14:35:29,11.47,0.0,2,2294,卖盘
14:35:35,11.47,0.0,20,22940,卖盘
14:35:47,11.47,0.0,2,2294,卖盘
14:35:50,11.47,0.0,17,19499,卖盘
14:35:56,11.47,0.0,27,30969,卖盘
14:36:05,11.47,0.0,51,58497,卖盘
14:36:08,11.47,0.0,10,11470,卖盘
14:36:11,11.47,0.0,15,17205,卖盘
14:36:14,11.47,0.0,3,3441,卖盘
14:36:17,11.47,0.0,108,123876,卖盘
14:36:20,11.47,0.0,15,17205,卖盘
14:36:23,11.47,0.0,93,106671,卖盘
14:36:26,11.47,0.0,5,5735,卖盘
14:36:32,11.47,0.0,28,32116,卖盘
14:36:35,11.47,0.0,10,11470,卖盘
14:36:41,11.47,0.0,1,1147,卖盘
14:36:44,11.47,0.0,48,55056,卖盘
14:36:47,11.47,0.0,52,59644,卖盘
14:36:50,11.47,0.0,51,58497,卖盘
14:36:53,11.47,0.0,242,277574,卖盘
14:36:56,11.47,0.0,147,168609,卖盘
14:36:59,11.47,0.0,2,2294,卖盘
14:37:02,11.47,0.0,5,5735,卖盘
14:37:05,11.47,0.0,1,1147,卖盘
14:37:08,11.47,0.0,63,72261,卖盘
14:37:20,11.47,0.0,10,11470,卖盘
14:37:29,11.47,0.0,2,2294,卖盘
14:37:32,11.47,0.0,20,22940,卖盘
14:37:35,11.47,0.0,24,27528,卖盘
14:37:41,11.47,0.0,10,11470,卖盘
14:37:44,11.47,0.0,50,57350,卖盘
14:38:05,11.47,0.0,32,36704,卖盘
14:38:11,11.47,0.0,8,9176,卖盘
14:38:17,11.47,0.0,30,34410,卖盘
14:38:20,11.47,0.0,8,9176,卖盘
14:38:32,11.47,0.0,40,45880,卖盘
14:38:35,11.47,0.0,98,112406,卖盘
14:38:38,11.47,0.0,5,5735,卖盘
14:38:41,11.47,0.0,385,441595,卖盘
14:38:47,11.47,0.0,1,1147,卖盘
14:38:56,11.47,0.0,10,11470,卖盘
14:39:08,11.47,0.0,10,11470,卖盘
14:39:14,11.47,0.0,10,11470,卖盘
14:39:26,11.47,0.0,33,37851,卖盘
14:39:35,11.47,0.0,2,2294,卖盘
14:39:41,11.47,0.0,6,6882,卖盘
14:39:50,11.47,0.0,50,57350,卖盘
14:40:02,11.47,0.0,5,5735,卖盘
14:40:05,11.47,0.0,1,1147,卖盘
14:40:08,11.47,0.0,25,28675,卖盘
14:40:23,11.47,0.0,37,42439,卖盘
14:40:32,11.47,0.0,1,1147,卖盘
14:40:35,11.47,0.0,1,1147,卖盘
14:40:41,11.47,0.0,50,57350,卖盘
14:40:44,11.47,0.0,28,32116,卖盘
14:40:50,11.47,0.0,6,6882,卖盘
14:40:53,11.47,0.0,100,114700,卖盘
14:41:02,11.47,0.0,12,13764,卖盘
14:41:08,11.47,0.0,13,14911,卖盘
14:41:11,11.47,0.0,12,13764,卖盘
14:41:26,11.47,0.0,566,649202,卖盘
14:41:29,11.47,0.0,60,68820,卖盘
14:41:38,11.47,0.0,2,2294,卖盘
14:41:41,11.47,0.0,18,20646,卖盘
14:41:47,11.47,0.0,2,2294,卖盘
14:42:05,11.47,0.0,88,100936,卖盘
14:42:11,11.47,0.0,112,128464,卖盘
14:42:14,11.47,0.0,10,11470,卖盘
14:42:20,11.47,0.0,10,11470,卖盘
14:42:26,11.47,0.0,2,2294,卖盘
14:42:32,11.47,0.0,1,1147,卖盘
14:42:35,11.47,0.0,7,8029,卖盘
14:42:47,11.47,0.0,11,12617,卖盘
14:43:08,11.47,0.0,27,30969,卖盘
14:43:14,11.47,0.0,3,3441,卖盘
14:43:23,11.47,0.0,50,57350,卖盘
14:43:26,11.47,0.0,47,53909,卖盘
14:43:32,11.47,0.0,6,6882,卖盘
14:43:38,11.47,0.0,5,5735,卖盘
14:43:53,11.47,0.0,17,19499,卖盘
14:44:05,11.47,0.0,7,8029,卖盘
14:44:23,11.47,0.0,1,1147,卖盘
14:44:38,11.47,0.0,35,40145,卖盘
14:44:41,11.47,0.0,5,5735,卖盘
14:44:44,11.47,0.0,3,3441,卖盘
14:44:47,11.47,0.0,28,32116,卖盘
14:45:02,11.47,0.0,5,5735,卖盘
14:45:08,11.47,0.0,4,4588,卖盘
14:45:11,11.47,0.0,25,28675,卖盘
14:45:14,11.47,0.0,23,26381,卖盘
14:45:23,11.47,0.0,11,12617,卖盘
14:45:26,11.47,0.0,1,1147,卖盘
14:45:29,11.47,0.0,8,9176,卖盘
14:45:41,11.47,0.0,3,3441,卖盘
14:45:44,11.47,0.0,5,5735,卖盘
14:45:56,11.47,0.0,1,1147,卖盘
14:46:02,11.47,0.0,5,5735,卖盘
14:46:05,11.47,0.0,1,1147,卖盘
14:46:14,11.47,0.0,56,64232,卖盘
14:46:41,11.47,0.0,10,11470,卖盘
14:46:44,11.47,0.0,14,16058,卖盘
14:46:50,11.47,0.0,1,1147,卖盘
14:46:56,11.47,0.0,5,5735,卖盘
14:47:02,11.47,0.0,3,3441,卖盘
14:47:11,11.47,0.0,1,1147,卖盘
14:47:17,11.47,0.0,11,12617,卖盘
14:47:23,11.47,0.0,36,41292,卖盘
14:47:32,11.47,0.0,27,30969,卖盘
14:47:38,11.47,0.0,10,11470,卖盘
14:48:05,11.47,0.0,1,1147,卖盘
14:48:08,11.47,0.0,57,65379,卖盘
14:48:11,11.47,0.0,1,1147,卖盘
14:48:23,11.47,0.0,6,6882,卖盘
14:48:29,11.47,0.0,26,29822,卖盘
14:48:38,11.47,0.0,1,1147,卖盘
14:48:50,11.47,0.0,1,1147,卖盘
14:48:59,11.47,0.0,4,4588,卖盘
14:49:05,11.47,0.0,0,114,卖盘
14:49:08,11.47,0.0,20,22940,卖盘
14:49:20,11.47,0.0,2,2294,卖盘
14:49:26,11.47,0.0,70,80290,卖盘
14:49:50,11.47,0.0,1,1147,卖盘
14:50:23,11.47,0.0,5,5735,卖盘
14:50:32,11.47,0.0,5,5735,卖盘
14:50:41,11.47,0.0,29,33263,卖盘
14:50:47,11.47,0.0,18,20646,卖盘
14:50:53,11.47,0.0,3,3441,卖盘
14:50:56,11.47,0.0,1,1147,卖盘
14:51:02,11.47,0.0,4,4588,卖盘
14:51:11,11.47,0.0,10,11470,卖盘
14:51:14,11.47,0.0,2,2294,卖盘
14:51:53,11.47,0.0,10,11470,卖盘
14:52:14,11.47,0.0,5,5735,卖盘
14:52:17,11.47,0.0,11,12617,卖盘
14:52:23,11.47,0.0,2,2294,卖盘
14:52:32,11.47,0.0,44,50468,卖盘
14:52:44,11.47,0.0,10,11470,卖盘
14:52:53,11.47,0.0,18,20646,卖盘
14:53:02,11.47,0.0,6,6882,卖盘
14:53:05,11.47,0.0,20,22940,卖盘
14:53:08,11.47,0.0,20,22940,卖盘
14:53:17,11.47,0.0,1,1147,卖盘
14:53:23,11.47,0.0,10,11470,卖盘
14:53:26,11.47,0.0,5,5735,卖盘
14:53:32,11.47,0.0,34,38998,卖盘
14:53:35,11.47,0.0,30,34410,卖盘
14:53:47,11.47,0.0,4,4588,卖盘
14:54:08,11.47,0.0,23,26381,卖盘
14:54:23,11.47,0.0,10,11470,卖盘
14:54:26,11.47,0.0,4,4588,卖盘
14:54:38,11.47,0.0,10,11470,卖盘
14:54:44,11.47,0.0,9,10323,卖盘
14:54:47,11.47,0.0,16,18352,卖盘
14:55:08,11.47,0.0,20,22940,卖盘
14:55:11,11.47,0.0,9,10323,卖盘
14:55:14,11.47,0.0,1,1147,卖盘
14:55:29,11.47,0.0,1,1147,卖盘
14:55:38,11.47,0.0,1,1147,卖盘
14:55:41,11.47,0.0,15,17205,卖盘
14:55:59,11.47,0.0,12,13764,卖盘
14:56:08,11.47,0.0,15,17205,卖盘
14:56:11,11.47,0.0,425,487475,卖盘
14:56:17,11.47,0.0,5,5735,卖盘
14:56:20,11.47,0.0,4,4588,卖盘
14:56:44,11.47,0.0,18,20646,卖盘
14:56:47,11.47,0.0,10,11470,卖盘
14:56:50,11.47,0.0,1,1147,卖盘
14:56:53,11.47,0.0,10,11470,卖盘
14:56:56,11.47,0.0,2,2294,卖盘
15:00:03,11.47,0.0,293,336071,卖盘
