成交时间,成交价格,价格变动,成交量,成交金额,性质
09:25:02,14.25,0.0,453,645525,卖盘
09:30:02,14.28,0.03,160,228480,买盘
09:30:05,14.35,0.07,168,240048,买盘
09:30:08,14.3,-0.05,47,67223,卖盘
09:30:11,14.3,0.0,3,4290,卖盘
09:30:14,14.31,0.01,12,17183,卖盘
09:30:17,14.3,-0.01,87,124863,卖盘
09:30:20,14.34,0.04,24,34372,买盘
09:30:26,14.34,0.0,48,68754,买盘
09:30:29,14.3,-0.04,19,27217,卖盘
09:30:32,14.35,0.05,98,140516,买盘
09:30:35,14.3,-0.05,308,441655,卖盘
09:30:38,14.36,0.06,95,136317,中性盘
09:30:41,14.36,0.0,110,158116,卖盘
09:30:44,14.4,0.04,484,695459,买盘
09:30:47,14.4,0.0,335,482500,卖盘
09:30:50,14.41,0.01,13,18749,中性盘
09:30:53,14.45,0.04,56,80806,买盘
09:30:56,14.5,0.05,164,236906,买盘
09:30:59,14.5,0.0,94,136252,买盘
09:31:02,14.5,0.0,63,91329,买盘
09:31:05,14.51,0.01,262,379765,买盘
09:31:08,14.53,0.02,55,79827,买盘
09:31:11,14.53,0.0,91,132149,买盘
09:31:14,14.54,0.01,87,126445,买盘
09:31:17,14.59,0.05,428,622648,买盘
09:31:20,14.56,-0.03,80,116408,中性盘
09:31:23,14.55,-0.01,148,215666,卖盘
09:31:26,14.59,0.04,169,246525,买盘
09:31:29,14.58,-0.01,189,275119,卖盘
09:31:32,14.58,0.0,185,269423,买盘
09:31:35,14.6,0.02,232,338471,买盘
09:31:38,14.6,0.0,66,96257,买盘
09:31:41,14.6,0.0,215,313871,买盘
09:31:44,14.6,0.0,219,319873,卖盘
09:31:47,14.65,0.05,377,552057,买盘
09:31:50,14.7,0.05,533,782752,买盘
09:31:53,14.75,0.05,352,518144,买盘
09:31:56,14.89,0.14,786,1166390,买盘
09:31:59,14.76,-0.13,810,1197357,卖盘
09:32:02,14.81,0.05,90,133697,中性盘
09:32:05,14.87,0.06,695,1034347,买盘
09:32:08,14.86,-0.01,172,255252,卖盘
09:32:11,14.81,-0.05,247,367670,卖盘
09:32:14,14.86,0.05,252,374339,买盘
09:32:17,14.81,-0.05,327,484684,卖盘
09:32:20,14.83,0.02,276,408730,中性盘
09:32:23,14.75,-0.08,180,266547,卖盘
09:32:26,14.76,0.01,173,256346,中性盘
09:32:29,14.75,-0.01,146,215699,卖盘
09:32:32,14.81,0.06,155,229382,买盘
09:32:35,14.83,0.02,762,1128025,买盘
09:32:38,14.83,0.0,180,266990,卖盘
09:32:41,14.84,0.01,215,318911,中性盘
09:32:44,14.8,-0.04,301,446335,卖盘
09:32:47,14.8,0.0,157,232599,卖盘
09:32:50,14.79,-0.01,319,471835,卖盘
09:32:53,14.78,-0.01,152,224596,卖盘
09:32:56,14.76,-0.02,158,233333,中性盘
09:32:59,14.77,0.01,56,82589,买盘
09:33:02,14.66,-0.11,253,372699,卖盘
09:33:05,14.74,0.08,181,266478,买盘
09:33:08,14.69,-0.05,282,414543,卖盘
09:33:11,14.7,0.01,19,27930,中性盘
09:33:14,14.69,-0.01,189,277911,卖盘
09:33:17,14.72,0.03,57,83670,买盘
09:33:20,14.7,-0.02,58,85260,买盘
09:33:23,14.66,-0.04,336,493633,卖盘
09:33:26,14.66,0.0,74,108479,卖盘
09:33:29,14.65,-0.01,39,57154,卖盘
09:33:32,14.63,-0.02,50,73207,卖盘
09:33:35,14.6,-0.03,124,181134,卖盘
09:33:38,14.65,0.05,181,264819,买盘
09:33:41,14.63,-0.02,33,48289,卖盘
09:33:44,14.65,0.02,201,294202,买盘
09:33:47,14.68,0.03,174,255267,买盘
09:33:50,14.65,-0.03,115,168503,卖盘
09:33:53,14.68,0.03,76,111538,买盘
09:33:56,14.65,-0.03,196,287451,卖盘
09:33:59,14.69,0.04,95,139346,买盘
09:34:02,14.64,-0.05,146,214268,卖盘
09:34:05,14.66,0.02,5,7330,中性盘
09:34:11,14.65,-0.01,43,62995,卖盘
09:34:14,14.64,-0.01,54,79102,卖盘
09:34:17,14.65,0.01,21,30757,买盘
09:34:20,14.64,-0.01,10,14628,中性盘
09:34:23,14.6,-0.04,123,179628,卖盘
09:34:26,14.57,-0.03,47,68531,卖盘
09:34:29,14.57,0.0,22,32063,卖盘
09:34:32,14.56,-0.01,17,24742,卖盘
09:34:35,14.56,0.0,25,36395,买盘
09:34:38,14.57,0.01,103,150013,买盘
09:34:41,14.58,0.01,165,240410,买盘
09:34:44,14.57,-0.01,44,64110,卖盘
09:34:47,14.57,0.0,141,205458,卖盘
09:34:50,14.57,0.0,13,18941,买盘
09:34:53,14.56,-0.01,5,7280,卖盘
09:34:56,14.56,0.0,37,53907,卖盘
09:34:59,14.56,0.0,22,32049,买盘
09:35:02,14.56,0.0,84,122258,买盘
09:35:05,14.5,-0.06,154,223733,卖盘
09:35:08,14.51,0.01,17,24667,买盘
09:35:11,14.56,0.05,195,283413,买盘
09:35:14,14.56,0.0,34,49336,买盘
09:35:17,14.51,-0.05,302,437361,卖盘
09:35:20,14.6,0.09,366,532602,买盘
09:35:23,14.54,-0.06,80,116317,中性盘
09:35:26,14.54,0.0,13,18902,买盘
09:35:29,14.52,-0.02,87,126293,卖盘
09:35:32,14.56,0.04,14,20384,买盘
09:35:35,14.56,0.0,155,225628,买盘
09:35:38,14.55,-0.01,56,81482,卖盘
09:35:41,14.55,0.0,3,4367,卖盘
09:35:44,14.57,0.02,28,40767,买盘
09:35:47,14.57,0.0,16,23312,买盘
09:35:50,14.58,0.01,45,65580,买盘
09:35:53,14.58,0.0,11,16036,买盘
09:35:56,14.58,0.0,6,8748,买盘
09:35:59,14.58,0.0,66,96228,买盘
09:36:02,14.6,0.02,239,348681,买盘
09:36:05,14.6,0.0,194,283459,卖盘
09:36:08,14.61,0.01,132,192848,中性盘
09:36:11,14.59,-0.02,63,91955,卖盘
09:36:14,14.6,0.01,64,93428,买盘
09:36:17,14.59,-0.01,22,32118,卖盘
09:36:20,14.59,0.0,66,96312,卖盘
09:36:23,14.57,-0.02,160,233284,卖盘
09:36:26,14.56,-0.01,2,2912,卖盘
09:36:29,14.6,0.04,20,29181,买盘
09:36:32,14.56,-0.04,49,71418,卖盘
09:36:35,14.59,0.03,81,118171,买盘
09:36:38,14.56,-0.03,4,5828,卖盘
09:36:41,14.59,0.03,69,100656,买盘
09:36:44,14.59,0.0,18,26251,买盘
09:36:47,14.59,0.0,10,14585,买盘
09:36:50,14.58,-0.01,17,24793,卖盘
09:36:53,14.59,0.01,25,36485,买盘
09:36:56,14.58,-0.01,77,112278,卖盘
09:36:59,14.59,0.01,84,122496,买盘
09:37:05,14.56,-0.03,29,42304,卖盘
09:37:08,14.56,0.0,224,326196,卖盘
09:37:11,14.56,0.0,20,29120,卖盘
09:37:14,14.55,-0.01,4,5820,卖盘
09:37:17,14.55,0.0,43,62565,卖盘
09:37:20,14.55,0.0,23,33465,买盘
09:37:23,14.57,0.02,82,119361,买盘
09:37:26,14.56,-0.01,7,10192,中性盘
09:37:29,14.59,0.03,10,14588,买盘
09:37:32,14.61,0.02,138,201323,买盘
09:37:35,14.6,-0.01,23,33597,卖盘
09:37:38,14.62,0.02,37,54094,买盘
09:37:41,14.6,-0.02,45,65726,卖盘
09:37:44,14.6,0.0,70,102200,买盘
09:37:47,14.6,0.0,30,43800,买盘
09:37:50,14.6,0.0,48,70080,买盘
09:37:53,14.6,0.0,26,37950,买盘
09:37:56,14.6,0.0,9,13140,买盘
09:37:59,14.6,0.0,5,7300,卖盘
09:38:02,14.6,0.0,182,265720,卖盘
09:38:05,14.58,-0.02,101,147437,卖盘
09:38:08,14.57,-0.01,386,562951,卖盘
09:38:11,14.57,0.0,65,94666,中性盘
09:38:14,14.55,-0.02,15,21838,卖盘
09:38:17,14.57,0.02,215,313280,买盘
09:38:20,14.58,0.01,164,239063,买盘
09:38:23,14.58,0.0,20,29160,买盘
09:38:26,14.58,0.0,17,24786,买盘
09:38:29,14.57,-0.01,7,10199,卖盘
09:38:35,14.57,0.0,81,118017,卖盘
09:38:38,14.57,0.0,74,107818,买盘
09:38:41,14.58,0.01,66,96194,买盘
09:38:44,14.58,0.0,27,39366,买盘
09:38:47,14.57,-0.01,54,78677,卖盘
09:38:50,14.56,-0.01,10,14560,卖盘
09:38:53,14.55,-0.01,34,49485,卖盘
09:38:56,14.55,0.0,25,36375,卖盘
09:38:59,14.55,0.0,44,64020,卖盘
09:39:02,14.54,-0.01,17,24718,卖盘
09:39:05,14.51,-0.03,169,245318,卖盘
09:39:08,14.49,-0.02,137,198647,卖盘
09:39:11,14.48,-0.01,57,82551,卖盘
09:39:14,14.48,0.0,2,2896,卖盘
09:39:17,14.48,0.0,140,202844,卖盘
09:39:20,14.51,0.03,51,73899,买盘
09:39:23,14.53,0.02,80,116051,买盘
09:39:26,14.62,0.09,880,1281526,买盘
09:39:29,14.73,0.11,309,453586,买盘
09:39:32,14.77,0.04,159,234496,买盘
09:39:35,14.8,0.03,542,801563,买盘
09:39:38,14.83,0.03,224,331619,买盘
09:39:41,14.83,0.0,15,22222,买盘
09:39:44,14.79,-0.04,151,223605,卖盘
09:39:47,14.82,0.03,332,491919,买盘
09:39:50,14.79,-0.03,62,91687,买盘
09:39:53,14.78,-0.01,196,289645,卖盘
09:39:56,14.77,-0.01,99,146224,卖盘
09:39:59,14.75,-0.02,31,45789,卖盘
09:40:02,14.75,0.0,29,42777,卖盘
09:40:05,14.7,-0.05,173,255010,卖盘
09:40:08,14.7,0.0,41,60296,卖盘
09:40:11,14.7,0.0,51,74970,卖盘
09:40:14,14.68,-0.02,27,39644,卖盘
09:40:17,14.65,-0.03,40,58706,卖盘
09:40:20,14.65,0.0,81,118671,卖盘
09:40:23,14.75,0.1,652,957564,买盘
09:40:26,14.68,-0.07,121,177364,中性盘
09:40:29,14.68,0.0,46,67528,买盘
09:40:32,14.68,0.0,192,281887,买盘
09:40:35,14.68,0.0,36,52848,卖盘
09:40:38,14.72,0.04,74,108906,买盘
09:40:44,14.72,0.0,9,13248,卖盘
09:40:47,14.72,0.0,40,58880,买盘
09:40:50,14.72,0.0,7,10300,买盘
09:40:53,14.7,-0.02,139,204330,卖盘
09:40:56,14.69,-0.01,6,8817,卖盘
09:40:59,14.69,0.0,119,174728,中性盘
09:41:02,14.7,0.01,93,136691,买盘
09:41:05,14.68,-0.02,15,22028,中性盘
09:41:08,14.66,-0.02,20,29339,卖盘
09:41:11,14.69,0.03,106,155647,买盘
09:41:14,14.67,-0.02,7,10279,中性盘
09:41:17,14.66,-0.01,13,19064,卖盘
09:41:20,14.66,0.0,86,125928,卖盘
09:41:23,14.66,0.0,57,83618,卖盘
09:41:26,14.65,-0.01,44,64497,卖盘
09:41:35,14.59,-0.06,9,13132,卖盘
09:41:38,14.61,0.02,40,58560,中性盘
09:41:41,14.65,0.04,20,29300,买盘
09:41:44,14.61,-0.04,11,16070,卖盘
09:41:47,14.64,0.03,2,2928,买盘
09:41:50,14.65,0.01,3,4394,买盘
09:41:53,14.6,-0.05,20,29224,卖盘
09:41:56,14.64,0.04,18,26369,买盘
09:41:59,14.64,0.0,54,78884,卖盘
09:42:05,14.64,0.0,9,13163,买盘
09:42:08,14.64,0.0,63,91988,买盘
09:42:11,14.64,0.0,6,8779,买盘
09:42:14,14.61,-0.03,7,10233,卖盘
09:42:17,14.6,-0.01,18,26280,卖盘
09:42:20,14.64,0.04,28,40964,买盘
09:42:23,14.6,-0.04,1,1460,卖盘
09:42:26,14.61,0.01,30,43830,买盘
09:42:35,14.61,0.0,1,1461,卖盘
09:42:38,14.61,0.0,20,29220,卖盘
09:42:41,14.61,0.0,11,16095,卖盘
09:42:44,14.64,0.03,13,19029,买盘
09:42:47,14.64,0.0,6,8784,买盘
09:42:50,14.64,0.0,10,14640,买盘
09:42:53,14.61,-0.03,93,135873,卖盘
09:42:56,14.61,0.0,4,5844,买盘
09:42:59,14.6,-0.01,322,470123,卖盘
09:43:02,14.61,0.01,52,75880,买盘
09:43:05,14.6,-0.01,151,220311,中性盘
09:43:11,14.6,0.0,1,1460,买盘
09:43:14,14.6,0.0,37,54008,买盘
09:43:17,14.61,0.01,19,27749,买盘
09:43:23,14.61,0.0,8,11688,买盘
09:43:26,14.6,-0.01,36,52569,卖盘
09:43:29,14.61,0.01,8,11688,卖盘
09:43:32,14.63,0.02,3,4388,买盘
09:43:35,14.62,-0.01,43,62835,中性盘
09:43:38,14.6,-0.02,11,16078,卖盘
09:43:41,14.62,0.02,27,39472,买盘
09:43:44,14.6,-0.02,542,791860,卖盘
09:43:47,14.62,0.02,10,14616,买盘
09:43:50,14.6,-0.02,66,96364,卖盘
09:43:53,14.62,0.02,30,43829,买盘
09:43:56,14.62,0.0,8,11696,买盘
09:43:59,14.61,-0.01,21,30681,卖盘
09:44:02,14.61,0.0,4,5845,卖盘
09:44:05,14.6,-0.01,51,74500,卖盘
09:44:08,14.6,0.0,52,76020,卖盘
09:44:11,14.6,0.0,14,20440,卖盘
09:44:14,14.6,0.0,23,33572,买盘
09:44:20,14.58,-0.02,5,7290,卖盘
09:44:23,14.58,0.0,46,67078,卖盘
09:44:29,14.56,-0.02,30,43684,卖盘
09:44:32,14.57,0.01,33,48078,买盘
09:44:35,14.57,0.0,2,2914,买盘
09:44:44,14.55,-0.02,36,52427,卖盘
09:44:47,14.56,0.01,32,46623,中性盘
09:44:50,14.56,0.0,4,5824,买盘
09:44:53,14.56,0.0,20,29120,买盘
09:44:56,14.55,-0.01,45,65475,卖盘
09:44:59,14.54,-0.01,13,18902,卖盘
09:45:02,14.54,0.0,7,10178,买盘
09:45:08,14.54,0.0,121,175935,卖盘
09:45:11,14.54,0.0,179,260340,买盘
09:45:17,14.54,0.0,46,66884,卖盘
09:45:20,14.54,0.0,51,74154,卖盘
09:45:23,14.54,0.0,38,55229,买盘
09:45:26,14.53,-0.01,90,130706,中性盘
09:45:32,14.51,-0.02,33,47923,卖盘
09:45:35,14.53,0.02,40,58097,买盘
09:45:38,14.52,-0.01,3,4356,买盘
09:45:41,14.54,0.02,186,269999,买盘
09:45:44,14.55,0.01,154,223901,买盘
09:45:47,14.56,0.01,260,377789,买盘
09:45:50,14.55,-0.01,11,16012,卖盘
09:45:53,14.55,0.0,10,14550,买盘
09:45:56,14.55,0.0,186,270632,买盘
09:45:59,14.57,0.02,32,46581,买盘
09:46:02,14.58,0.01,4,5832,买盘
09:46:05,14.58,0.0,5,7290,卖盘
09:46:08,14.58,0.0,44,64152,卖盘
09:46:11,14.6,0.02,159,232117,买盘
09:46:14,14.6,0.0,40,58398,买盘
09:46:17,14.6,0.0,18,26280,买盘
09:46:20,14.6,0.0,11,16060,卖盘
09:46:26,14.6,0.0,20,29193,买盘
09:46:32,14.59,-0.01,6,8754,卖盘
09:46:35,14.6,0.01,161,234338,买盘
09:46:38,14.59,-0.01,20,29173,买盘
09:46:41,14.55,-0.04,19,27704,卖盘
09:46:44,14.57,0.02,12,17480,中性盘
09:46:47,14.57,0.0,23,33511,买盘
09:46:50,14.57,0.0,3,4371,买盘
09:46:53,14.57,0.0,7,10197,买盘
09:46:56,14.57,0.0,7,10199,买盘
09:46:59,14.57,0.0,11,16027,卖盘
09:47:02,14.57,0.0,1,1457,卖盘
09:47:05,14.57,0.0,58,84506,卖盘
09:47:14,14.57,0.0,32,46624,买盘
09:47:17,14.59,0.02,33,48144,买盘
09:47:20,14.55,-0.04,132,192155,卖盘
09:47:26,14.55,0.0,10,14550,卖盘
09:47:29,14.59,0.04,25,36475,买盘
09:47:32,14.59,0.0,9,13107,买盘
09:47:35,14.59,0.0,1,1459,中性盘
09:47:38,14.55,-0.04,181,263450,卖盘
09:47:41,14.55,0.0,25,36375,买盘
09:47:44,14.55,0.0,4,5820,买盘
09:47:47,14.55,0.0,25,36375,买盘
09:47:50,14.55,0.0,7,10185,买盘
09:47:56,14.55,0.0,33,48015,买盘
09:47:59,14.55,0.0,45,65475,买盘
09:48:02,14.55,0.0,34,49470,买盘
09:48:08,14.58,0.03,2,2916,买盘
09:48:20,14.58,0.0,1,1458,卖盘
09:48:23,14.58,0.0,33,48114,卖盘
09:48:32,14.58,0.0,161,234738,买盘
09:48:41,14.58,0.0,2,2916,买盘
09:48:44,14.58,0.0,43,62682,买盘
09:48:50,14.55,-0.03,25,36375,卖盘
09:48:53,14.58,0.03,45,65608,买盘
09:49:02,14.58,0.0,33,48114,买盘
09:49:05,14.58,0.0,3,4374,买盘
09:49:08,14.55,-0.03,49,71298,卖盘
09:49:11,14.54,-0.01,42,61069,卖盘
09:49:20,14.53,-0.01,2,2907,卖盘
09:49:23,14.55,0.02,1,1455,买盘
09:49:29,14.54,-0.01,91,132384,卖盘
09:49:35,14.54,0.0,9,13086,买盘
09:49:38,14.54,0.0,4,5816,买盘
09:49:41,14.54,0.0,31,45074,买盘
09:49:44,14.53,-0.01,69,100258,卖盘
09:49:50,14.55,0.02,2,2910,买盘
09:49:59,14.55,0.0,14,20366,买盘
09:50:05,14.55,0.0,54,78570,买盘
09:50:08,14.55,0.0,5,7275,卖盘
09:50:11,14.54,-0.01,14,20359,卖盘
09:50:14,14.56,0.02,10,14552,买盘
09:50:17,14.54,-0.02,21,30564,卖盘
09:50:23,14.56,0.02,17,24752,卖盘
09:50:26,14.54,-0.02,51,74248,卖盘
09:50:29,14.55,0.01,7,10185,买盘
09:50:38,14.54,-0.01,2,2908,卖盘
09:50:41,14.54,0.0,93,135222,卖盘
09:50:44,14.54,0.0,6,8724,买盘
09:50:50,14.54,0.0,27,39238,买盘
09:50:53,14.54,0.0,3,4362,卖盘
09:50:56,14.53,-0.01,4,5812,卖盘
09:50:59,14.52,-0.01,59,85726,卖盘
09:51:02,14.55,0.03,122,177468,买盘
09:51:08,14.52,-0.03,20,29040,中性盘
09:51:14,14.58,0.06,79,115036,买盘
09:51:17,14.6,0.02,158,230639,买盘
09:51:20,14.6,0.0,30,43800,买盘
09:51:23,14.6,0.0,6,8760,买盘
09:51:26,14.59,-0.01,166,242278,卖盘
09:51:29,14.6,0.01,94,137240,买盘
09:51:32,14.61,0.01,40,58475,买盘
09:51:38,14.62,0.01,18,26316,卖盘
09:51:41,14.6,-0.02,112,163633,卖盘
09:51:47,14.62,0.02,17,24850,买盘
09:51:50,14.6,-0.02,16,23360,卖盘
09:51:53,14.6,0.0,95,138750,卖盘
09:51:56,14.62,0.02,10,14620,买盘
09:52:05,14.61,-0.01,43,62823,卖盘
09:52:08,14.59,-0.02,57,83201,卖盘
09:52:11,14.59,0.0,44,64252,卖盘
09:52:14,14.59,0.0,2,2918,卖盘
09:52:41,14.58,-0.01,4,5832,买盘
09:52:44,14.58,0.0,27,39366,买盘
09:52:47,14.56,-0.02,80,116522,卖盘
09:52:50,14.56,0.0,8,11648,买盘
09:52:59,14.55,-0.01,55,80025,卖盘
09:53:08,14.53,-0.02,11,15988,卖盘
09:53:11,14.55,0.02,14,20370,买盘
09:53:14,14.53,-0.02,68,98841,卖盘
09:53:20,14.53,0.0,7,10171,卖盘
09:53:23,14.54,0.01,6,8722,买盘
09:53:26,14.52,-0.02,20,29040,卖盘
09:53:29,14.52,0.0,3,4356,卖盘
09:53:32,14.52,0.0,31,45012,卖盘
09:53:35,14.52,0.0,8,11616,卖盘
09:53:41,14.52,0.0,13,18876,卖盘
09:53:44,14.52,0.0,7,10164,卖盘
09:53:47,14.52,0.0,26,37752,卖盘
09:53:50,14.51,-0.01,25,36284,卖盘
09:53:53,14.51,0.0,17,24667,卖盘
09:53:56,14.51,0.0,12,17412,卖盘
09:53:59,14.51,0.0,35,50785,卖盘
09:54:02,14.52,0.01,15,21776,买盘
09:54:05,14.51,-0.01,10,14510,卖盘
09:54:11,14.51,0.0,3,4353,卖盘
09:54:14,14.51,0.0,49,71099,卖盘
09:54:17,14.52,0.01,35,50795,买盘
09:54:20,14.51,-0.01,5,7255,卖盘
09:54:23,14.51,0.0,81,117531,卖盘
09:54:29,14.51,0.0,78,113178,买盘
09:54:38,14.51,0.0,4,5804,卖盘
09:54:41,14.51,0.0,1,1451,卖盘
09:54:47,14.52,0.01,11,15972,买盘
09:54:50,14.51,-0.01,3,4353,卖盘
09:54:53,14.51,0.0,53,76903,卖盘
09:54:56,14.51,0.0,2,2902,卖盘
09:54:59,14.51,0.0,2,2902,卖盘
09:55:02,14.5,-0.01,273,396037,卖盘
09:55:05,14.5,0.0,53,76850,卖盘
09:55:08,14.5,0.0,38,55117,卖盘
09:55:11,14.5,0.0,30,43500,卖盘
09:55:14,14.5,0.0,30,43500,卖盘
09:55:17,14.5,0.0,58,84100,卖盘
09:55:20,14.5,0.0,26,37700,卖盘
09:55:23,14.5,0.0,22,31900,卖盘
09:55:26,14.49,-0.01,116,168247,卖盘
09:55:29,14.48,-0.01,10,14480,卖盘
09:55:32,14.5,0.02,17,24650,买盘
09:55:35,14.48,-0.02,20,28960,卖盘
09:55:38,14.47,-0.01,13,18811,卖盘
09:55:41,14.47,0.0,9,13029,卖盘
09:55:44,14.48,0.01,461,667528,买盘
09:55:47,14.5,0.02,83,120294,买盘
09:55:50,14.48,-0.02,10,14489,卖盘
09:55:53,14.49,0.01,10,14490,中性盘
09:55:56,14.49,0.0,11,15939,买盘
09:55:59,14.48,-0.01,29,42004,卖盘
09:56:02,14.49,0.01,15,21721,买盘
09:56:05,14.47,-0.02,40,57917,卖盘
09:56:08,14.53,0.06,1650,2394154,买盘
09:56:11,14.55,0.02,81,117800,买盘
09:56:14,14.56,0.01,11,16016,买盘
09:56:20,14.56,0.0,41,59686,买盘
09:56:23,14.56,0.0,30,43666,买盘
09:56:26,14.56,0.0,2,2912,买盘
09:56:32,14.58,0.02,14,20412,买盘
09:56:35,14.56,-0.02,182,264910,卖盘
09:56:44,14.53,-0.03,102,148256,卖盘
09:56:47,14.56,0.03,52,75664,买盘
09:56:50,14.55,-0.01,10,14550,买盘
09:56:53,14.54,-0.01,1,1454,卖盘
09:56:59,14.56,0.02,26,37851,买盘
09:57:05,14.6,0.04,96,140042,买盘
09:57:11,14.6,0.0,10,14600,中性盘
09:57:14,14.6,0.0,15,21900,买盘
09:57:20,14.56,-0.04,16,23336,卖盘
09:57:26,14.56,0.0,8,11648,卖盘
09:57:29,14.57,0.01,19,27683,中性盘
09:57:32,14.56,-0.01,104,151424,卖盘
09:57:35,14.57,0.01,25,36415,买盘
09:57:38,14.57,0.0,20,29139,中性盘
09:57:41,14.55,-0.02,18,26190,卖盘
09:57:44,14.55,0.0,149,216861,卖盘
09:57:47,14.55,0.0,70,101860,卖盘
09:57:53,14.57,0.02,21,30597,买盘
09:57:56,14.57,0.0,28,40796,卖盘
09:57:59,14.6,0.03,140,204367,买盘
09:58:02,14.6,0.0,29,42274,买盘
09:58:08,14.57,-0.03,8,11656,中性盘
09:58:11,14.57,0.0,5,7289,卖盘
09:58:14,14.57,0.0,33,48088,买盘
09:58:17,14.58,0.01,1,1458,买盘
09:58:26,14.58,0.0,2,2916,买盘
09:58:29,14.58,0.0,62,90396,买盘
09:58:32,14.58,0.0,17,24786,买盘
09:58:35,14.56,-0.02,4,5824,卖盘
09:58:38,14.58,0.02,36,52488,买盘
09:58:50,14.59,0.01,47,68573,买盘
09:58:53,14.59,0.0,6,8754,卖盘
09:58:56,14.6,0.01,28,40873,买盘
09:58:59,14.6,0.0,254,370825,买盘
09:59:02,14.58,-0.02,92,134270,卖盘
09:59:05,14.56,-0.02,95,138650,卖盘
09:59:08,14.56,0.0,26,37858,卖盘
09:59:11,14.59,0.03,39,56901,中性盘
09:59:14,14.59,0.0,26,37934,卖盘
09:59:20,14.57,-0.02,69,100569,卖盘
09:59:26,14.59,0.02,92,134228,买盘
09:59:29,14.57,-0.02,25,36457,卖盘
09:59:32,14.57,0.0,32,46624,卖盘
09:59:35,14.57,0.0,1,1457,卖盘
09:59:38,14.57,0.0,4,5828,卖盘
09:59:44,14.57,0.0,63,91791,卖盘
09:59:50,14.57,0.0,25,36425,中性盘
09:59:59,14.56,-0.01,226,329116,卖盘
10:00:02,14.55,-0.01,77,112099,卖盘
10:00:05,14.5,-0.05,216,314233,卖盘
10:00:17,14.5,0.0,10,14502,卖盘
10:00:20,14.51,0.01,1,1451,买盘
10:00:23,14.5,-0.01,5,7250,中性盘
10:00:26,14.5,0.0,1,1450,卖盘
10:00:29,14.5,0.0,5,7251,卖盘
10:00:32,14.52,0.02,1,1452,买盘
10:00:35,14.51,-0.01,7,10157,卖盘
10:00:38,14.5,-0.01,44,63800,卖盘
10:00:41,14.5,0.0,2,2900,买盘
10:00:44,14.5,0.0,10,14500,买盘
10:00:47,14.5,0.0,15,21750,买盘
10:00:50,14.49,-0.01,52,75349,卖盘
10:00:53,14.49,0.0,18,26084,卖盘
10:00:56,14.5,0.01,40,57999,买盘
10:00:59,14.49,-0.01,53,76816,卖盘
10:01:02,14.49,0.0,14,20289,卖盘
10:01:05,14.5,0.01,30,43479,卖盘
10:01:17,14.5,0.0,17,24650,买盘
10:01:23,14.5,0.0,4,5800,买盘
10:01:32,14.49,-0.01,10,14490,卖盘
10:01:35,14.49,0.0,38,55062,卖盘
10:01:38,14.48,-0.01,4,5792,卖盘
10:01:41,14.49,0.01,4,5794,买盘
10:01:44,14.48,-0.01,20,28960,卖盘
10:01:47,14.48,0.0,12,17376,卖盘
10:01:50,14.48,0.0,8,11585,卖盘
10:01:53,14.48,0.0,8,11584,卖盘
10:01:56,14.49,0.01,2,2898,买盘
10:01:59,14.48,-0.01,3,4344,卖盘
10:02:02,14.48,0.0,7,10136,卖盘
10:02:05,14.48,0.0,10,14480,买盘
10:02:08,14.48,0.0,5,7240,卖盘
10:02:11,14.49,0.01,21,30428,买盘
10:02:14,14.47,-0.02,15,21710,卖盘
10:02:17,14.47,0.0,5,7235,卖盘
10:02:20,14.47,0.0,21,30387,卖盘
10:02:23,14.47,0.0,2,2894,卖盘
10:02:26,14.47,0.0,28,40516,卖盘
10:02:29,14.48,0.01,8,11584,买盘
10:02:32,14.46,-0.02,1,1446,卖盘
10:02:35,14.46,0.0,12,17362,卖盘
10:02:38,14.46,0.0,7,10122,卖盘
10:02:41,14.46,0.0,2,2892,卖盘
10:02:44,14.46,0.0,12,17352,卖盘
10:02:47,14.46,0.0,6,8676,卖盘
10:02:50,14.46,0.0,42,60732,卖盘
10:02:53,14.45,-0.01,4,5780,卖盘
10:02:56,14.45,0.0,20,28903,卖盘
10:02:59,14.45,0.0,60,86700,卖盘
10:03:02,14.45,0.0,12,17338,买盘
10:03:05,14.44,-0.01,24,34656,卖盘
10:03:08,14.44,0.0,32,46180,买盘
10:03:11,14.43,-0.01,54,77922,卖盘
10:03:14,14.43,0.0,20,28860,卖盘
10:03:17,14.41,-0.02,31,44696,卖盘
10:03:20,14.41,0.0,2,2882,卖盘
10:03:23,14.41,0.0,2,2882,卖盘
10:03:26,14.41,0.0,20,28820,卖盘
10:03:29,14.41,0.0,15,21615,卖盘
10:03:32,14.4,-0.01,16,23043,卖盘
10:03:35,14.41,0.01,35,50421,买盘
10:03:38,14.4,-0.01,110,158398,卖盘
10:03:41,14.39,-0.01,3,4317,卖盘
10:03:44,14.39,0.0,45,64755,卖盘
10:03:47,14.39,0.0,10,14390,卖盘
10:03:50,14.39,0.0,101,145301,买盘
10:03:53,14.39,0.0,22,31654,买盘
10:03:56,14.38,-0.01,28,40271,卖盘
10:03:59,14.39,0.01,39,56121,买盘
10:04:02,14.39,0.0,165,237340,买盘
10:04:05,14.38,-0.01,118,169765,卖盘
10:04:08,14.39,0.01,25,35973,买盘
10:04:11,14.38,-0.01,2,2876,卖盘
10:04:14,14.39,0.01,339,488107,买盘
10:04:17,14.41,0.02,84,121048,买盘
10:04:20,14.42,0.01,47,67778,买盘
10:04:23,14.43,0.01,8,11544,买盘
10:04:26,14.43,0.0,32,46176,买盘
10:04:29,14.44,0.01,1,1444,买盘
10:04:32,14.43,-0.01,38,54838,卖盘
10:04:35,14.44,0.01,32,46208,买盘
10:04:38,14.45,0.01,37,53465,买盘
10:04:41,14.46,0.01,144,208472,买盘
10:04:44,14.5,0.04,302,437868,买盘
10:04:47,14.5,0.0,6,8696,买盘
10:04:50,14.5,0.0,49,71045,买盘
10:04:53,14.5,0.0,177,256641,买盘
10:04:56,14.5,0.0,80,116000,买盘
10:04:59,14.49,-0.01,14,20296,卖盘
10:05:02,14.49,0.0,43,62311,卖盘
10:05:05,14.49,0.0,9,13041,买盘
10:05:11,14.49,0.0,16,23184,卖盘
10:05:14,14.49,0.0,24,34776,买盘
10:05:17,14.5,0.01,35,50743,买盘
10:05:20,14.5,0.0,5,7250,买盘
10:05:26,14.49,-0.01,5,7249,中性盘
10:05:32,14.49,0.0,60,86987,买盘
10:05:35,14.5,0.01,9,13050,买盘
10:05:41,14.5,0.0,452,654811,买盘
10:05:44,14.5,0.0,20,29000,买盘
10:05:47,14.5,0.0,4,5800,买盘
10:05:50,14.5,0.0,131,189950,买盘
10:05:56,14.51,0.01,31,44968,卖盘
10:05:59,14.51,0.0,9,13059,买盘
10:06:02,14.52,0.01,1,1452,买盘
10:06:08,14.51,-0.01,7,10157,卖盘
10:06:14,14.52,0.01,110,159720,买盘
10:06:20,14.52,0.0,116,168444,卖盘
10:06:23,14.53,0.01,65,94437,买盘
10:06:26,14.53,0.0,1,1453,中性盘
10:06:29,14.52,-0.01,4,5808,卖盘
10:06:32,14.55,0.03,57,82926,买盘
10:06:38,14.52,-0.03,1,1452,卖盘
10:06:41,14.51,-0.01,21,30489,卖盘
10:06:44,14.52,0.01,7,10164,买盘
10:06:50,14.51,-0.01,1,1451,卖盘
10:06:59,14.52,0.01,5,7260,买盘
10:07:02,14.51,-0.01,10,14510,卖盘
10:07:05,14.48,-0.03,49,71078,卖盘
10:07:20,14.48,0.0,29,42004,卖盘
10:07:26,14.47,-0.01,4,5788,卖盘
10:07:29,14.47,0.0,10,14462,买盘
10:07:32,14.47,0.0,10,14470,买盘
10:07:35,14.47,0.0,1,1447,中性盘
10:07:41,14.47,0.0,11,15917,卖盘
10:07:44,14.47,0.0,6,8682,卖盘
10:07:56,14.47,0.0,7,10129,卖盘
10:07:59,14.47,0.0,5,7239,卖盘
10:08:02,14.47,0.0,6,8682,卖盘
10:08:05,14.47,0.0,14,20258,卖盘
10:08:08,14.47,0.0,22,31834,卖盘
10:08:14,14.47,0.0,37,53539,卖盘
10:08:17,14.47,0.0,4,5788,买盘
10:08:20,14.47,0.0,2,2894,买盘
10:08:26,14.47,0.0,7,10129,买盘
10:08:29,14.46,-0.01,5,7230,卖盘
10:08:53,14.47,0.01,5,7235,买盘
10:08:56,14.46,-0.01,90,130140,卖盘
10:08:59,14.46,0.0,15,21690,买盘
10:09:08,14.46,0.0,5,7230,买盘
10:09:14,14.46,0.0,4,5784,买盘
10:09:17,14.46,0.0,7,10122,买盘
10:09:23,14.46,0.0,2,2892,买盘
10:09:26,14.45,-0.01,80,115665,卖盘
10:09:35,14.45,0.0,36,52020,卖盘
10:09:38,14.46,0.01,1,1446,买盘
10:09:41,14.45,-0.01,9,13005,卖盘
10:09:53,14.45,0.0,7,10115,卖盘
10:10:05,14.46,0.01,7,10122,买盘
10:10:08,14.46,0.0,1,1446,买盘
10:10:14,14.46,0.0,10,14460,买盘
10:10:23,14.46,0.0,1,1446,买盘
10:10:29,14.46,0.0,46,66480,买盘
10:10:44,14.46,0.0,3,4337,买盘
10:10:47,14.45,-0.01,4,5780,卖盘
10:10:53,14.45,0.0,4,5780,卖盘
10:10:56,14.45,0.0,1,1445,卖盘
10:11:02,14.45,0.0,8,11560,卖盘
10:11:08,14.46,0.01,6,8672,买盘
10:11:11,14.46,0.0,63,91098,买盘
10:11:14,14.47,0.01,10,14469,买盘
10:11:17,14.47,0.0,70,101291,买盘
10:11:20,14.48,0.01,19,27512,买盘
10:11:23,14.48,0.0,7,10136,买盘
10:11:29,14.5,0.02,87,126136,买盘
10:11:35,14.5,0.0,8,11598,买盘
10:11:38,14.5,0.0,79,114550,买盘
10:11:41,14.49,-0.01,77,111633,卖盘
10:11:47,14.48,-0.01,201,291354,卖盘
10:11:50,14.5,0.02,15,21750,买盘
10:11:53,14.48,-0.02,54,78192,中性盘
10:11:56,14.48,0.0,6,8688,买盘
10:11:59,14.49,0.01,3,4347,买盘
10:12:08,14.49,0.0,105,151961,买盘
10:12:14,14.47,-0.02,40,57889,买盘
10:12:17,14.47,0.0,33,47771,卖盘
10:12:23,14.46,-0.01,22,31830,卖盘
10:12:26,14.47,0.01,4,5788,买盘
10:12:29,14.47,0.0,12,17364,买盘
10:12:32,14.47,0.0,11,15917,买盘
10:12:41,14.48,0.01,3,4344,买盘
10:12:44,14.46,-0.02,72,104195,卖盘
10:12:47,14.47,0.01,1,1447,买盘
10:12:50,14.48,0.01,37,53544,买盘
10:12:53,14.47,-0.01,16,23152,买盘
10:13:05,14.46,-0.01,27,39045,卖盘
10:13:08,14.44,-0.02,88,127229,卖盘
10:13:11,14.45,0.01,65,93835,中性盘
10:13:14,14.43,-0.02,3,4329,卖盘
10:13:17,14.42,-0.01,21,30299,卖盘
10:13:20,14.42,0.0,6,8657,卖盘
10:13:23,14.42,0.0,12,17314,卖盘
10:13:26,14.42,0.0,3,4326,卖盘
10:13:29,14.42,0.0,2,2884,卖盘
10:13:32,14.43,0.01,105,151486,买盘
10:13:41,14.43,0.0,4,5772,卖盘
10:13:50,14.43,0.0,108,155894,卖盘
10:13:59,14.44,0.01,1,1444,卖盘
10:14:08,14.43,-0.01,9,12987,卖盘
10:14:14,14.43,0.0,17,24531,卖盘
10:14:26,14.43,0.0,22,31746,卖盘
10:14:29,14.43,0.0,21,30303,卖盘
10:14:32,14.43,0.0,12,17317,卖盘
10:14:35,14.43,0.0,17,24531,卖盘
10:14:38,14.41,-0.02,81,116865,卖盘
10:14:44,14.41,0.0,5,7206,卖盘
10:14:50,14.41,0.0,1,1441,卖盘
10:14:53,14.43,0.02,6,8658,买盘
10:15:02,14.43,0.0,12,17316,买盘
10:15:05,14.43,0.0,50,72150,卖盘
10:15:11,14.43,0.0,17,24531,卖盘
10:15:14,14.43,0.0,102,147044,卖盘
10:15:20,14.43,0.0,29,41842,买盘
10:15:23,14.4,-0.03,7,10080,卖盘
10:15:26,14.4,0.0,2,2880,卖盘
10:15:32,14.41,0.01,1,1441,中性盘
10:15:38,14.41,0.0,12,17297,卖盘
10:15:44,14.41,0.0,12,17302,卖盘
10:15:47,14.4,-0.01,191,275040,卖盘
10:15:50,14.39,-0.01,32,46076,卖盘
10:15:59,14.39,0.0,64,92150,卖盘
10:16:02,14.39,0.0,22,31658,卖盘
10:16:05,14.4,0.01,25,36000,卖盘
10:16:11,14.4,0.0,70,100800,卖盘
10:16:14,14.4,0.0,1,1440,买盘
10:16:17,14.4,0.0,30,43200,卖盘
10:16:20,14.41,0.01,4,5764,买盘
10:16:23,14.41,0.0,2,2882,买盘
10:16:26,14.4,-0.01,4,5760,卖盘
10:16:29,14.41,0.01,1,1441,买盘
10:16:32,14.39,-0.02,154,221645,卖盘
10:16:35,14.38,-0.01,66,94946,卖盘
10:16:38,14.38,0.0,105,151076,卖盘
10:16:41,14.38,0.0,21,30198,卖盘
10:16:47,14.38,0.0,3,4316,卖盘
10:16:53,14.39,0.01,4,5756,买盘
10:16:56,14.39,0.0,18,25902,卖盘
10:17:02,14.38,-0.01,1,1438,卖盘
10:17:05,14.38,0.0,7,10066,卖盘
10:17:08,14.37,-0.01,210,301969,卖盘
10:17:11,14.37,0.0,19,27303,卖盘
10:17:14,14.37,0.0,22,31614,卖盘
10:17:17,14.37,0.0,23,33051,卖盘
10:17:20,14.37,0.0,1,1437,买盘
10:17:23,14.36,-0.01,17,24412,卖盘
10:17:26,14.36,0.0,1,1436,卖盘
10:17:32,14.36,0.0,4,5744,卖盘
10:17:38,14.37,0.01,17,24429,买盘
10:17:47,14.38,0.01,15,21560,买盘
10:17:50,14.37,-0.01,29,41673,买盘
10:17:53,14.37,0.0,9,12933,卖盘
10:17:56,14.38,0.01,24,34512,买盘
10:17:59,14.37,-0.01,42,60361,卖盘
10:18:05,14.37,0.0,30,43114,卖盘
10:18:08,14.37,0.0,9,12933,卖盘
10:18:14,14.37,0.0,6,8622,卖盘
10:18:20,14.38,0.01,14,20132,卖盘
10:18:23,14.37,-0.01,51,73305,卖盘
10:18:26,14.37,0.0,10,14370,买盘
10:18:29,14.36,-0.01,48,68949,卖盘
10:18:35,14.36,0.0,4,5744,卖盘
10:18:38,14.38,0.02,3,4314,中性盘
10:18:41,14.36,-0.02,5,7180,卖盘
10:18:50,14.36,0.0,5,7180,卖盘
10:18:53,14.36,0.0,13,18676,卖盘
10:18:56,14.37,0.01,1,1437,中性盘
10:19:05,14.37,0.0,3,4311,卖盘
10:19:08,14.39,0.02,2,2877,买盘
10:19:14,14.37,-0.02,51,73287,卖盘
10:19:17,14.38,0.01,2,2876,中性盘
10:19:20,14.38,0.0,14,20132,卖盘
10:19:26,14.37,-0.01,10,14370,卖盘
10:19:35,14.39,0.02,8,11512,买盘
10:19:44,14.38,-0.01,2,2876,买盘
10:19:47,14.38,0.0,11,15818,买盘
10:19:50,14.36,-0.02,77,110623,卖盘
10:19:53,14.38,0.02,31,44577,买盘
10:19:59,14.36,-0.02,79,113587,卖盘
10:20:05,14.36,0.0,260,373208,卖盘
10:20:17,14.36,0.0,40,57400,买盘
10:20:20,14.34,-0.02,4,5736,卖盘
10:20:23,14.36,0.02,5,7180,买盘
10:20:26,14.35,-0.01,3,4305,中性盘
10:20:29,14.35,0.0,1,1435,买盘
10:20:32,14.36,0.01,14,20104,买盘
10:20:35,14.35,-0.01,15,21525,卖盘
10:20:41,14.36,0.01,34,48824,买盘
10:20:44,14.36,0.0,17,24419,中性盘
10:20:47,14.36,0.0,4,5744,买盘
10:20:50,14.36,0.0,6,8618,卖盘
10:20:53,14.37,0.01,16,23006,中性盘
10:20:56,14.36,-0.01,8,11488,卖盘
10:20:59,14.37,0.01,5,7185,买盘
10:21:02,14.37,0.0,10,14370,卖盘
10:21:05,14.38,0.01,25,35924,买盘
10:21:08,14.37,-0.01,1,1437,中性盘
10:21:11,14.37,0.0,60,86274,卖盘
10:21:14,14.38,0.01,3,4314,中性盘
10:21:17,14.38,0.0,21,30178,中性盘
10:21:20,14.38,0.0,14,20132,买盘
10:21:23,14.37,-0.01,50,71852,卖盘
10:21:29,14.37,0.0,52,74738,卖盘
10:21:32,14.37,0.0,6,8622,买盘
10:21:41,14.37,0.0,56,80472,卖盘
10:21:44,14.37,0.0,101,145147,卖盘
10:21:50,14.38,0.01,20,28760,买盘
10:21:53,14.38,0.0,9,12942,卖盘
10:21:56,14.38,0.0,6,8631,卖盘
10:21:59,14.37,-0.01,11,15814,卖盘
10:22:02,14.38,0.01,12,17256,买盘
10:22:05,14.38,0.0,10,14380,买盘
10:22:08,14.38,0.0,62,89163,买盘
10:22:11,14.38,0.0,42,60396,卖盘
10:22:17,14.38,0.0,33,47457,卖盘
10:22:20,14.38,0.0,1,1438,卖盘
10:22:23,14.39,0.01,13,18707,买盘
10:22:26,14.39,0.0,7,10073,买盘
10:22:32,14.39,0.0,30,43160,买盘
10:22:35,14.39,0.0,74,106422,买盘
10:22:38,14.39,0.0,3,4317,买盘
10:22:41,14.38,-0.01,8,11508,卖盘
10:22:44,14.37,-0.01,1,1437,卖盘
10:22:47,14.39,0.02,58,83457,买盘
10:22:56,14.39,0.0,19,27341,买盘
10:23:05,14.39,0.0,263,378086,买盘
10:23:08,14.35,-0.04,36,51797,卖盘
10:23:11,14.35,0.0,69,99099,卖盘
10:23:14,14.34,-0.01,204,292540,卖盘
10:23:17,14.34,0.0,20,28689,卖盘
10:23:23,14.34,0.0,14,20076,卖盘
10:23:26,14.34,0.0,1,1434,卖盘
10:23:32,14.34,0.0,12,17208,卖盘
10:23:35,14.34,0.0,5,7170,卖盘
10:23:38,14.35,0.01,15,21520,买盘
10:23:41,14.35,0.0,13,18655,卖盘
10:23:44,14.35,0.0,25,35875,卖盘
10:23:50,14.34,-0.01,1,1434,卖盘
10:23:53,14.34,0.0,116,166446,卖盘
10:23:59,14.35,0.01,185,265475,买盘
10:24:05,14.37,0.02,15,21551,买盘
10:24:08,14.38,0.01,30,43139,买盘
10:24:11,14.38,0.0,10,14380,买盘
10:24:17,14.4,0.02,3,4320,买盘
10:24:20,14.39,-0.01,6,8634,卖盘
10:24:23,14.4,0.01,8,11520,买盘
10:24:26,14.41,0.01,267,384616,买盘
10:24:29,14.43,0.02,4,5772,买盘
10:24:35,14.41,-0.02,6,8647,卖盘
10:24:38,14.43,0.02,10,14430,中性盘
10:24:41,14.42,-0.01,2,2885,中性盘
10:24:44,14.42,0.0,20,28832,卖盘
10:24:47,14.45,0.03,135,194707,买盘
10:24:53,14.43,-0.02,7,10109,卖盘
10:24:59,14.46,0.03,10,14457,买盘
10:25:02,14.45,-0.01,8,11559,买盘
10:25:05,14.45,0.0,3,4335,买盘
10:25:11,14.43,-0.02,5,7215,卖盘
10:25:14,14.42,-0.01,1,1442,卖盘
10:25:17,14.44,0.02,17,24545,买盘
10:25:20,14.41,-0.03,40,57651,卖盘
10:25:29,14.41,0.0,15,21625,卖盘
10:25:32,14.44,0.03,56,80859,买盘
10:25:35,14.44,0.0,41,59114,买盘
10:25:38,14.42,-0.02,2,2884,卖盘
10:25:44,14.42,0.0,103,148526,卖盘
10:25:47,14.41,-0.01,2,2882,卖盘
10:25:50,14.4,-0.01,33,47551,卖盘
10:25:56,14.4,0.0,30,43200,卖盘
10:25:59,14.4,0.0,59,84960,卖盘
10:26:05,14.37,-0.03,179,257609,卖盘
10:26:11,14.38,0.01,1,1438,中性盘
10:26:14,14.41,0.03,11,15848,买盘
10:26:17,14.4,-0.01,3,4320,中性盘
10:26:20,14.36,-0.04,54,77544,卖盘
10:26:23,14.36,0.0,127,182372,买盘
10:26:32,14.36,0.0,44,63184,卖盘
10:26:35,14.4,0.04,14,20141,买盘
10:26:41,14.4,0.0,37,53249,买盘
10:26:44,14.4,0.0,36,51840,买盘
10:26:47,14.4,0.0,17,24456,买盘
10:26:53,14.4,0.0,8,11520,买盘
10:26:56,14.37,-0.03,68,97778,卖盘
10:26:59,14.37,0.0,20,28740,买盘
10:27:11,14.37,0.0,1,1437,卖盘
10:27:20,14.37,0.0,1,1437,卖盘
10:27:32,14.37,0.0,13,18681,卖盘
10:27:35,14.37,0.0,6,8622,买盘
10:27:41,14.38,0.01,2,2876,买盘
10:27:44,14.38,0.0,1,1438,买盘
10:27:47,14.37,-0.01,3,4311,卖盘
10:27:50,14.39,0.02,8,11512,买盘
10:27:53,14.38,-0.01,6,8629,中性盘
10:27:59,14.4,0.02,44,63294,买盘
10:28:02,14.39,-0.01,1,1439,中性盘
10:28:05,14.39,0.0,2,2878,买盘
10:28:08,14.4,0.01,4,5760,买盘
10:28:11,14.39,-0.01,9,12951,卖盘
10:28:17,14.38,-0.01,5,7190,卖盘
10:28:20,14.39,0.01,30,43170,买盘
10:28:29,14.38,-0.01,5,7190,买盘
10:28:32,14.39,0.01,7,10068,买盘
10:28:35,14.39,0.0,1,1439,买盘
10:28:38,14.39,0.0,5,7195,买盘
10:28:41,14.37,-0.02,3,4314,卖盘
10:28:53,14.37,0.0,21,30181,卖盘
10:28:56,14.39,0.02,20,28780,买盘
10:29:05,14.37,-0.02,2,2874,卖盘
10:29:08,14.38,0.01,11,15817,买盘
10:29:11,14.37,-0.01,14,20118,卖盘
10:29:17,14.36,-0.01,3,4308,卖盘
10:29:23,14.36,0.0,2,2872,卖盘
10:29:32,14.36,0.0,17,24412,卖盘
10:29:35,14.36,0.0,87,124932,卖盘
10:29:44,14.36,0.0,34,48824,卖盘
10:29:47,14.36,0.0,50,71800,卖盘
10:29:59,14.35,-0.01,70,100450,卖盘
10:30:02,14.35,0.0,3,4306,卖盘
10:30:05,14.35,0.0,25,35875,卖盘
10:30:08,14.35,0.0,5,7175,卖盘
10:30:11,14.34,-0.01,72,103318,卖盘
10:30:14,14.36,0.02,73,104791,买盘
10:30:20,14.35,-0.01,3,4305,卖盘
10:30:23,14.35,0.0,16,22960,买盘
10:30:29,14.35,0.0,8,11475,买盘
10:30:32,14.34,-0.01,25,35857,卖盘
10:30:38,14.36,0.02,12,17232,买盘
10:30:41,14.35,-0.01,8,11480,卖盘
10:30:47,14.35,0.0,8,11480,卖盘
10:30:50,14.35,0.0,1,1435,卖盘
10:30:53,14.34,-0.01,10,14345,卖盘
10:30:59,14.34,0.0,3,4303,卖盘
10:31:02,14.37,0.03,185,265655,买盘
10:31:05,14.35,-0.02,87,125009,卖盘
10:31:08,14.38,0.03,10,14353,买盘
10:31:14,14.35,-0.03,7,10045,卖盘
10:31:17,14.38,0.03,6,8619,买盘
10:31:23,14.34,-0.04,3,4303,卖盘
10:31:35,14.35,0.01,1,1435,买盘
10:31:38,14.35,0.0,5,7175,买盘
10:31:41,14.35,0.0,3,4305,买盘
10:31:47,14.35,0.0,3,4305,买盘
10:31:50,14.35,0.0,5,7175,买盘
10:31:53,14.34,-0.01,65,93210,卖盘
10:31:56,14.34,0.0,9,12906,卖盘
10:31:59,14.34,0.0,40,57360,卖盘
10:32:02,14.35,0.01,35,50222,买盘
10:32:11,14.33,-0.02,56,80248,卖盘
10:32:17,14.33,0.0,5,7165,卖盘
10:32:35,14.33,0.0,17,24361,卖盘
10:32:38,14.33,0.0,128,183424,卖盘
10:32:41,14.33,0.0,21,30093,卖盘
10:32:44,14.33,0.0,1,1433,卖盘
10:32:50,14.34,0.01,63,90342,买盘
10:32:53,14.33,-0.01,68,97461,卖盘
10:32:56,14.33,0.0,8,11464,卖盘
10:32:59,14.33,0.0,1,1433,卖盘
10:33:05,14.33,0.0,14,20062,卖盘
10:33:08,14.33,0.0,10,14330,卖盘
10:33:11,14.33,0.0,11,15760,买盘
10:33:14,14.32,-0.01,13,18619,卖盘
10:33:17,14.32,0.0,20,28640,卖盘
10:33:20,14.32,0.0,2,2864,卖盘
10:33:23,14.32,0.0,73,104536,卖盘
10:33:29,14.32,0.0,16,22912,买盘
10:33:32,14.32,0.0,24,34368,买盘
10:33:35,14.32,0.0,230,329386,买盘
10:33:38,14.35,0.03,45,64521,买盘
10:33:41,14.35,0.0,53,76055,买盘
10:33:50,14.36,0.01,1,1436,卖盘
10:33:56,14.37,0.01,58,83344,买盘
10:33:59,14.37,0.0,2,2874,卖盘
10:34:02,14.41,0.04,438,630836,买盘
10:34:05,14.43,0.02,17,24518,买盘
10:34:08,14.42,-0.01,1,1442,卖盘
10:34:11,14.5,0.08,233,337287,买盘
10:34:17,14.55,0.05,321,466256,买盘
10:34:23,14.54,-0.01,14,20353,买盘
10:34:26,14.55,0.01,102,148383,买盘
10:34:29,14.56,0.01,91,132384,买盘
10:34:32,14.47,-0.09,43,62339,卖盘
10:34:35,14.54,0.07,8,11632,买盘
10:34:38,14.55,0.01,130,189014,买盘
10:34:41,14.49,-0.06,21,30429,中性盘
10:34:44,14.47,-0.02,57,82730,卖盘
10:34:50,14.5,0.03,52,75632,中性盘
10:34:53,14.47,-0.03,4,5797,卖盘
10:34:56,14.54,0.07,50,72678,买盘
10:34:59,14.53,-0.01,23,33402,买盘
10:35:02,14.54,0.01,104,151175,买盘
10:35:05,14.54,0.0,45,65430,买盘
10:35:08,14.55,0.01,373,542584,买盘
10:35:11,14.64,0.09,1231,1796446,买盘
10:35:14,14.67,0.03,477,699019,买盘
10:35:17,14.68,0.01,69,101262,买盘
10:35:20,14.68,0.0,435,638787,买盘
10:35:23,14.68,0.0,189,277173,买盘
10:35:26,14.65,-0.03,234,343296,卖盘
10:35:29,14.66,0.01,59,86503,中性盘
10:35:32,14.65,-0.01,28,40961,买盘
10:35:35,14.62,-0.03,1,1462,中性盘
10:35:38,14.65,0.03,61,89332,买盘
10:35:41,14.64,-0.01,118,172749,中性盘
10:35:44,14.64,0.0,235,344212,卖盘
10:35:47,14.64,0.0,143,209362,卖盘
10:35:50,14.64,0.0,403,590186,买盘
10:35:53,14.68,0.04,725,1063850,买盘
10:35:56,14.7,0.02,190,279108,买盘
10:35:59,14.7,0.0,389,571802,买盘
10:36:02,14.71,0.01,518,761841,买盘
10:36:05,14.75,0.04,231,340267,买盘
10:36:08,14.75,0.0,127,187256,买盘
10:36:11,14.75,0.0,265,390847,买盘
10:36:14,14.78,0.03,248,366076,买盘
10:36:17,14.76,-0.02,308,455144,卖盘
10:36:20,14.78,0.02,223,329346,买盘
10:36:23,14.79,0.01,827,1221301,买盘
10:36:26,14.79,0.0,79,116731,买盘
10:36:29,14.78,-0.01,139,205475,买盘
10:36:32,14.72,-0.06,324,478200,卖盘
10:36:35,14.77,0.05,161,237349,买盘
10:36:38,14.76,-0.01,107,157924,买盘
10:36:41,14.76,0.0,111,163726,买盘
10:36:44,14.79,0.03,891,1316784,买盘
10:36:47,14.8,0.01,523,773891,买盘
10:36:50,14.82,0.02,688,1019010,买盘
10:36:53,14.89,0.07,2907,4323443,买盘
10:36:56,14.92,0.03,446,664718,买盘
10:36:59,14.93,0.01,167,249245,买盘
10:37:02,14.93,0.0,265,395618,买盘
10:37:05,14.94,0.01,617,921369,买盘
10:37:08,14.95,0.01,756,1129373,买盘
10:37:11,14.99,0.04,2429,3635590,买盘
10:37:14,15.01,0.02,2295,3441624,买盘
10:37:17,15.08,0.07,521,783970,买盘
10:37:20,15.1,0.02,237,357186,买盘
10:37:23,15.15,0.05,457,690833,买盘
10:37:26,15.16,0.01,190,287892,买盘
10:37:29,15.17,0.01,818,1240000,买盘
10:37:32,15.19,0.02,1711,2596451,买盘
10:37:35,15.2,0.01,1099,1668371,买盘
10:37:38,15.25,0.05,766,1164796,买盘
10:37:41,15.25,0.0,383,584584,买盘
10:37:44,15.32,0.07,898,1377810,买盘
10:37:47,15.48,0.16,281,433822,买盘
10:37:50,15.49,0.01,582,901495,买盘
10:37:53,15.52,0.03,519,805938,买盘
10:37:56,15.55,0.03,729,1132177,买盘
10:37:59,15.57,0.02,361,561133,买盘
10:38:02,15.6,0.03,569,886710,买盘
10:38:05,15.5,-0.1,1677,2603358,卖盘
10:38:08,15.34,-0.16,451,698551,卖盘
10:38:11,15.19,-0.15,594,905206,卖盘
10:38:14,15.18,-0.01,308,467462,卖盘
10:38:17,15.18,0.0,232,351553,卖盘
10:38:20,15.14,-0.04,113,171114,中性盘
10:38:23,15.14,0.0,692,1046227,买盘
10:38:26,15.14,0.0,423,640761,卖盘
10:38:29,15.17,0.03,530,802172,买盘
10:38:32,15.18,0.01,932,1413128,买盘
10:38:35,15.18,0.0,1024,1552803,买盘
10:38:38,15.15,-0.03,825,1251712,中性盘
10:38:41,15.16,0.01,167,253160,买盘
10:38:44,15.14,-0.02,158,239441,卖盘
10:38:47,15.14,0.0,286,433133,买盘
10:38:50,15.14,0.0,410,620293,买盘
10:38:53,15.13,-0.01,240,362805,中性盘
10:38:56,15.12,-0.01,488,738268,卖盘
10:38:59,15.08,-0.04,356,537436,卖盘
10:39:02,15.11,0.03,212,320072,买盘
10:39:05,15.08,-0.03,228,344497,卖盘
10:39:08,15.11,0.03,261,394597,买盘
10:39:11,15.13,0.02,369,557743,买盘
10:39:14,15.13,0.0,454,686491,买盘
10:39:17,15.14,0.01,539,815464,买盘
10:39:20,15.15,0.01,202,305897,买盘
10:39:23,15.17,0.02,207,313801,买盘
10:39:26,15.18,0.01,101,153255,买盘
10:39:29,15.21,0.03,319,484369,买盘
10:39:32,15.28,0.07,298,453403,买盘
10:39:35,15.28,0.0,146,222885,买盘
10:39:38,15.3,0.02,323,493722,买盘
10:39:41,15.3,0.0,195,298380,买盘
10:39:44,15.32,0.02,417,638614,买盘
10:39:47,15.35,0.03,414,634318,买盘
10:39:50,15.39,0.04,284,436954,买盘
10:39:53,15.4,0.01,229,352454,买盘
10:39:56,15.41,0.01,406,626011,买盘
10:39:59,15.46,0.05,190,292947,中性盘
10:40:02,15.47,0.01,973,1504009,买盘
10:40:05,15.29,-0.18,1261,1941199,卖盘
10:40:08,15.37,0.08,400,612981,买盘
10:40:11,15.18,-0.19,669,1020175,卖盘
10:40:14,15.16,-0.02,100,151676,卖盘
10:40:17,15.15,-0.01,87,131914,卖盘
10:40:20,15.15,0.0,183,277289,卖盘
10:40:23,15.15,0.0,376,569592,买盘
10:40:26,15.2,0.05,188,285308,买盘
10:40:29,15.17,-0.03,48,72921,卖盘
10:40:32,15.17,0.0,157,238570,卖盘
10:40:35,15.2,0.03,394,598909,卖盘
10:40:38,15.18,-0.02,345,523577,卖盘
10:40:41,15.2,0.02,382,580883,买盘
10:40:44,15.16,-0.04,530,804982,卖盘
10:40:47,15.2,0.04,64,97203,买盘
10:40:50,15.2,0.0,37,56240,卖盘
10:40:53,15.24,0.04,202,307389,买盘
10:40:56,15.22,-0.02,159,241977,卖盘
10:40:59,15.21,-0.01,589,896493,卖盘
10:41:02,15.22,0.01,185,281475,买盘
10:41:05,15.14,-0.08,2240,3400128,卖盘
10:41:08,15.14,0.0,152,230054,卖盘
10:41:11,15.15,0.01,74,112100,买盘
10:41:14,15.17,0.02,107,162052,买盘
10:41:17,15.15,-0.02,129,195665,卖盘
10:41:20,15.17,0.02,33,50005,买盘
10:41:23,15.15,-0.02,291,441358,卖盘
10:41:26,15.15,0.0,43,65166,卖盘
10:41:29,15.17,0.02,45,68248,买盘
10:41:32,15.16,-0.01,38,57620,卖盘
10:41:35,15.16,0.0,143,216726,买盘
10:41:38,15.16,0.0,414,627563,买盘
10:41:41,15.15,-0.01,272,412150,卖盘
10:41:44,15.15,0.0,72,109091,卖盘
10:41:47,15.15,0.0,68,103023,买盘
10:41:50,15.14,-0.01,102,154486,卖盘
10:41:53,15.13,-0.01,50,75693,卖盘
10:41:56,15.14,0.01,370,559811,买盘
10:41:59,15.15,0.01,877,1327406,买盘
10:42:02,15.15,0.0,39,59050,买盘
10:42:05,15.15,0.0,39,59069,买盘
10:42:08,15.16,0.01,350,530330,买盘
10:42:11,15.2,0.04,458,695720,买盘
10:42:14,15.22,0.02,16,24352,买盘
10:42:17,15.22,0.0,203,308532,买盘
10:42:20,15.33,0.11,1230,1874933,买盘
10:42:23,15.34,0.01,33,50614,中性盘
10:42:26,15.36,0.02,117,179743,买盘
10:42:29,15.36,0.0,131,201255,买盘
10:42:32,15.38,0.02,66,101461,买盘
10:42:35,15.4,0.02,413,636328,买盘
10:42:38,15.42,0.02,41,63182,买盘
10:42:41,15.42,0.0,127,195978,卖盘
10:42:44,15.45,0.03,158,243782,买盘
10:42:47,15.41,-0.04,251,387397,卖盘
10:42:50,15.4,-0.01,384,590760,卖盘
10:42:53,15.4,0.0,252,387763,买盘
10:42:56,15.34,-0.06,325,499568,卖盘
10:42:59,15.34,0.0,454,690567,买盘
10:43:02,15.15,-0.19,40,61081,卖盘
10:43:05,15.3,0.15,94,143363,买盘
10:43:08,15.25,-0.05,5,7614,中性盘
10:43:11,15.19,-0.06,50,76301,卖盘
10:43:14,15.27,0.08,66,100649,买盘
10:43:17,15.28,0.01,57,86966,卖盘
10:43:20,15.28,0.0,43,65436,买盘
10:43:23,15.22,-0.06,24,36604,卖盘
10:43:26,15.22,0.0,30,45720,卖盘
10:43:29,15.22,0.0,32,48723,卖盘
10:43:32,15.25,0.03,102,155492,中性盘
10:43:35,15.21,-0.04,165,251151,卖盘
10:43:38,15.22,0.01,113,172161,买盘
10:43:41,15.21,-0.01,47,71490,卖盘
10:43:44,15.19,-0.02,156,237331,卖盘
10:43:47,15.19,0.0,122,185340,卖盘
10:43:50,15.21,0.02,238,361949,买盘
10:43:53,15.19,-0.02,31,47089,买盘
10:43:56,15.19,0.0,17,25823,买盘
10:43:59,15.18,-0.01,15,22775,卖盘
10:44:02,15.17,-0.01,59,89575,卖盘
10:44:05,15.18,0.01,80,121440,买盘
10:44:08,15.17,-0.01,86,130478,卖盘
10:44:11,15.17,0.0,30,45522,卖盘
10:44:14,15.18,0.01,199,302073,买盘
10:44:17,15.18,0.0,19,28825,中性盘
10:44:20,15.18,0.0,120,182065,中性盘
10:44:23,15.18,0.0,213,323355,买盘
10:44:26,15.18,0.0,37,56175,卖盘
10:44:29,15.18,0.0,111,168549,卖盘
10:44:32,15.18,0.0,58,88076,卖盘
10:44:35,15.18,0.0,32,48592,卖盘
10:44:38,15.19,0.01,46,69848,买盘
10:44:41,15.19,0.0,119,180694,买盘
10:44:44,15.17,-0.02,212,321834,卖盘
10:44:47,15.17,0.0,308,467299,卖盘
10:44:50,15.18,0.01,70,106247,买盘
10:44:53,15.18,0.0,6,9107,买盘
10:44:59,15.17,-0.01,131,198746,卖盘
10:45:02,15.16,-0.01,4,6064,卖盘
10:45:05,15.15,-0.01,268,406169,卖盘
10:45:08,15.16,0.01,118,178852,买盘
10:45:11,15.15,-0.01,6,9090,卖盘
10:45:14,15.14,-0.01,222,336295,卖盘
10:45:17,15.14,0.0,254,384358,买盘
10:45:20,15.14,0.0,20,30251,买盘
10:45:23,15.11,-0.03,32,48364,卖盘
10:45:26,15.11,0.0,88,132975,卖盘
10:45:29,15.11,0.0,195,294626,卖盘
10:45:32,15.1,-0.01,64,96640,卖盘
10:45:35,15.1,0.0,30,45300,卖盘
10:45:38,15.09,-0.01,4,6039,卖盘
10:45:41,15.08,-0.01,68,102561,卖盘
10:45:44,15.08,0.0,55,82940,卖盘
10:45:47,15.03,-0.05,243,365962,卖盘
10:45:50,15.04,0.01,43,64672,卖盘
10:45:53,15.03,-0.01,33,49623,卖盘
10:45:56,15.02,-0.01,13,19528,卖盘
10:45:59,15.02,0.0,165,247686,卖盘
10:46:02,15.02,0.0,48,72066,买盘
10:46:05,15.02,0.0,96,144137,买盘
10:46:08,15.01,-0.01,762,1143046,买盘
10:46:11,14.99,-0.02,113,169556,卖盘
10:46:14,14.98,-0.01,68,101908,卖盘
10:46:17,14.95,-0.03,14,20940,卖盘
10:46:20,14.97,0.02,10,14970,买盘
10:46:23,14.95,-0.02,116,173546,卖盘
10:46:26,14.95,0.0,53,79235,买盘
10:46:29,14.95,0.0,217,324397,买盘
10:46:32,14.96,0.01,20,29914,买盘
10:46:35,14.96,0.0,67,100183,买盘
10:46:38,14.97,0.01,40,59841,买盘
10:46:41,14.96,-0.01,268,400643,卖盘
10:46:44,14.97,0.01,192,287489,买盘
10:46:47,14.98,0.01,98,146681,买盘
10:46:50,14.99,0.01,155,232216,买盘
10:46:53,14.99,0.0,123,184200,买盘
10:46:56,14.99,0.0,92,137891,买盘
10:46:59,14.99,0.0,27,40469,买盘
10:47:02,14.99,0.0,45,67455,买盘
10:47:05,14.96,-0.03,121,181281,卖盘
10:47:08,14.97,0.01,12,17967,中性盘
10:47:11,14.98,0.01,20,29953,买盘
10:47:14,14.98,0.0,3,4494,买盘
10:47:17,14.96,-0.02,28,41898,卖盘
10:47:20,14.97,0.01,26,38922,卖盘
10:47:23,14.97,0.0,86,128746,卖盘
10:47:26,14.96,-0.01,81,121272,卖盘
10:47:29,14.97,0.01,10,14970,买盘
10:47:32,14.97,0.0,17,25451,卖盘
10:47:35,14.98,0.01,140,209720,买盘
10:47:38,14.98,0.0,151,226198,卖盘
10:47:41,14.98,0.0,79,118400,卖盘
10:47:44,15.0,0.02,109,163494,买盘
10:47:47,15.01,0.01,20,30020,买盘
10:47:50,15.01,0.0,3,4503,买盘
10:47:53,15.03,0.02,87,130667,买盘
10:47:56,15.03,0.0,50,75150,卖盘
10:47:59,15.04,0.01,10,15040,买盘
10:48:02,15.05,0.01,10,15050,买盘
10:48:05,15.07,0.02,38,57220,买盘
10:48:08,15.07,0.0,215,323749,买盘
10:48:11,14.95,-0.12,1034,1549602,卖盘
10:48:14,14.94,-0.01,78,116478,卖盘
10:48:17,14.94,0.0,40,59760,买盘
10:48:20,14.94,0.0,106,158293,买盘
10:48:23,14.92,-0.02,79,117889,卖盘
10:48:26,14.92,0.0,49,73108,买盘
10:48:29,14.92,0.0,47,70184,买盘
10:48:32,14.94,0.02,205,306260,买盘
10:48:35,14.92,-0.02,181,270568,卖盘
10:48:41,14.94,0.02,307,458237,卖盘
10:48:47,14.94,0.0,29,43341,卖盘
10:48:50,14.98,0.04,18,26964,中性盘
10:48:53,14.98,0.0,12,17976,买盘
10:48:56,14.98,0.0,21,31455,买盘
10:49:02,14.99,0.01,20,29963,买盘
10:49:05,14.99,0.0,51,76449,卖盘
10:49:08,15.01,0.02,87,130462,买盘
10:49:11,15.01,0.0,37,55537,卖盘
10:49:14,15.04,0.03,8,12028,买盘
10:49:17,15.04,0.0,32,48068,买盘
10:49:20,15.07,0.03,62,93254,买盘
10:49:23,15.08,0.01,37,55751,买盘
10:49:26,15.09,0.01,26,39215,买盘
10:49:29,15.04,-0.05,593,892589,卖盘
10:49:32,15.09,0.05,48,72477,中性盘
10:49:35,15.08,-0.01,238,359331,卖盘
10:49:38,15.08,0.0,263,396762,卖盘
10:49:41,15.1,0.02,161,242959,买盘
10:49:44,15.15,0.05,59,89336,买盘
10:49:47,15.14,-0.01,53,80242,买盘
10:49:50,15.14,0.0,49,74154,卖盘
10:49:53,15.15,0.01,112,169672,买盘
10:49:56,15.16,0.01,128,194041,买盘
10:49:59,15.17,0.01,53,80371,买盘
10:50:02,15.17,0.0,176,266905,买盘
10:50:05,15.18,0.01,144,218645,买盘
10:50:08,15.17,-0.01,6,9107,卖盘
10:50:11,15.18,0.01,50,75900,买盘
10:50:14,15.17,-0.01,182,276249,卖盘
10:50:17,15.18,0.01,80,121442,买盘
10:50:20,15.18,0.0,85,129021,买盘
10:50:23,15.18,0.0,36,54648,卖盘
10:50:26,15.18,0.0,81,123038,卖盘
10:50:29,15.19,0.01,28,42515,买盘
10:50:32,15.19,0.0,5,7592,买盘
10:50:35,15.18,-0.01,89,135166,卖盘
10:50:38,15.19,0.01,104,157973,买盘
10:50:41,15.19,0.0,98,148902,卖盘
10:50:44,15.19,0.0,49,74455,卖盘
10:50:47,15.19,0.0,208,316081,卖盘
10:50:50,15.18,-0.01,197,299276,卖盘
10:50:53,15.18,0.0,81,122990,卖盘
10:50:56,15.17,-0.01,113,171427,卖盘
10:50:59,15.18,0.01,36,54638,买盘
10:51:02,15.17,-0.01,235,356495,卖盘
10:51:05,15.17,0.0,55,83436,卖盘
10:51:08,15.17,0.0,180,273201,卖盘
10:51:11,15.17,0.0,97,147164,卖盘
10:51:14,15.17,0.0,31,47027,买盘
10:51:17,15.15,-0.02,4,6060,卖盘
10:51:20,15.15,0.0,158,239630,卖盘
10:51:23,15.15,0.0,13,19695,卖盘
10:51:26,15.15,0.0,57,86355,卖盘
10:51:29,15.15,0.0,35,53025,卖盘
10:51:32,15.14,-0.01,5,7570,中性盘
10:51:35,15.13,-0.01,3,4539,卖盘
10:51:38,15.13,0.0,6,9078,卖盘
10:51:41,15.13,0.0,8,12104,买盘
10:51:44,15.13,0.0,38,57464,买盘
10:51:47,15.12,-0.01,5,7560,卖盘
10:51:50,15.1,-0.02,81,122354,卖盘
10:51:53,15.12,0.02,90,136036,买盘
10:51:56,15.1,-0.02,18,27208,卖盘
10:51:59,15.12,0.02,11,16632,买盘
10:52:02,15.11,-0.01,5,7559,卖盘
10:52:05,15.11,0.0,24,36256,卖盘
10:52:08,15.15,0.04,210,317700,买盘
10:52:11,15.18,0.03,376,569957,买盘
10:52:17,15.19,0.01,96,145816,买盘
10:52:20,15.23,0.04,991,1507502,买盘
10:52:23,15.3,0.07,717,1094112,买盘
10:52:26,15.3,0.0,48,73435,买盘
10:52:29,15.3,0.0,116,177397,买盘
10:52:32,15.3,0.0,215,328950,买盘
10:52:35,15.29,-0.01,50,76491,中性盘
10:52:38,15.31,0.02,294,449699,买盘
10:52:41,15.3,-0.01,276,423109,卖盘
10:52:44,15.32,0.02,10,15320,中性盘
10:52:47,15.35,0.03,57,87414,买盘
10:52:50,15.35,0.0,73,112043,买盘
10:52:53,15.35,0.0,91,139756,卖盘
10:52:56,15.36,0.01,116,178328,卖盘
10:52:59,15.37,0.01,99,152159,卖盘
10:53:02,15.36,-0.01,206,317136,卖盘
10:53:05,15.37,0.01,229,352158,中性盘
10:53:08,15.39,0.02,137,210731,买盘
10:53:11,15.39,0.0,69,106123,卖盘
10:53:14,15.4,0.01,298,458449,买盘
10:53:17,15.39,-0.01,957,1474729,买盘
10:53:20,15.43,0.04,217,334208,买盘
10:53:23,15.37,-0.06,85,130929,卖盘
10:53:29,15.39,0.02,28,43116,卖盘
10:53:32,15.4,0.01,73,112400,买盘
10:53:35,15.4,0.0,213,327927,买盘
10:53:38,15.39,-0.01,119,183181,卖盘
10:53:41,15.39,0.0,54,83141,卖盘
10:53:44,15.39,0.0,40,61560,买盘
10:53:47,15.39,0.0,66,101528,买盘
10:53:50,15.37,-0.02,53,81513,卖盘
10:53:56,15.38,0.01,101,155221,买盘
10:53:59,15.37,-0.01,42,64536,买盘
10:54:02,15.38,0.01,329,505623,买盘
10:54:05,15.41,0.03,1070,1648814,买盘
10:54:08,15.47,0.06,1365,2108604,买盘
10:54:11,15.5,0.03,1237,1916201,买盘
10:54:14,15.74,0.24,13328,20852648,买盘
10:54:17,15.75,0.01,8041,12664682,买盘
10:54:20,15.75,0.0,15,23625,卖盘
10:54:23,15.75,0.0,186,292950,卖盘
10:54:26,15.75,0.0,533,839475,卖盘
10:54:29,15.75,0.0,180,283500,卖盘
10:54:32,15.75,0.0,690,1086750,卖盘
10:54:35,15.75,0.0,891,1403325,卖盘
10:54:38,15.75,0.0,647,1019025,卖盘
10:54:41,15.75,0.0,582,916650,卖盘
10:54:44,15.75,0.0,190,299250,卖盘
10:54:47,15.75,0.0,362,570150,卖盘
10:54:50,15.75,0.0,131,206325,卖盘
10:54:53,15.75,0.0,80,126000,卖盘
10:54:56,15.75,0.0,402,633150,卖盘
10:54:59,15.75,0.0,369,581175,卖盘
10:55:02,15.75,0.0,145,228375,卖盘
10:55:05,15.75,0.0,41,64575,卖盘
10:55:08,15.75,0.0,134,211050,卖盘
10:55:11,15.75,0.0,178,280350,卖盘
10:55:14,15.75,0.0,541,852075,卖盘
10:55:17,15.75,0.0,176,277200,卖盘
10:55:20,15.75,0.0,49,77175,卖盘
10:55:23,15.75,0.0,77,121275,卖盘
10:55:26,15.75,0.0,578,910350,卖盘
10:55:29,15.75,0.0,40,63000,卖盘
10:55:32,15.75,0.0,31,48825,卖盘
10:55:35,15.75,0.0,65,102375,卖盘
10:55:38,15.75,0.0,334,526050,卖盘
10:55:41,15.75,0.0,76,119700,卖盘
10:55:44,15.75,0.0,136,214200,卖盘
10:55:47,15.75,0.0,81,127575,卖盘
10:55:50,15.75,0.0,48,75600,卖盘
10:55:53,15.75,0.0,10,15750,卖盘
10:55:56,15.75,0.0,71,111825,卖盘
10:55:59,15.75,0.0,19,29925,卖盘
10:56:02,15.75,0.0,417,656775,卖盘
10:56:05,15.75,0.0,101,159075,卖盘
10:56:08,15.75,0.0,272,428400,卖盘
10:56:11,15.75,0.0,73,114975,卖盘
10:56:14,15.75,0.0,42,66150,卖盘
10:56:17,15.75,0.0,124,195300,卖盘
10:56:20,15.75,0.0,16,25200,卖盘
10:56:23,15.75,0.0,116,182700,卖盘
10:56:26,15.75,0.0,57,89775,卖盘
10:56:29,15.75,0.0,39,61425,卖盘
10:56:32,15.75,0.0,211,332325,卖盘
10:56:35,15.75,0.0,315,496125,卖盘
10:56:38,15.75,0.0,52,81900,卖盘
10:56:41,15.75,0.0,60,94500,卖盘
10:56:44,15.75,0.0,25,39375,卖盘
10:56:47,15.75,0.0,25,39375,卖盘
10:56:50,15.75,0.0,90,141750,卖盘
10:56:53,15.75,0.0,19,29925,卖盘
10:56:56,15.75,0.0,60,94500,卖盘
10:56:59,15.75,0.0,68,107100,卖盘
10:57:02,15.75,0.0,42,66150,卖盘
10:57:05,15.75,0.0,60,94500,卖盘
10:57:08,15.75,0.0,27,42525,卖盘
10:57:11,15.75,0.0,27,42525,卖盘
10:57:14,15.75,0.0,15,23625,卖盘
10:57:17,15.75,0.0,216,340200,卖盘
10:57:20,15.75,0.0,29,45675,卖盘
10:57:23,15.75,0.0,38,59850,卖盘
10:57:26,15.75,0.0,144,226800,卖盘
10:57:29,15.75,0.0,12,18900,卖盘
10:57:32,15.75,0.0,34,53550,卖盘
10:57:35,15.75,0.0,35,55125,卖盘
10:57:41,15.75,0.0,39,61425,卖盘
10:57:47,15.75,0.0,34,53550,卖盘
10:57:50,15.75,0.0,61,96075,卖盘
10:57:53,15.75,0.0,36,56700,卖盘
10:57:56,15.75,0.0,40,63000,卖盘
10:58:02,15.75,0.0,11,17325,卖盘
10:58:05,15.75,0.0,15,23625,卖盘
10:58:08,15.75,0.0,30,47250,卖盘
10:58:11,15.75,0.0,18,28350,卖盘
10:58:14,15.75,0.0,1,1575,卖盘
10:58:17,15.75,0.0,166,261450,卖盘
10:58:20,15.75,0.0,310,488250,卖盘
10:58:23,15.75,0.0,53,83475,卖盘
10:58:26,15.75,0.0,4,6300,卖盘
10:58:29,15.75,0.0,131,206325,卖盘
10:58:32,15.75,0.0,387,609525,卖盘
10:58:41,15.75,0.0,24,37800,卖盘
10:58:44,15.75,0.0,9,14175,卖盘
10:58:47,15.75,0.0,12,18900,卖盘
10:58:50,15.75,0.0,63,99225,卖盘
10:58:53,15.75,0.0,12,18900,卖盘
10:58:56,15.75,0.0,4,6300,卖盘
10:58:59,15.75,0.0,2,3150,卖盘
10:59:02,15.75,0.0,26,40950,卖盘
10:59:05,15.75,0.0,67,105525,卖盘
10:59:08,15.75,0.0,22,34650,卖盘
10:59:11,15.75,0.0,1,1575,卖盘
10:59:14,15.75,0.0,5,7875,卖盘
10:59:17,15.75,0.0,15,23625,卖盘
10:59:20,15.75,0.0,4,6300,卖盘
10:59:23,15.75,0.0,128,201600,卖盘
10:59:26,15.75,0.0,5,7875,卖盘
10:59:29,15.75,0.0,56,88200,卖盘
10:59:32,15.75,0.0,20,31500,卖盘
10:59:35,15.75,0.0,1,1575,卖盘
10:59:38,15.75,0.0,19,29925,卖盘
10:59:41,15.75,0.0,30,47250,卖盘
10:59:44,15.75,0.0,1,1575,卖盘
10:59:47,15.75,0.0,500,787500,卖盘
10:59:50,15.75,0.0,5,7875,卖盘
10:59:53,15.75,0.0,10,15750,卖盘
10:59:56,15.75,0.0,20,31500,卖盘
10:59:59,15.75,0.0,14,22050,卖盘
11:00:02,15.75,0.0,25,39375,卖盘
11:00:08,15.75,0.0,2,3150,卖盘
11:00:11,15.75,0.0,16,25200,卖盘
11:00:14,15.75,0.0,1,1575,卖盘
11:00:17,15.75,0.0,4,6300,卖盘
11:00:20,15.75,0.0,24,37800,卖盘
11:00:23,15.75,0.0,4,6300,卖盘
11:00:26,15.75,0.0,51,80325,卖盘
11:00:29,15.75,0.0,10,15750,卖盘
11:00:35,15.75,0.0,1,1575,卖盘
11:00:38,15.75,0.0,6,9450,卖盘
11:00:41,15.75,0.0,2,3150,卖盘
11:00:44,15.75,0.0,16,25200,卖盘
11:00:50,15.75,0.0,10,15750,卖盘
11:00:53,15.75,0.0,10,15750,卖盘
11:01:02,15.75,0.0,132,207900,卖盘
11:01:05,15.75,0.0,10,15750,卖盘
11:01:14,15.75,0.0,8,12600,卖盘
11:01:23,15.75,0.0,7,11025,卖盘
11:01:26,15.75,0.0,584,919800,卖盘
11:01:41,15.75,0.0,7,11025,卖盘
11:01:44,15.75,0.0,11,17325,卖盘
11:01:50,15.75,0.0,12,18900,卖盘
11:01:53,15.75,0.0,50,78750,卖盘
11:01:59,15.75,0.0,27,42525,卖盘
11:02:02,15.75,0.0,11,17325,卖盘
11:02:08,15.75,0.0,36,56700,卖盘
11:02:11,15.75,0.0,6,9450,卖盘
11:02:14,15.75,0.0,50,78750,卖盘
11:02:20,15.75,0.0,10,15750,卖盘
11:02:23,15.75,0.0,6,9450,卖盘
11:02:26,15.75,0.0,33,51975,卖盘
11:02:29,15.75,0.0,2,3150,卖盘
11:02:32,15.75,0.0,13,20475,卖盘
11:02:35,15.75,0.0,32,50400,卖盘
11:02:38,15.75,0.0,34,53550,卖盘
11:02:41,15.75,0.0,8,12600,卖盘
11:02:44,15.75,0.0,50,78750,卖盘
11:02:47,15.75,0.0,37,58275,卖盘
11:02:53,15.75,0.0,31,48825,卖盘
11:02:56,15.75,0.0,3,4725,卖盘
11:02:59,15.75,0.0,21,33075,卖盘
11:03:05,15.75,0.0,49,77175,卖盘
11:03:11,15.75,0.0,5,7875,卖盘
11:03:14,15.75,0.0,5,7875,卖盘
11:03:20,15.75,0.0,13,20475,卖盘
11:03:26,15.75,0.0,5,7875,卖盘
11:03:29,15.75,0.0,73,114975,卖盘
11:03:35,15.75,0.0,1,1575,卖盘
11:03:41,15.75,0.0,196,308700,卖盘
11:03:44,15.75,0.0,235,370125,卖盘
11:03:50,15.75,0.0,127,200025,卖盘
11:03:53,15.75,0.0,29,45675,卖盘
11:03:56,15.75,0.0,16,25200,卖盘
11:04:02,15.75,0.0,27,42525,卖盘
11:04:05,15.75,0.0,41,64575,卖盘
11:04:08,15.75,0.0,1820,2866500,卖盘
11:04:17,15.75,0.0,54,85050,卖盘
11:04:23,15.75,0.0,31,48825,卖盘
11:04:26,15.75,0.0,1,1575,卖盘
11:04:29,15.75,0.0,9,14175,卖盘
11:04:32,15.75,0.0,15,23625,卖盘
11:04:41,15.75,0.0,16,25200,卖盘
11:04:47,15.75,0.0,50,78750,卖盘
11:04:50,15.75,0.0,15,23625,卖盘
11:04:53,15.75,0.0,3,4725,卖盘
11:04:56,15.75,0.0,168,264600,卖盘
11:04:59,15.75,0.0,10,15750,卖盘
11:05:02,15.75,0.0,2,3150,卖盘
11:05:08,15.75,0.0,2,3150,卖盘
11:05:11,15.75,0.0,20,31500,卖盘
11:05:14,15.75,0.0,1,1575,卖盘
11:05:17,15.75,0.0,3,4725,卖盘
11:05:20,15.75,0.0,1,1575,卖盘
11:05:29,15.75,0.0,57,89775,卖盘
11:05:32,15.75,0.0,50,78750,卖盘
11:05:35,15.75,0.0,25,39375,卖盘
11:05:44,15.75,0.0,16,25200,卖盘
11:05:47,15.75,0.0,21,33075,卖盘
11:06:05,15.75,0.0,5,7875,卖盘
11:06:11,15.75,0.0,1,1575,卖盘
11:06:17,15.75,0.0,4,6300,卖盘
11:06:23,15.75,0.0,1,1575,卖盘
11:06:26,15.75,0.0,15,23625,卖盘
11:06:29,15.75,0.0,55,86625,卖盘
11:06:32,15.75,0.0,16,25200,卖盘
11:06:35,15.75,0.0,1,1575,卖盘
11:06:38,15.75,0.0,10,15750,卖盘
11:06:44,15.75,0.0,14,22050,卖盘
11:06:47,15.75,0.0,2,3150,卖盘
11:06:50,15.75,0.0,17,26775,卖盘
11:06:56,15.75,0.0,1,1575,卖盘
11:06:59,15.75,0.0,45,70875,卖盘
11:07:05,15.75,0.0,1,1575,卖盘
11:07:08,15.75,0.0,8,12600,卖盘
11:07:11,15.75,0.0,27,42525,卖盘
11:07:14,15.75,0.0,2,3150,卖盘
11:07:23,15.75,0.0,3,4725,卖盘
11:07:26,15.75,0.0,57,89775,卖盘
11:07:32,15.75,0.0,1,1575,卖盘
11:07:35,15.75,0.0,2,3150,卖盘
11:07:50,15.75,0.0,25,39375,卖盘
11:07:53,15.75,0.0,68,107100,卖盘
11:07:59,15.75,0.0,60,94500,卖盘
11:08:02,15.75,0.0,3,4725,卖盘
11:08:05,15.75,0.0,8,12600,卖盘
11:08:14,15.75,0.0,5,7875,卖盘
11:08:20,15.75,0.0,10,15750,卖盘
11:08:23,15.75,0.0,7,11025,卖盘
11:08:29,15.75,0.0,114,179550,卖盘
11:08:32,15.75,0.0,3,4725,卖盘
11:08:35,15.75,0.0,1,1575,卖盘
11:08:38,15.75,0.0,3,4725,卖盘
11:08:41,15.75,0.0,13,20475,卖盘
11:08:44,15.75,0.0,137,215775,卖盘
11:08:47,15.75,0.0,5,7875,卖盘
11:08:50,15.75,0.0,17,26775,卖盘
11:08:56,15.75,0.0,3,4725,卖盘
11:09:02,15.75,0.0,2,3150,卖盘
11:09:05,15.75,0.0,1037,1633275,卖盘
11:09:08,15.75,0.0,4,6300,卖盘
11:09:23,15.75,0.0,68,107100,卖盘
11:09:35,15.75,0.0,24,37800,卖盘
11:09:38,15.75,0.0,55,86625,卖盘
11:09:41,15.75,0.0,100,157500,卖盘
11:09:44,15.75,0.0,6,9450,卖盘
11:09:53,15.75,0.0,10,15750,卖盘
11:09:56,15.75,0.0,27,42525,卖盘
11:09:59,15.75,0.0,2,3150,卖盘
11:10:05,15.75,0.0,57,89649,卖盘
11:10:08,15.75,0.0,13,20475,卖盘
11:10:14,15.75,0.0,15,23625,卖盘
11:10:17,15.75,0.0,20,31500,卖盘
11:10:29,15.75,0.0,25,39375,卖盘
11:10:41,15.75,0.0,50,78750,卖盘
11:10:47,15.75,0.0,7,11025,卖盘
11:10:50,15.75,0.0,10,15750,卖盘
11:10:53,15.75,0.0,7,11025,卖盘
11:10:56,15.75,0.0,4,6300,卖盘
11:10:59,15.75,0.0,3,4725,卖盘
11:11:02,15.75,0.0,17,26775,卖盘
11:11:11,15.75,0.0,2,3150,卖盘
11:11:23,15.75,0.0,5,7875,卖盘
11:11:29,15.75,0.0,109,171675,卖盘
11:11:35,15.75,0.0,2,3150,卖盘
11:11:38,15.75,0.0,80,126000,卖盘
11:11:44,15.75,0.0,10,15750,卖盘
11:11:47,15.75,0.0,19,29925,卖盘
11:11:53,15.75,0.0,3,4725,卖盘
11:11:56,15.75,0.0,1,1575,卖盘
11:12:05,15.75,0.0,20,31500,卖盘
11:12:11,15.75,0.0,10,15750,卖盘
11:12:26,15.75,0.0,6,9450,卖盘
11:12:29,15.75,0.0,30,47250,卖盘
11:12:32,15.75,0.0,1,1575,卖盘
11:12:35,15.75,0.0,3,4725,卖盘
11:12:38,15.75,0.0,1,1575,卖盘
11:12:47,15.75,0.0,3,4725,卖盘
11:12:53,15.75,0.0,3,4725,卖盘
11:13:02,15.75,0.0,4,6300,卖盘
11:13:14,15.75,0.0,7,11025,卖盘
11:13:17,15.75,0.0,6,9450,卖盘
11:13:23,15.75,0.0,17,26775,卖盘
11:13:32,15.75,0.0,5,7875,卖盘
11:13:35,15.75,0.0,6,9450,卖盘
11:13:41,15.75,0.0,20,31500,卖盘
11:13:53,15.75,0.0,2,3150,卖盘
11:13:56,15.75,0.0,21,33075,卖盘
11:14:05,15.75,0.0,108,170100,卖盘
11:14:08,15.75,0.0,31,48825,卖盘
11:14:20,15.75,0.0,10,15750,卖盘
11:14:29,15.75,0.0,1,1575,卖盘
11:14:38,15.75,0.0,5,7875,卖盘
11:14:41,15.75,0.0,1,1575,卖盘
11:14:50,15.75,0.0,20,31500,卖盘
11:15:02,15.75,0.0,4,6300,卖盘
11:15:11,15.75,0.0,5,7875,卖盘
11:15:14,15.75,0.0,2,3150,卖盘
11:15:20,15.75,0.0,1,1575,卖盘
11:15:23,15.75,0.0,30,47250,卖盘
11:15:26,15.75,0.0,4,6300,卖盘
11:15:29,15.75,0.0,5,7875,卖盘
11:15:32,15.75,0.0,12,18900,卖盘
11:15:41,15.75,0.0,2,3150,卖盘
11:15:44,15.75,0.0,4,6300,卖盘
11:15:47,15.75,0.0,50,78750,卖盘
11:15:50,15.75,0.0,1,1575,卖盘
11:15:53,15.75,0.0,10,15750,卖盘
11:16:05,15.75,0.0,2,3150,卖盘
11:16:17,15.75,0.0,13,20475,卖盘
11:16:20,15.75,0.0,6,9450,卖盘
11:16:32,15.75,0.0,2,3150,卖盘
11:16:35,15.75,0.0,6,9450,卖盘
11:16:59,15.75,0.0,3,4725,卖盘
11:17:02,15.75,0.0,9,14175,卖盘
11:17:08,15.75,0.0,15,23625,卖盘
11:17:26,15.75,0.0,2,3150,卖盘
11:17:32,15.75,0.0,33,51975,卖盘
11:17:50,15.75,0.0,10,15750,卖盘
11:18:02,15.75,0.0,35,55125,卖盘
11:18:05,15.75,0.0,19,29925,卖盘
11:18:17,15.75,0.0,60,94500,卖盘
11:18:32,15.75,0.0,40,63000,卖盘
11:18:38,15.75,0.0,37,58275,卖盘
11:18:41,15.75,0.0,50,78750,卖盘
11:18:44,15.75,0.0,32,50400,卖盘
11:18:59,15.75,0.0,11,17325,卖盘
11:19:02,15.75,0.0,1,1575,卖盘
11:19:11,15.75,0.0,4,6300,卖盘
11:19:20,15.75,0.0,13,20475,卖盘
11:19:23,15.75,0.0,4,6300,卖盘
11:19:32,15.75,0.0,10,15750,卖盘
11:19:35,15.75,0.0,16,25200,卖盘
11:19:50,15.75,0.0,20,31500,卖盘
11:20:32,15.75,0.0,214,337050,卖盘
11:20:41,15.75,0.0,2600,4095000,卖盘
11:20:50,15.75,0.0,10,15750,卖盘
11:20:53,15.75,0.0,7,11025,卖盘
11:21:02,15.75,0.0,1,1575,卖盘
11:21:08,15.75,0.0,20,31500,卖盘
11:21:14,15.75,0.0,33,51975,卖盘
11:21:20,15.75,0.0,5,7875,卖盘
11:21:26,15.75,0.0,3,4725,卖盘
11:21:38,15.75,0.0,20,31500,卖盘
11:21:53,15.75,0.0,10,15750,卖盘
11:22:02,15.75,0.0,1,1575,卖盘
11:22:05,15.75,0.0,3,4725,卖盘
11:22:11,15.75,0.0,1,1575,卖盘
11:22:23,15.75,0.0,14,22050,卖盘
11:22:44,15.75,0.0,3,4725,卖盘
11:22:53,15.75,0.0,2,3150,卖盘
11:22:56,15.75,0.0,49,77175,卖盘
11:23:05,15.75,0.0,1,1575,卖盘
11:23:20,15.75,0.0,2,3150,卖盘
11:23:26,15.75,0.0,18,28350,卖盘
11:23:29,15.75,0.0,61,96075,卖盘
11:23:38,15.75,0.0,111,174825,卖盘
11:23:47,15.75,0.0,2,3150,卖盘
11:23:59,15.75,0.0,7,11025,卖盘
11:24:02,15.75,0.0,5,7875,卖盘
11:24:05,15.75,0.0,10,15750,卖盘
11:24:23,15.75,0.0,1,1575,卖盘
11:24:26,15.75,0.0,2,3150,卖盘
11:24:29,15.75,0.0,2,3150,卖盘
11:24:44,15.75,0.0,4,6300,卖盘
11:24:47,15.75,0.0,7,11025,卖盘
11:24:50,15.75,0.0,8,12600,卖盘
11:24:59,15.75,0.0,50,78750,卖盘
11:25:08,15.75,0.0,2,3150,卖盘
11:25:17,15.75,0.0,20,31500,卖盘
11:25:20,15.75,0.0,6,9450,卖盘
11:25:26,15.75,0.0,6,9450,卖盘
11:25:35,15.75,0.0,16,25200,卖盘
11:25:53,15.75,0.0,3,4725,卖盘
11:26:02,15.75,0.0,42,66150,卖盘
11:26:23,15.75,0.0,1,1575,卖盘
11:26:32,15.75,0.0,10,15750,卖盘
11:26:38,15.75,0.0,1,1575,卖盘
11:26:47,15.75,0.0,58,91350,卖盘
11:26:50,15.75,0.0,15,23625,卖盘
11:26:53,15.75,0.0,3,4725,卖盘
11:26:56,15.75,0.0,10,15750,卖盘
11:27:08,15.75,0.0,10,15750,卖盘
11:27:11,15.75,0.0,2,3150,卖盘
11:27:14,15.75,0.0,30,47250,卖盘
11:27:17,15.75,0.0,10,15750,卖盘
11:27:26,15.75,0.0,11,17325,卖盘
11:27:41,15.75,0.0,43,67725,卖盘
11:27:53,15.75,0.0,1,1575,卖盘
11:27:59,15.75,0.0,5,7875,卖盘
11:28:05,15.75,0.0,1,1575,卖盘
11:28:08,15.75,0.0,2,3150,卖盘
11:28:23,15.75,0.0,10,15750,卖盘
11:28:35,15.75,0.0,149,234675,卖盘
11:28:38,15.75,0.0,1,1575,卖盘
11:29:02,15.75,0.0,5,7875,卖盘
11:29:05,15.75,0.0,17,26775,卖盘
11:29:14,15.75,0.0,2,3150,卖盘
11:29:17,15.75,0.0,10,15750,卖盘
11:29:38,15.75,0.0,2,3150,卖盘
11:29:44,15.75,0.0,1,1575,卖盘
11:29:50,15.75,0.0,10,15750,卖盘
11:29:59,15.75,0.0,5,7875,卖盘
13:00:02,15.75,0.0,180,283500,卖盘
13:00:05,15.75,0.0,413,650475,卖盘
13:00:08,15.75,0.0,464,730800,卖盘
13:00:11,15.75,0.0,942,1483650,卖盘
13:00:14,15.75,0.0,2,3150,卖盘
13:00:17,15.75,0.0,70,110250,卖盘
13:00:23,15.75,0.0,90,141750,卖盘
13:00:29,15.75,0.0,10,15750,卖盘
13:00:47,15.75,0.0,10,15750,卖盘
13:00:56,15.75,0.0,2,3150,卖盘
13:00:59,15.75,0.0,10,15750,卖盘
13:01:02,15.75,0.0,3,4725,卖盘
13:01:17,15.75,0.0,12,18900,卖盘
13:01:26,15.75,0.0,1,1575,卖盘
13:01:32,15.75,0.0,5,7875,卖盘
13:01:35,15.75,0.0,18,28350,卖盘
13:01:44,15.75,0.0,1,1575,卖盘
13:01:50,15.75,0.0,20,31500,卖盘
13:01:53,15.75,0.0,38,59850,卖盘
13:02:05,15.75,0.0,7,11025,卖盘
13:02:14,15.75,0.0,3,4725,卖盘
13:02:20,15.75,0.0,6,9450,卖盘
13:02:29,15.75,0.0,11,17325,卖盘
13:02:38,15.75,0.0,34,53550,卖盘
13:02:41,15.75,0.0,6,9450,卖盘
13:02:44,15.75,0.0,10,15750,卖盘
13:02:53,15.75,0.0,1,1575,卖盘
13:02:56,15.75,0.0,33,51975,卖盘
13:03:02,15.75,0.0,8,12600,卖盘
13:03:05,15.75,0.0,1,1575,卖盘
13:03:14,15.75,0.0,5,7875,卖盘
13:03:20,15.75,0.0,2,3150,卖盘
13:03:26,15.75,0.0,20,31500,卖盘
13:04:11,15.75,0.0,2,3150,卖盘
13:04:14,15.75,0.0,111,174825,卖盘
13:04:23,15.75,0.0,2,3150,卖盘
13:04:41,15.75,0.0,10,15750,卖盘
13:04:50,15.75,0.0,5,7875,卖盘
13:05:08,15.75,0.0,1,1575,卖盘
13:05:23,15.75,0.0,5,7875,卖盘
13:05:26,15.75,0.0,41,64575,卖盘
13:05:41,15.75,0.0,20,31500,卖盘
13:05:44,15.75,0.0,1,1575,卖盘
13:05:50,15.75,0.0,37,58275,卖盘
13:05:53,15.75,0.0,38,59850,卖盘
13:05:59,15.75,0.0,1,1575,卖盘
13:06:05,15.75,0.0,1,1575,卖盘
13:06:20,15.75,0.0,2,3150,卖盘
13:06:32,15.75,0.0,4,6300,卖盘
13:06:50,15.75,0.0,10,15750,卖盘
13:06:56,15.75,0.0,30,47250,卖盘
13:06:59,15.75,0.0,5,7875,卖盘
13:07:02,15.75,0.0,2,3150,卖盘
13:07:11,15.75,0.0,2,3150,卖盘
13:07:32,15.75,0.0,14,22050,卖盘
13:07:38,15.75,0.0,13,20475,卖盘
13:07:41,15.75,0.0,501,789075,卖盘
13:07:47,15.75,0.0,5,7875,卖盘
13:07:56,15.75,0.0,2,3150,卖盘
13:08:14,15.75,0.0,27,42525,卖盘
13:08:44,15.75,0.0,9,14175,卖盘
13:08:59,15.75,0.0,1,1575,卖盘
13:09:08,15.75,0.0,70,110250,卖盘
13:09:23,15.75,0.0,5,7875,卖盘
13:09:32,15.75,0.0,8,12600,卖盘
13:09:38,15.75,0.0,8,12600,卖盘
13:09:44,15.75,0.0,23,36225,卖盘
13:10:05,15.75,0.0,30,47250,卖盘
13:10:08,15.75,0.0,20,31500,卖盘
13:10:17,15.75,0.0,70,110250,卖盘
13:10:29,15.75,0.0,5,7875,卖盘
13:10:32,15.75,0.0,157,247275,卖盘
13:10:50,15.75,0.0,30,47250,卖盘
13:10:53,15.75,0.0,12,18900,卖盘
13:10:59,15.75,0.0,11,17325,卖盘
13:11:05,15.75,0.0,3,4725,卖盘
13:11:23,15.75,0.0,12,18900,卖盘
13:11:26,15.75,0.0,25,39375,卖盘
13:11:35,15.75,0.0,10,15750,卖盘
13:11:38,15.75,0.0,54,85050,卖盘
13:11:41,15.75,0.0,6,9450,卖盘
13:11:53,15.75,0.0,1,1575,卖盘
13:11:56,15.75,0.0,2,3150,卖盘
13:12:23,15.75,0.0,1,1575,卖盘
13:12:44,15.75,0.0,1,1575,卖盘
13:12:59,15.75,0.0,10,15750,卖盘
13:13:29,15.75,0.0,3,4725,卖盘
13:13:50,15.75,0.0,5,7875,卖盘
13:13:59,15.75,0.0,6,9450,卖盘
13:14:08,15.75,0.0,4,6300,卖盘
13:14:38,15.75,0.0,3,4725,卖盘
13:15:17,15.75,0.0,11,17325,卖盘
13:15:20,15.75,0.0,556,875700,卖盘
13:15:47,15.75,0.0,5,7875,卖盘
13:16:08,15.75,0.0,10,15750,卖盘
13:16:14,15.75,0.0,10,15750,卖盘
13:16:53,15.75,0.0,10,15750,卖盘
13:16:56,15.75,0.0,196,308700,卖盘
13:17:11,15.75,0.0,9,14175,卖盘
13:17:14,15.75,0.0,2,3150,卖盘
13:17:17,15.75,0.0,1,1575,卖盘
13:17:44,15.75,0.0,1,1575,卖盘
13:18:08,15.75,0.0,1,1575,卖盘
13:18:17,15.75,0.0,6,9450,卖盘
13:18:38,15.75,0.0,20,31500,卖盘
13:18:53,15.75,0.0,7,11025,卖盘
13:18:56,15.75,0.0,2,3150,卖盘
13:19:02,15.75,0.0,1,1575,卖盘
13:19:08,15.75,0.0,2,3150,卖盘
13:19:11,15.75,0.0,39,61425,卖盘
13:19:20,15.75,0.0,518,815850,卖盘
13:19:26,15.75,0.0,10,15750,卖盘
13:19:29,15.75,0.0,100,157500,卖盘
13:19:41,15.75,0.0,2,3150,卖盘
13:19:50,15.75,0.0,7,11025,卖盘
13:20:05,15.75,0.0,1,1575,卖盘
13:20:23,15.75,0.0,8,12600,卖盘
13:20:26,15.75,0.0,5,7875,卖盘
13:20:29,15.75,0.0,2173,3422475,卖盘
13:20:32,15.75,0.0,4,6300,卖盘
13:20:41,15.75,0.0,23,36225,卖盘
13:20:44,15.75,0.0,50,78750,卖盘
13:20:47,15.75,0.0,2,3150,卖盘
13:20:53,15.75,0.0,31,48825,卖盘
13:20:56,15.75,0.0,9,14175,卖盘
13:20:59,15.75,0.0,20,31500,卖盘
13:21:02,15.75,0.0,13,20475,卖盘
13:21:08,15.75,0.0,3008,4737600,卖盘
13:21:11,15.75,0.0,12,18900,卖盘
13:21:26,15.75,0.0,23,36225,卖盘
13:21:29,15.75,0.0,28,44100,卖盘
13:21:32,15.75,0.0,28,44100,卖盘
13:21:38,15.75,0.0,326,513450,卖盘
13:21:41,15.75,0.0,13,20475,卖盘
13:21:44,15.75,0.0,2027,3192525,卖盘
13:21:47,15.75,0.0,53,83475,卖盘
13:21:50,15.75,0.0,8,12600,卖盘
13:21:53,15.75,0.0,25,39375,卖盘
13:21:56,15.75,0.0,5,7875,卖盘
13:22:02,15.75,0.0,10,15750,卖盘
13:22:05,15.75,0.0,4,6300,卖盘
13:22:08,15.75,0.0,20,31500,卖盘
13:22:11,15.75,0.0,3,4725,卖盘
13:22:14,15.75,0.0,21,33075,卖盘
13:22:20,15.75,0.0,20,31500,卖盘
13:22:23,15.75,0.0,6,9450,卖盘
13:22:26,15.75,0.0,250,393750,卖盘
13:22:32,15.75,0.0,75,118125,卖盘
13:22:35,15.75,0.0,9,14175,卖盘
13:22:47,15.75,0.0,675,1063125,卖盘
13:22:50,15.75,0.0,10,15750,卖盘
13:22:53,15.75,0.0,3,4725,卖盘
13:22:56,15.75,0.0,20,31500,卖盘
13:22:59,15.75,0.0,70,110250,卖盘
13:23:08,15.75,0.0,5,7875,卖盘
13:23:11,15.75,0.0,150,236250,卖盘
13:23:14,15.75,0.0,11,17325,卖盘
13:23:17,15.75,0.0,40,63000,卖盘
13:23:20,15.75,0.0,35,55125,卖盘
13:23:26,15.75,0.0,10,15750,卖盘
13:23:32,15.75,0.0,2011,3167325,卖盘
13:23:38,15.75,0.0,6,9450,卖盘
13:23:41,15.75,0.0,99,155925,卖盘
13:23:44,15.75,0.0,97,152775,卖盘
13:23:47,15.75,0.0,434,683550,卖盘
13:23:50,15.75,0.0,297,467775,卖盘
13:23:53,15.75,0.0,167,263025,卖盘
13:23:56,15.75,0.0,270,425250,卖盘
13:23:59,15.75,0.0,296,466200,卖盘
13:24:02,15.75,0.0,100,157500,卖盘
13:24:05,15.75,0.0,122,192150,卖盘
13:24:08,15.75,0.0,59,92925,卖盘
13:24:11,15.75,0.0,11,17325,卖盘
13:24:14,15.75,0.0,83,130725,卖盘
13:24:17,15.75,0.0,67,105525,卖盘
13:24:20,15.75,0.0,4,6300,卖盘
13:24:23,15.75,0.0,12,18900,卖盘
13:24:26,15.75,0.0,51,80325,卖盘
13:24:32,15.75,0.0,26,40950,卖盘
13:24:38,15.75,0.0,5,7875,卖盘
13:24:41,15.75,0.0,4,6300,卖盘
13:24:44,15.75,0.0,37,58275,卖盘
13:24:50,15.75,0.0,54,85050,卖盘
13:24:56,15.75,0.0,8,12600,卖盘
13:25:02,15.75,0.0,2,3150,卖盘
13:25:05,15.75,0.0,20,31500,卖盘
13:25:17,15.75,0.0,100,157500,卖盘
13:25:26,15.75,0.0,15,23625,卖盘
13:25:29,15.75,0.0,3,4725,卖盘
13:25:32,15.75,0.0,160,252000,卖盘
13:25:35,15.75,0.0,8,12600,卖盘
13:25:47,15.75,0.0,211,332325,卖盘
13:26:05,15.75,0.0,9,14175,卖盘
13:26:08,15.75,0.0,40,63000,卖盘
13:26:11,15.75,0.0,50,78750,卖盘
13:26:17,15.75,0.0,2,3150,卖盘
13:26:20,15.75,0.0,6,9450,卖盘
13:26:32,15.75,0.0,21,33075,卖盘
13:26:35,15.75,0.0,3,4725,卖盘
13:26:38,15.75,0.0,10,15750,卖盘
13:26:41,15.75,0.0,40,63000,卖盘
13:26:56,15.75,0.0,8,12600,卖盘
13:27:05,15.75,0.0,1,1575,卖盘
13:27:08,15.75,0.0,10,15750,卖盘
13:27:17,15.75,0.0,18,28350,卖盘
13:27:20,15.75,0.0,3,4725,卖盘
13:27:26,15.75,0.0,3,4725,卖盘
13:27:32,15.75,0.0,6,9450,卖盘
13:27:38,15.75,0.0,21,33075,卖盘
13:27:41,15.75,0.0,123,193725,卖盘
13:27:44,15.75,0.0,1,1575,卖盘
13:27:50,15.75,0.0,1,1575,卖盘
13:27:53,15.75,0.0,50,78750,卖盘
13:27:59,15.75,0.0,1,1575,卖盘
13:28:02,15.75,0.0,5,7875,卖盘
13:28:05,15.75,0.0,9,14175,卖盘
13:28:11,15.75,0.0,14,22050,卖盘
13:28:20,15.75,0.0,1,1575,卖盘
13:28:26,15.75,0.0,9,14175,卖盘
13:28:29,15.75,0.0,3,4725,卖盘
13:28:32,15.75,0.0,156,245700,卖盘
13:28:41,15.75,0.0,5,7875,卖盘
13:28:47,15.75,0.0,40,63000,卖盘
13:29:02,15.75,0.0,10,15750,卖盘
13:29:05,15.75,0.0,5,7875,卖盘
13:29:08,15.75,0.0,29,45675,卖盘
13:29:11,15.75,0.0,25,39375,卖盘
13:29:26,15.75,0.0,20,31500,卖盘
13:29:35,15.75,0.0,12,18900,卖盘
13:29:53,15.75,0.0,10,15750,卖盘
13:29:59,15.75,0.0,43,67725,卖盘
13:30:05,15.75,0.0,302,475650,卖盘
13:30:08,15.75,0.0,10,15750,卖盘
13:30:11,15.75,0.0,25,39375,卖盘
13:30:14,15.75,0.0,20,31500,卖盘
13:30:17,15.75,0.0,50,78750,卖盘
13:30:29,15.75,0.0,10,15750,卖盘
13:30:38,15.75,0.0,2,3150,卖盘
13:30:41,15.75,0.0,30,47250,卖盘
13:30:50,15.75,0.0,4,6300,卖盘
13:31:08,15.75,0.0,20,31500,卖盘
13:31:11,15.75,0.0,5,7875,卖盘
13:31:23,15.75,0.0,50,78750,卖盘
13:31:32,15.75,0.0,1,1575,卖盘
13:31:41,15.75,0.0,23,36225,卖盘
13:31:47,15.75,0.0,8,12600,卖盘
13:31:50,15.75,0.0,8,12600,卖盘
13:31:59,15.75,0.0,1,1575,卖盘
13:32:17,15.75,0.0,10,15750,卖盘
13:32:23,15.75,0.0,2,3150,卖盘
13:32:26,15.75,0.0,10,15750,卖盘
13:32:32,15.75,0.0,1,1575,卖盘
13:32:38,15.75,0.0,10,15750,卖盘
13:32:41,15.75,0.0,1,1575,卖盘
13:32:44,15.75,0.0,3,4725,卖盘
13:32:50,15.75,0.0,27,42525,卖盘
13:33:35,15.75,0.0,32,50400,卖盘
13:33:44,15.75,0.0,1,1575,卖盘
13:34:05,15.75,0.0,20,31500,卖盘
13:34:26,15.75,0.0,3,4725,卖盘
13:34:32,15.75,0.0,2,3150,卖盘
13:34:41,15.75,0.0,54,85050,卖盘
13:34:47,15.75,0.0,30,47250,卖盘
13:34:50,15.75,0.0,30,47250,卖盘
13:34:53,15.75,0.0,1,1575,卖盘
13:34:59,15.75,0.0,2,3150,卖盘
13:35:02,15.75,0.0,10,15750,卖盘
13:35:05,15.75,0.0,20,31500,卖盘
13:35:14,15.75,0.0,18,28350,卖盘
13:35:20,15.75,0.0,20,31500,卖盘
13:35:26,15.75,0.0,40,63000,卖盘
13:35:35,15.75,0.0,20,31500,卖盘
13:35:38,15.75,0.0,100,157500,卖盘
13:35:56,15.75,0.0,4,6300,卖盘
13:36:11,15.75,0.0,2,3150,卖盘
13:36:14,15.75,0.0,13,20475,卖盘
13:36:23,15.75,0.0,22,34650,卖盘
13:37:05,15.75,0.0,5,7875,卖盘
13:37:11,15.75,0.0,7,11025,卖盘
13:37:17,15.75,0.0,10,15750,卖盘
13:37:20,15.75,0.0,19,29925,卖盘
13:37:23,15.75,0.0,1,1575,卖盘
13:37:26,15.75,0.0,8,12600,卖盘
13:37:32,15.75,0.0,8,12600,卖盘
13:37:35,15.75,0.0,2,3150,卖盘
13:37:56,15.75,0.0,10,15750,卖盘
13:38:05,15.75,0.0,1,1575,卖盘
13:38:11,15.75,0.0,5,7875,卖盘
13:38:29,15.75,0.0,30,47250,卖盘
13:38:38,15.75,0.0,7,11025,卖盘
13:38:41,15.75,0.0,15,23625,卖盘
13:38:47,15.75,0.0,1,1575,卖盘
13:39:05,15.75,0.0,2,3150,卖盘
13:39:26,15.75,0.0,4,6300,卖盘
13:39:35,15.75,0.0,20,31500,卖盘
13:39:56,15.75,0.0,2,3150,卖盘
13:40:14,15.75,0.0,10,15750,卖盘
13:40:20,15.75,0.0,30,47250,卖盘
13:40:23,15.75,0.0,1,1575,卖盘
13:40:29,15.75,0.0,29,45675,卖盘
13:40:38,15.75,0.0,5,7875,卖盘
13:40:44,15.75,0.0,5,7875,卖盘
13:41:05,15.75,0.0,76,119700,卖盘
13:41:11,15.75,0.0,28,44100,卖盘
13:41:14,15.75,0.0,10,15750,卖盘
13:41:17,15.75,0.0,15,23625,卖盘
13:41:29,15.75,0.0,10,15750,卖盘
13:41:41,15.75,0.0,27,42525,卖盘
13:41:47,15.75,0.0,5,7875,卖盘
13:41:56,15.75,0.0,60,94500,卖盘
13:42:02,15.75,0.0,2,3150,卖盘
13:42:35,15.75,0.0,10,15750,卖盘
13:43:11,15.75,0.0,10,15750,卖盘
13:43:32,15.75,0.0,10,15750,卖盘
13:43:47,15.75,0.0,11,17325,卖盘
13:44:05,15.75,0.0,116,182700,卖盘
13:44:20,15.75,0.0,10,15750,卖盘
13:44:32,15.75,0.0,18,28350,卖盘
13:44:59,15.75,0.0,1,1575,卖盘
13:45:11,15.75,0.0,2,3150,卖盘
13:45:44,15.75,0.0,50,78750,卖盘
13:46:05,15.75,0.0,2,3150,卖盘
13:46:23,15.75,0.0,2,3150,卖盘
13:46:53,15.75,0.0,15,23625,卖盘
13:46:59,15.75,0.0,44,69300,卖盘
13:47:20,15.75,0.0,12,18900,卖盘
13:47:35,15.75,0.0,5,7875,卖盘
13:48:08,15.75,0.0,3,4725,卖盘
13:48:11,15.75,0.0,10,15750,卖盘
13:48:14,15.75,0.0,2,3150,卖盘
13:48:20,15.75,0.0,22,34650,卖盘
13:48:41,15.75,0.0,32,50400,卖盘
13:48:44,15.75,0.0,6,9450,卖盘
13:48:56,15.75,0.0,13,20475,卖盘
13:49:08,15.75,0.0,2,3150,卖盘
13:49:23,15.75,0.0,50,78750,卖盘
13:49:29,15.75,0.0,2,3150,卖盘
13:49:38,15.75,0.0,5,7875,卖盘
13:49:41,15.75,0.0,14,22050,卖盘
13:49:50,15.75,0.0,7,11025,卖盘
13:50:05,15.75,0.0,2,3150,卖盘
13:50:11,15.75,0.0,1,1575,卖盘
13:50:29,15.75,0.0,14,22050,卖盘
13:50:50,15.75,0.0,20,31500,卖盘
13:51:44,15.75,0.0,14,22050,卖盘
13:51:53,15.75,0.0,21,33075,卖盘
13:52:14,15.75,0.0,10,15750,卖盘
13:52:17,15.75,0.0,21,33075,卖盘
13:52:41,15.75,0.0,100,157500,卖盘
13:53:11,15.75,0.0,3,4725,卖盘
13:54:11,15.75,0.0,3,4725,卖盘
13:54:17,15.75,0.0,12,18900,卖盘
13:54:20,15.75,0.0,14,22050,卖盘
13:55:35,15.75,0.0,14,22050,卖盘
13:55:38,15.75,0.0,11,17325,卖盘
13:56:59,15.75,0.0,4,6300,卖盘
13:57:14,15.75,0.0,5,7875,卖盘
13:57:47,15.75,0.0,1,1575,卖盘
13:58:05,15.75,0.0,1,1575,卖盘
13:58:29,15.75,0.0,1,1575,卖盘
14:00:05,15.75,0.0,11,17325,卖盘
14:00:14,15.75,0.0,1,1575,卖盘
14:00:50,15.75,0.0,5,7875,卖盘
14:01:17,15.75,0.0,1,1575,卖盘
14:01:20,15.75,0.0,40,63000,卖盘
14:01:53,15.75,0.0,5,7875,卖盘
14:01:56,15.75,0.0,19,29925,卖盘
14:02:14,15.75,0.0,5,7875,卖盘
14:02:35,15.75,0.0,5,7875,卖盘
14:02:38,15.75,0.0,4,6300,卖盘
14:02:41,15.75,0.0,470,740250,卖盘
14:03:23,15.75,0.0,5,7875,卖盘
14:03:29,15.75,0.0,6,9450,卖盘
14:03:47,15.75,0.0,10,15750,卖盘
14:03:56,15.75,0.0,3,4725,卖盘
14:04:38,15.75,0.0,1,1575,卖盘
14:04:53,15.75,0.0,2,3150,卖盘
14:05:05,15.75,0.0,5,7875,卖盘
14:05:32,15.75,0.0,5,7875,卖盘
14:05:35,15.75,0.0,93,146475,卖盘
14:05:59,15.75,0.0,1,1575,卖盘
14:06:05,15.75,0.0,70,110250,卖盘
14:06:14,15.75,0.0,3,4725,卖盘
14:06:20,15.75,0.0,157,247275,卖盘
14:06:53,15.75,0.0,25,39375,卖盘
14:07:23,15.75,0.0,1,1575,卖盘
14:07:38,15.75,0.0,31,48825,卖盘
14:07:41,15.75,0.0,2,3150,卖盘
14:07:47,15.75,0.0,2,3150,卖盘
14:08:02,15.75,0.0,18,28350,卖盘
14:08:11,15.75,0.0,1,1575,卖盘
14:08:17,15.75,0.0,4,6300,卖盘
14:08:53,15.75,0.0,7,11025,卖盘
14:09:26,15.75,0.0,9,14175,卖盘
14:09:32,15.75,0.0,11,17325,卖盘
14:09:50,15.75,0.0,50,78750,卖盘
14:09:56,15.75,0.0,2,3150,卖盘
14:09:59,15.75,0.0,2,3150,卖盘
14:10:11,15.75,0.0,4,6300,卖盘
14:10:29,15.75,0.0,11,17325,卖盘
14:10:32,15.75,0.0,26,40950,卖盘
14:10:35,15.75,0.0,2,3150,卖盘
14:10:56,15.75,0.0,1,1575,卖盘
14:11:08,15.75,0.0,35,55125,卖盘
14:11:44,15.75,0.0,2,3150,卖盘
14:12:41,15.75,0.0,8,12600,卖盘
14:13:23,15.75,0.0,41,64575,卖盘
14:14:08,15.75,0.0,6,9450,卖盘
14:14:11,15.75,0.0,12,18900,卖盘
14:14:35,15.75,0.0,1,1575,卖盘
14:15:14,15.75,0.0,34,53550,卖盘
14:15:41,15.75,0.0,4,6300,卖盘
14:16:53,15.75,0.0,10,15750,卖盘
14:17:20,15.75,0.0,10,15750,卖盘
14:17:26,15.75,0.0,10,15750,卖盘
14:17:35,15.75,0.0,47,74025,卖盘
14:18:26,15.75,0.0,10,15750,卖盘
14:18:41,15.75,0.0,12,18900,卖盘
14:18:59,15.75,0.0,14,22050,卖盘
14:19:20,15.75,0.0,1,1575,卖盘
14:19:50,15.75,0.0,2,3150,卖盘
14:20:05,15.75,0.0,13,20475,卖盘
14:20:14,15.75,0.0,3,4725,卖盘
14:20:23,15.75,0.0,3,4725,卖盘
14:20:29,15.75,0.0,1,1575,卖盘
14:20:41,15.75,0.0,20,31500,卖盘
14:20:44,15.75,0.0,7,11025,卖盘
14:21:05,15.75,0.0,6,9450,卖盘
14:21:17,15.75,0.0,5,7875,卖盘
14:21:20,15.75,0.0,12,18900,卖盘
14:21:23,15.75,0.0,3,4725,卖盘
14:22:17,15.75,0.0,2,3150,卖盘
14:22:50,15.75,0.0,7,11025,卖盘
14:22:53,15.75,0.0,8,12600,卖盘
14:23:05,15.75,0.0,1,1575,卖盘
14:23:26,15.75,0.0,10,15750,卖盘
14:23:47,15.75,0.0,5,7875,卖盘
14:24:26,15.75,0.0,1,1575,卖盘
14:24:53,15.75,0.0,3,4725,卖盘
14:24:59,15.75,0.0,7,11025,卖盘
14:25:23,15.75,0.0,1,1575,卖盘
14:25:38,15.75,0.0,3,4725,卖盘
14:26:29,15.75,0.0,2,3150,卖盘
14:26:35,15.75,0.0,2,3150,卖盘
14:26:38,15.75,0.0,2,3150,卖盘
14:26:44,15.75,0.0,3,4725,卖盘
14:26:56,15.75,0.0,5,7875,卖盘
14:27:20,15.75,0.0,1,1575,卖盘
14:27:35,15.75,0.0,1,1575,卖盘
14:28:02,15.75,0.0,1,1575,卖盘
14:29:29,15.75,0.0,9,14175,卖盘
14:30:23,15.75,0.0,8,12600,卖盘
14:30:35,15.75,0.0,6,9450,卖盘
14:30:44,15.75,0.0,15,23625,卖盘
14:31:29,15.75,0.0,3,4725,卖盘
14:31:32,15.75,0.0,3,4725,卖盘
14:32:17,15.75,0.0,1,1575,卖盘
14:33:44,15.75,0.0,10,15750,卖盘
14:34:05,15.75,0.0,11,17325,卖盘
14:34:11,15.75,0.0,2,3150,卖盘
14:34:17,15.75,0.0,3,4725,卖盘
14:35:11,15.75,0.0,112,176400,卖盘
14:35:47,15.75,0.0,9,14175,卖盘
14:36:05,15.75,0.0,8,12600,卖盘
14:36:20,15.75,0.0,1,1575,卖盘
14:37:08,15.75,0.0,10,15750,卖盘
14:38:05,15.75,0.0,13,20475,卖盘
14:39:20,15.75,0.0,44,69300,卖盘
14:39:26,15.75,0.0,14,22050,卖盘
14:40:14,15.75,0.0,44,69300,卖盘
14:40:41,15.75,0.0,1,1575,卖盘
14:40:47,15.75,0.0,7,11025,卖盘
14:40:59,15.75,0.0,131,206325,卖盘
14:41:17,15.75,0.0,4,6300,卖盘
14:41:53,15.75,0.0,6,9450,卖盘
14:42:02,15.75,0.0,4,6300,卖盘
14:43:50,15.75,0.0,10,15750,卖盘
14:43:59,15.75,0.0,4,6300,卖盘
14:44:14,15.75,0.0,341,537075,卖盘
14:44:20,15.75,0.0,5,7875,卖盘
14:44:44,15.75,0.0,3,4725,卖盘
14:45:08,15.75,0.0,4,6300,卖盘
14:45:26,15.75,0.0,1,1575,卖盘
14:46:53,15.75,0.0,1,1575,卖盘
14:47:20,15.75,0.0,1,1575,卖盘
14:47:38,15.75,0.0,2,3150,卖盘
14:47:44,15.75,0.0,5,7875,卖盘
14:48:08,15.75,0.0,7,11025,卖盘
14:48:26,15.75,0.0,3,4725,卖盘
14:48:50,15.75,0.0,13,20475,卖盘
14:48:56,15.75,0.0,10,15750,卖盘
14:49:11,15.75,0.0,10,15750,卖盘
14:49:14,15.75,0.0,6,9450,卖盘
14:49:32,15.75,0.0,6,9450,卖盘
14:50:59,15.75,0.0,3,4725,卖盘
14:51:02,15.75,0.0,20,31500,卖盘
14:51:38,15.75,0.0,10,15750,卖盘
14:51:41,15.75,0.0,2,3150,卖盘
14:51:50,15.75,0.0,5,7875,卖盘
14:51:53,15.75,0.0,10,15750,卖盘
14:52:02,15.75,0.0,10,15750,卖盘
14:52:05,15.75,0.0,7,11025,卖盘
14:52:50,15.75,0.0,1,1575,卖盘
14:52:53,15.75,0.0,1,1575,卖盘
14:52:56,15.75,0.0,5,7875,卖盘
14:52:59,15.75,0.0,1,1575,卖盘
14:53:02,15.75,0.0,2,3150,卖盘
14:53:23,15.75,0.0,10,15750,卖盘
14:54:08,15.75,0.0,92,144900,卖盘
14:54:35,15.75,0.0,20,31500,卖盘
14:54:44,15.75,0.0,1,1575,卖盘
14:54:59,15.75,0.0,1,1575,卖盘
14:55:17,15.75,0.0,1,1575,卖盘
14:55:29,15.75,0.0,23,36225,卖盘
14:55:35,15.75,0.0,1,1575,卖盘
14:55:38,15.75,0.0,66,103950,卖盘
14:55:41,15.75,0.0,3,4725,卖盘
14:55:44,15.75,0.0,34,53550,卖盘
14:56:05,15.75,0.0,10,15750,卖盘
14:56:11,15.75,0.0,3,4725,卖盘
14:56:14,15.75,0.0,5,7875,卖盘
14:56:26,15.75,0.0,9,14175,卖盘
14:56:29,15.75,0.0,18,28350,卖盘
14:56:32,15.75,0.0,25,39375,卖盘
14:56:44,15.75,0.0,11,17325,卖盘
14:56:53,15.75,0.0,2,3150,卖盘
14:57:02,15.75,0.0,38,59850,卖盘
15:00:02,15.75,0.0,210,330750,卖盘
