成交时间,成交价格,价格变动,成交量,成交金额,性质
09:25:01,3.65,0.0,72451,26444615,卖盘
09:30:01,3.69,0.04,9578,3517041,买盘
09:30:04,3.71,0.02,11366,4189603,买盘
09:30:07,3.72,0.01,17025,6300740,买盘
09:30:10,3.75,0.03,17493,6465358,买盘
09:30:13,3.74,-0.01,16038,5957634,卖盘
09:30:16,3.72,-0.02,11449,4261332,卖盘
09:30:19,3.7,-0.02,24134,9036673,卖盘
09:30:22,3.71,0.01,19486,7233122,中性盘
09:30:25,3.71,0.0,20825,7715642,买盘
09:30:28,3.68,-0.03,22534,8340658,卖盘
09:30:31,3.68,0.0,23219,8605137,卖盘
09:30:34,3.68,0.0,14775,5460073,卖盘
09:30:37,3.71,0.03,14786,5463119,买盘
09:30:40,3.74,0.03,19146,7114307,买盘
09:30:43,3.74,0.0,20013,7455977,买盘
09:30:46,3.75,0.01,16486,6171161,买盘
09:30:49,3.75,0.0,9562,3579596,买盘
09:30:52,3.77,0.02,7709,2904464,买盘
09:30:55,3.79,0.02,15166,5703250,买盘
09:30:58,3.79,0.0,11431,4332816,买盘
09:31:01,3.8,0.01,15755,5977298,买盘
09:31:04,3.8,0.0,18878,7159751,买盘
09:31:07,3.78,-0.02,10739,4063461,卖盘
09:31:10,3.74,-0.04,13708,5172285,卖盘
09:31:13,3.73,-0.01,13578,5087786,卖盘
09:31:16,3.7,-0.03,8687,3236102,卖盘
09:31:19,3.67,-0.03,11458,4235222,卖盘
09:31:22,3.7,0.03,11428,4228246,买盘
09:31:25,3.73,0.03,11852,4385490,买盘
09:31:28,3.76,0.03,11010,4109874,买盘
09:31:31,3.75,-0.01,8961,3370222,卖盘
09:31:34,3.76,0.01,4749,1784578,买盘
09:31:37,3.75,-0.01,5233,1963432,卖盘
09:31:40,3.74,-0.01,6800,2550238,卖盘
09:31:43,3.72,-0.02,9819,3668553,卖盘
09:31:46,3.72,0.0,9029,3358878,卖盘
09:31:49,3.72,0.0,4154,1541454,买盘
09:31:52,3.72,0.0,8690,3228999,买盘
09:31:55,3.73,0.01,9028,3364425,买盘
09:31:58,3.73,0.0,10408,3882241,卖盘
09:32:01,3.74,0.01,5757,2151247,买盘
09:32:04,3.75,0.01,10177,3808364,买盘
09:32:07,3.75,0.0,3494,1311033,买盘
09:32:10,3.76,0.01,3767,1415135,买盘
09:32:13,3.8,0.04,24469,9268527,买盘
09:32:16,3.8,0.0,13122,4985661,买盘
09:32:19,3.81,0.01,7919,3014197,买盘
09:32:22,3.89,0.08,148775,57675865,买盘
09:32:25,3.89,0.0,6881,2676709,卖盘
09:32:28,3.89,0.0,5680,2209520,卖盘
09:32:31,3.89,0.0,9050,3520450,卖盘
09:32:34,3.89,0.0,9305,3619645,卖盘
09:32:37,3.89,0.0,16270,6329030,卖盘
09:32:40,3.89,0.0,6361,2474429,卖盘
09:32:43,3.89,0.0,8017,3118613,卖盘
09:32:46,3.89,0.0,21077,8198953,卖盘
09:32:49,3.89,0.0,6075,2363175,卖盘
09:32:52,3.89,0.0,7034,2736226,卖盘
09:32:55,3.89,0.0,6705,2608245,卖盘
09:32:58,3.89,0.0,7209,2804301,卖盘
09:33:01,3.89,0.0,4149,1613961,卖盘
09:33:04,3.89,0.0,4533,1763337,卖盘
09:33:07,3.89,0.0,2406,935934,卖盘
09:33:10,3.89,0.0,2547,990783,卖盘
09:33:13,3.89,0.0,4244,1650916,卖盘
09:33:16,3.89,0.0,2967,1154163,卖盘
09:33:19,3.89,0.0,2787,1084143,卖盘
09:33:22,3.89,0.0,1803,701367,卖盘
09:33:25,3.89,0.0,2131,828959,卖盘
09:33:28,3.89,0.0,1435,558180,卖盘
09:33:31,3.89,0.0,1710,665190,卖盘
09:33:34,3.89,0.0,1749,680361,卖盘
09:33:37,3.89,0.0,1297,504533,卖盘
09:33:40,3.89,0.0,6604,2568956,卖盘
09:33:43,3.89,0.0,3121,1214069,卖盘
09:33:46,3.89,0.0,3051,1186839,卖盘
09:33:49,3.89,0.0,1512,588168,卖盘
09:33:52,3.89,0.0,2068,804452,卖盘
09:33:55,3.89,0.0,736,286304,卖盘
09:33:58,3.89,0.0,2007,780723,卖盘
09:34:01,3.89,0.0,4661,1813129,卖盘
09:34:04,3.89,0.0,1649,641461,卖盘
09:34:07,3.89,0.0,3145,1223405,卖盘
09:34:10,3.89,0.0,1132,440348,卖盘
09:34:13,3.89,0.0,548,213172,卖盘
09:34:16,3.89,0.0,1053,409617,卖盘
09:34:19,3.89,0.0,1303,506867,卖盘
09:34:22,3.89,0.0,1044,406116,卖盘
09:34:25,3.89,0.0,977,380053,卖盘
09:34:28,3.89,0.0,1221,474969,卖盘
09:34:31,3.89,0.0,904,351656,卖盘
09:34:34,3.89,0.0,277,107753,卖盘
09:34:37,3.89,0.0,1289,501421,卖盘
09:34:40,3.89,0.0,429,166881,卖盘
09:34:43,3.89,0.0,859,334151,卖盘
09:34:46,3.89,0.0,853,331817,卖盘
09:34:49,3.89,0.0,1194,464466,卖盘
09:34:52,3.89,0.0,1485,577665,卖盘
09:34:55,3.89,0.0,1491,579999,卖盘
09:34:58,3.89,0.0,281,109309,卖盘
09:35:01,3.89,0.0,1238,481582,卖盘
09:35:04,3.89,0.0,724,281636,卖盘
09:35:07,3.89,0.0,1178,458242,卖盘
09:35:10,3.89,0.0,753,292917,卖盘
09:35:13,3.89,0.0,415,161435,卖盘
09:35:16,3.89,0.0,412,160268,卖盘
09:35:19,3.89,0.0,546,212394,卖盘
09:35:22,3.89,0.0,478,185942,卖盘
09:35:25,3.89,0.0,245,95305,卖盘
09:35:28,3.89,0.0,603,234567,卖盘
09:35:31,3.89,0.0,742,288638,卖盘
09:35:34,3.89,0.0,1608,625512,卖盘
09:35:37,3.89,0.0,302,117478,卖盘
09:35:40,3.89,0.0,373,145097,卖盘
09:35:43,3.89,0.0,1005,390945,卖盘
09:35:46,3.89,0.0,569,221341,卖盘
09:35:49,3.89,0.0,332,129148,卖盘
09:35:52,3.89,0.0,613,238321,卖盘
09:35:55,3.89,0.0,929,361381,卖盘
09:35:58,3.89,0.0,330,128370,卖盘
09:36:01,3.89,0.0,606,235734,卖盘
09:36:04,3.89,0.0,393,152877,卖盘
09:36:07,3.89,0.0,1088,423232,卖盘
09:36:10,3.89,0.0,2271,883419,卖盘
09:36:13,3.89,0.0,692,269188,卖盘
09:36:16,3.89,0.0,295,114755,卖盘
09:36:19,3.89,0.0,573,222897,卖盘
09:36:22,3.89,0.0,516,200724,卖盘
09:36:25,3.89,0.0,376,146264,卖盘
09:36:28,3.89,0.0,592,230288,卖盘
09:36:31,3.89,0.0,1804,701756,卖盘
09:36:34,3.89,0.0,1568,609952,卖盘
09:36:37,3.89,0.0,1084,421676,卖盘
09:36:40,3.89,0.0,982,381998,卖盘
09:36:43,3.89,0.0,1585,616565,卖盘
09:36:46,3.89,0.0,263,102307,卖盘
09:36:49,3.89,0.0,825,320925,卖盘
09:36:52,3.89,0.0,931,362159,卖盘
09:36:55,3.89,0.0,380,147820,卖盘
09:36:58,3.89,0.0,1658,644962,卖盘
09:37:01,3.89,0.0,3114,1211346,卖盘
09:37:04,3.89,0.0,4105,1596845,卖盘
09:37:07,3.89,0.0,5452,2120828,卖盘
09:37:10,3.89,0.0,2092,813788,卖盘
09:37:13,3.89,0.0,1582,615398,卖盘
09:37:16,3.89,0.0,1957,761273,卖盘
09:37:19,3.89,0.0,1585,616565,卖盘
09:37:22,3.89,0.0,1895,737155,卖盘
09:37:25,3.89,0.0,892,346988,卖盘
09:37:28,3.89,0.0,1848,718872,卖盘
09:37:31,3.89,0.0,3419,1329991,卖盘
09:37:34,3.89,0.0,521,202669,卖盘
09:37:37,3.89,0.0,5309,2065201,卖盘
09:37:40,3.89,0.0,1351,525539,卖盘
09:37:43,3.89,0.0,1693,658577,卖盘
09:37:46,3.89,0.0,1440,560160,卖盘
09:37:49,3.89,0.0,2819,1096591,卖盘
09:37:52,3.89,0.0,1363,530207,卖盘
09:37:55,3.89,0.0,2889,1123821,卖盘
09:37:58,3.89,0.0,537,208893,卖盘
09:38:01,3.89,0.0,1028,399892,卖盘
09:38:04,3.89,0.0,5504,2141056,卖盘
09:38:07,3.89,0.0,1714,666746,卖盘
09:38:10,3.89,0.0,2341,910649,卖盘
09:38:13,3.89,0.0,22604,8792956,卖盘
09:38:16,3.89,0.0,52225,20315493,卖盘
09:38:19,3.89,0.0,43446,16900494,卖盘
09:38:22,3.89,0.0,50396,19603858,卖盘
09:38:25,3.89,0.0,60773,23640697,卖盘
09:38:28,3.87,-0.02,61645,23972224,卖盘
09:38:31,3.82,-0.05,7021,2679860,卖盘
09:38:34,3.82,0.0,6001,2283275,买盘
09:38:37,3.82,0.0,15803,6019385,买盘
09:38:40,3.83,0.01,6531,2500586,买盘
09:38:43,3.82,-0.01,24816,9529059,卖盘
09:38:46,3.85,0.03,7620,2922285,买盘
09:38:49,3.85,0.0,10669,4087576,买盘
09:38:52,3.87,0.02,24862,9635631,买盘
09:38:55,3.89,0.02,46573,18113397,买盘
09:38:58,3.89,0.0,6632,2579848,卖盘
09:39:01,3.89,0.0,5946,2312994,卖盘
09:39:04,3.89,0.0,6859,2668151,卖盘
09:39:07,3.89,0.0,10209,3971301,卖盘
09:39:10,3.89,0.0,23563,9166007,卖盘
09:39:13,3.89,0.0,86251,33551693,卖盘
09:39:16,3.87,-0.02,38080,14808831,卖盘
09:39:19,3.88,0.01,14294,5512570,中性盘
09:39:22,3.85,-0.03,4133,1599752,卖盘
09:39:25,3.84,-0.01,5831,2244907,中性盘
09:39:28,3.85,0.01,10808,4169170,中性盘
09:39:31,3.85,0.0,6755,2605644,卖盘
09:39:34,3.85,0.0,5112,1974809,卖盘
09:39:37,3.85,0.0,6083,2340790,买盘
09:39:40,3.84,-0.01,14621,5627208,卖盘
09:39:43,3.83,-0.01,7489,2875629,卖盘
09:39:46,3.84,0.01,10258,3941102,买盘
09:39:49,3.87,0.03,11479,4409179,买盘
09:39:52,3.89,0.02,19354,7489012,买盘
09:39:55,3.89,0.0,36842,14323216,买盘
09:39:58,3.89,0.0,39687,15433009,买盘
09:40:01,3.89,0.0,36042,14019376,买盘
09:40:04,3.89,0.0,12410,4827490,卖盘
09:40:07,3.89,0.0,6370,2477930,卖盘
09:40:10,3.89,0.0,7020,2730780,卖盘
09:40:13,3.89,0.0,6103,2373962,卖盘
09:40:16,3.89,0.0,3256,1266584,卖盘
09:40:19,3.89,0.0,7545,2935005,卖盘
09:40:22,3.89,0.0,3018,1174002,卖盘
09:40:25,3.89,0.0,2641,1027349,卖盘
09:40:28,3.89,0.0,3579,1392231,卖盘
09:40:31,3.89,0.0,2305,896598,卖盘
09:40:34,3.89,0.0,5469,2127441,卖盘
09:40:37,3.89,0.0,10379,4037431,卖盘
09:40:40,3.89,0.0,10726,4172317,卖盘
09:40:43,3.89,0.0,26019,10121391,卖盘
09:40:46,3.89,0.0,34572,13448508,卖盘
09:40:49,3.89,0.0,21164,8232796,卖盘
09:40:52,3.89,0.0,9314,3620905,卖盘
09:40:55,3.88,-0.01,2634,1024068,卖盘
09:40:58,3.87,-0.01,1567,607897,卖盘
09:41:01,3.87,0.0,3811,1477771,卖盘
09:41:04,3.88,0.01,8269,3209313,买盘
09:41:07,3.89,0.01,7377,2864076,买盘
09:41:10,3.89,0.0,39801,15478841,买盘
09:41:13,3.89,0.0,8336,3242704,卖盘
09:41:16,3.89,0.0,5446,2118498,卖盘
09:41:19,3.89,0.0,5088,1979232,卖盘
09:41:22,3.89,0.0,3299,1283311,卖盘
09:41:25,3.89,0.0,1744,678416,卖盘
09:41:28,3.89,0.0,4165,1620185,卖盘
09:41:31,3.89,0.0,2114,822151,卖盘
09:41:34,3.89,0.0,1707,664023,卖盘
09:41:37,3.89,0.0,1021,397169,卖盘
09:41:40,3.89,0.0,738,287082,卖盘
09:41:43,3.89,0.0,2200,855800,卖盘
09:41:46,3.89,0.0,824,320536,卖盘
09:41:49,3.89,0.0,210,81690,卖盘
09:41:52,3.89,0.0,857,333373,卖盘
09:41:55,3.89,0.0,451,175439,卖盘
09:41:58,3.89,0.0,2673,1039797,卖盘
09:42:01,3.89,0.0,614,238846,卖盘
09:42:04,3.89,0.0,751,292139,卖盘
09:42:07,3.89,0.0,1860,723540,卖盘
09:42:10,3.89,0.0,1048,407672,卖盘
09:42:13,3.89,0.0,408,158712,卖盘
09:42:16,3.89,0.0,572,222508,卖盘
09:42:19,3.89,0.0,498,193722,卖盘
09:42:22,3.89,0.0,867,337263,卖盘
09:42:25,3.89,0.0,552,214728,卖盘
09:42:28,3.89,0.0,578,224842,卖盘
09:42:31,3.89,0.0,887,345043,卖盘
09:42:34,3.89,0.0,292,113588,卖盘
09:42:37,3.89,0.0,190,73910,卖盘
09:42:40,3.89,0.0,485,188665,卖盘
09:42:43,3.89,0.0,757,294473,卖盘
09:42:46,3.89,0.0,530,206170,卖盘
09:42:49,3.89,0.0,389,151321,卖盘
09:42:52,3.89,0.0,591,229899,卖盘
09:42:55,3.89,0.0,293,113977,卖盘
09:42:58,3.89,0.0,81,31509,卖盘
09:43:01,3.89,0.0,530,206170,卖盘
09:43:04,3.89,0.0,219,85191,卖盘
09:43:07,3.89,0.0,733,285137,卖盘
09:43:10,3.89,0.0,271,105419,卖盘
09:43:13,3.89,0.0,1390,540710,卖盘
09:43:16,3.89,0.0,173,67297,卖盘
09:43:19,3.89,0.0,183,71187,卖盘
09:43:22,3.89,0.0,247,96083,卖盘
09:43:25,3.89,0.0,63,24507,卖盘
09:43:28,3.89,0.0,176,68464,卖盘
09:43:31,3.89,0.0,696,270744,卖盘
09:43:34,3.89,0.0,452,175828,卖盘
09:43:37,3.89,0.0,242,94138,卖盘
09:43:40,3.89,0.0,150,58350,卖盘
09:43:43,3.89,0.0,312,121368,卖盘
09:43:46,3.89,0.0,414,161046,卖盘
09:43:49,3.89,0.0,81,31509,卖盘
09:43:52,3.89,0.0,459,178551,卖盘
09:43:55,3.89,0.0,1022,397558,卖盘
09:43:58,3.89,0.0,510,198390,卖盘
09:44:01,3.89,0.0,843,327927,卖盘
09:44:04,3.89,0.0,2565,997785,卖盘
09:44:07,3.89,0.0,260,101140,卖盘
09:44:10,3.89,0.0,474,184386,卖盘
09:44:13,3.89,0.0,199,77411,卖盘
09:44:16,3.89,0.0,671,261019,卖盘
09:44:19,3.89,0.0,414,161046,卖盘
09:44:22,3.89,0.0,40,15560,卖盘
09:44:25,3.89,0.0,226,87914,卖盘
09:44:28,3.89,0.0,149,57961,卖盘
09:44:31,3.89,0.0,51,19839,卖盘
09:44:34,3.89,0.0,365,141985,卖盘
09:44:37,3.89,0.0,90,35010,卖盘
09:44:40,3.89,0.0,42,16338,卖盘
09:44:43,3.89,0.0,602,234178,卖盘
09:44:46,3.89,0.0,87,33843,卖盘
09:44:49,3.89,0.0,993,386277,卖盘
09:44:52,3.89,0.0,43,16727,卖盘
09:44:55,3.89,0.0,149,57961,卖盘
09:44:58,3.89,0.0,1079,419731,卖盘
09:45:01,3.89,0.0,630,245070,卖盘
09:45:04,3.89,0.0,700,272300,卖盘
09:45:07,3.89,0.0,68,26452,卖盘
09:45:10,3.89,0.0,74,28786,卖盘
09:45:13,3.89,0.0,103,40067,卖盘
09:45:16,3.89,0.0,523,203447,卖盘
09:45:19,3.89,0.0,605,235345,卖盘
09:45:22,3.89,0.0,465,180885,卖盘
09:45:25,3.89,0.0,394,153266,卖盘
09:45:28,3.89,0.0,292,113588,卖盘
09:45:31,3.89,0.0,270,105030,卖盘
09:45:34,3.89,0.0,133,51737,卖盘
09:45:37,3.89,0.0,649,252461,卖盘
09:45:40,3.89,0.0,507,197223,卖盘
09:45:43,3.89,0.0,231,89859,卖盘
09:45:46,3.89,0.0,7,2723,卖盘
09:45:49,3.89,0.0,970,377330,卖盘
09:45:52,3.89,0.0,78,30342,卖盘
09:45:55,3.89,0.0,30,11670,卖盘
09:45:58,3.89,0.0,57,22173,卖盘
09:46:01,3.89,0.0,177,68853,卖盘
09:46:04,3.89,0.0,598,232622,卖盘
09:46:07,3.89,0.0,32,12448,卖盘
09:46:10,3.89,0.0,136,52904,卖盘
09:46:13,3.89,0.0,83,32287,卖盘
09:46:16,3.89,0.0,120,46680,卖盘
09:46:19,3.89,0.0,63,24507,卖盘
09:46:22,3.89,0.0,324,126036,卖盘
09:46:25,3.89,0.0,108,42012,卖盘
09:46:28,3.89,0.0,964,374996,卖盘
09:46:31,3.89,0.0,45,17505,卖盘
09:46:34,3.89,0.0,436,169604,卖盘
09:46:37,3.89,0.0,495,192555,卖盘
09:46:40,3.89,0.0,31,12059,卖盘
09:46:43,3.89,0.0,79,30731,卖盘
09:46:46,3.89,0.0,18,7002,卖盘
09:46:49,3.89,0.0,364,141596,卖盘
09:46:52,3.89,0.0,99,38511,卖盘
09:46:55,3.89,0.0,193,75077,卖盘
09:46:58,3.89,0.0,61,23729,卖盘
09:47:01,3.89,0.0,27,10503,卖盘
09:47:04,3.89,0.0,100,38900,卖盘
09:47:07,3.89,0.0,130,50570,卖盘
09:47:10,3.89,0.0,112,43568,卖盘
09:47:13,3.89,0.0,110,42790,卖盘
09:47:16,3.89,0.0,314,122146,卖盘
09:47:19,3.89,0.0,26,10114,卖盘
09:47:22,3.89,0.0,701,272689,卖盘
09:47:25,3.89,0.0,74,28786,卖盘
09:47:28,3.89,0.0,514,199946,卖盘
09:47:31,3.89,0.0,39,15171,卖盘
09:47:34,3.89,0.0,25,9725,卖盘
09:47:37,3.89,0.0,79,30731,卖盘
09:47:40,3.89,0.0,35,13615,卖盘
09:47:43,3.89,0.0,84,32676,卖盘
09:47:46,3.89,0.0,26,10114,卖盘
09:47:49,3.89,0.0,109,42401,卖盘
09:47:52,3.89,0.0,443,172327,卖盘
09:47:55,3.89,0.0,80,31120,卖盘
09:47:58,3.89,0.0,68,26452,卖盘
09:48:01,3.89,0.0,51,19839,卖盘
09:48:04,3.89,0.0,428,166492,卖盘
09:48:07,3.89,0.0,101,39289,卖盘
09:48:10,3.89,0.0,10,3890,卖盘
09:48:13,3.89,0.0,58,22562,卖盘
09:48:16,3.89,0.0,63,24507,卖盘
09:48:19,3.89,0.0,45,17505,卖盘
09:48:22,3.89,0.0,33,12837,卖盘
09:48:25,3.89,0.0,42,16338,卖盘
09:48:28,3.89,0.0,870,338430,卖盘
09:48:31,3.89,0.0,15,5835,卖盘
09:48:34,3.89,0.0,300,116700,卖盘
09:48:37,3.89,0.0,31,12059,卖盘
09:48:40,3.89,0.0,81,31509,卖盘
09:48:43,3.89,0.0,99,38511,卖盘
09:48:46,3.89,0.0,30,11670,卖盘
09:48:49,3.89,0.0,34,13226,卖盘
09:48:52,3.89,0.0,5,1945,卖盘
09:48:55,3.89,0.0,207,80523,卖盘
09:48:58,3.89,0.0,40,15560,卖盘
09:49:01,3.89,0.0,40,15560,卖盘
09:49:04,3.89,0.0,134,52126,卖盘
09:49:07,3.89,0.0,58,22562,卖盘
09:49:10,3.89,0.0,116,45124,卖盘
09:49:13,3.89,0.0,51,19839,卖盘
09:49:16,3.89,0.0,35,13615,卖盘
09:49:19,3.89,0.0,53,20617,卖盘
09:49:22,3.89,0.0,153,59517,卖盘
09:49:25,3.89,0.0,46,17894,卖盘
09:49:28,3.89,0.0,110,42790,卖盘
09:49:31,3.89,0.0,40,15560,卖盘
09:49:34,3.89,0.0,66,25674,卖盘
09:49:37,3.89,0.0,9,3501,卖盘
09:49:40,3.89,0.0,170,66130,卖盘
09:49:43,3.89,0.0,108,42012,卖盘
09:49:46,3.89,0.0,153,59517,卖盘
09:49:49,3.89,0.0,26,10114,卖盘
09:49:52,3.89,0.0,129,50181,卖盘
09:49:55,3.89,0.0,72,28008,卖盘
09:49:58,3.89,0.0,59,22951,卖盘
09:50:01,3.89,0.0,297,115533,卖盘
09:50:04,3.89,0.0,63,24507,卖盘
09:50:07,3.89,0.0,39,15358,卖盘
09:50:10,3.89,0.0,31,12059,卖盘
09:50:13,3.89,0.0,120,46680,卖盘
09:50:16,3.89,0.0,10,3890,卖盘
09:50:19,3.89,0.0,18,7002,卖盘
09:50:22,3.89,0.0,100,38900,卖盘
09:50:25,3.89,0.0,12,4668,卖盘
09:50:28,3.89,0.0,104,40456,卖盘
09:50:31,3.89,0.0,22,8558,卖盘
09:50:34,3.89,0.0,2,778,卖盘
09:50:37,3.89,0.0,50,19450,卖盘
09:50:40,3.89,0.0,503,195667,卖盘
09:50:43,3.89,0.0,46,17894,卖盘
09:50:46,3.89,0.0,5,1945,卖盘
09:50:49,3.89,0.0,220,85580,卖盘
09:50:52,3.89,0.0,256,99584,卖盘
09:50:55,3.89,0.0,51,19839,卖盘
09:50:58,3.89,0.0,53,20617,卖盘
09:51:01,3.89,0.0,1,389,卖盘
09:51:04,3.89,0.0,16,6224,卖盘
09:51:07,3.89,0.0,5,1945,卖盘
09:51:10,3.89,0.0,278,108142,卖盘
09:51:13,3.89,0.0,67,26063,卖盘
09:51:16,3.89,0.0,107,41623,卖盘
09:51:19,3.89,0.0,187,72743,卖盘
09:51:22,3.89,0.0,11,4279,卖盘
09:51:25,3.89,0.0,65,25285,卖盘
09:51:28,3.89,0.0,5077,1974953,卖盘
09:51:31,3.89,0.0,103,40067,卖盘
09:51:34,3.89,0.0,49,19061,卖盘
09:51:37,3.89,0.0,56,21784,卖盘
09:51:40,3.89,0.0,132,51348,卖盘
09:51:43,3.89,0.0,67,26063,卖盘
09:51:46,3.89,0.0,16,6224,卖盘
09:51:49,3.89,0.0,202,78578,卖盘
09:51:52,3.89,0.0,2,778,卖盘
09:51:55,3.89,0.0,11,4279,卖盘
09:51:58,3.89,0.0,31,12059,卖盘
09:52:01,3.89,0.0,12,4668,卖盘
09:52:04,3.89,0.0,310,120590,卖盘
09:52:07,3.89,0.0,153,59517,卖盘
09:52:10,3.89,0.0,16,6224,卖盘
09:52:13,3.89,0.0,2,778,卖盘
09:52:16,3.89,0.0,2,778,卖盘
09:52:19,3.89,0.0,237,92193,卖盘
09:52:22,3.89,0.0,7,2723,卖盘
09:52:25,3.89,0.0,260,101140,卖盘
09:52:28,3.89,0.0,127,49403,卖盘
09:52:31,3.89,0.0,136,52904,卖盘
09:52:34,3.89,0.0,67,26063,卖盘
09:52:37,3.89,0.0,33,12837,卖盘
09:52:40,3.89,0.0,4,1556,卖盘
09:52:43,3.89,0.0,288,112032,卖盘
09:52:46,3.89,0.0,16,6224,卖盘
09:52:52,3.89,0.0,28,10892,卖盘
09:52:55,3.89,0.0,42,16338,卖盘
09:52:58,3.89,0.0,145,56405,卖盘
09:53:01,3.89,0.0,117,45513,卖盘
09:53:04,3.89,0.0,169,65741,卖盘
09:53:07,3.89,0.0,61,23729,卖盘
09:53:10,3.89,0.0,293,113977,卖盘
09:53:13,3.89,0.0,359,139651,卖盘
09:53:16,3.89,0.0,61,23729,卖盘
09:53:19,3.89,0.0,84,32676,卖盘
09:53:22,3.89,0.0,1660,645740,卖盘
09:53:25,3.89,0.0,100,38900,卖盘
09:53:28,3.89,0.0,32,12448,卖盘
09:53:31,3.89,0.0,152,59128,卖盘
09:53:34,3.89,0.0,226,87914,卖盘
09:53:37,3.89,0.0,1753,681917,卖盘
09:53:43,3.89,0.0,70,27230,卖盘
09:53:46,3.89,0.0,110,42790,卖盘
09:53:49,3.89,0.0,50,19450,卖盘
09:53:52,3.89,0.0,20,7780,卖盘
09:53:58,3.89,0.0,29,11281,卖盘
09:54:01,3.89,0.0,106,41234,卖盘
09:54:04,3.89,0.0,40,15560,卖盘
09:54:07,3.89,0.0,5,1945,卖盘
09:54:10,3.89,0.0,678,263742,卖盘
09:54:13,3.89,0.0,107,41623,卖盘
09:54:19,3.89,0.0,5549,2158561,卖盘
09:54:22,3.89,0.0,131,50959,卖盘
09:54:25,3.89,0.0,118,45902,卖盘
09:54:28,3.89,0.0,25,9725,卖盘
09:54:31,3.89,0.0,34,13226,卖盘
09:54:34,3.89,0.0,33,12837,卖盘
09:54:37,3.89,0.0,117,45513,卖盘
09:54:40,3.89,0.0,113,43957,卖盘
09:54:43,3.89,0.0,24,9336,卖盘
09:54:46,3.89,0.0,595,231455,卖盘
09:54:49,3.89,0.0,87,33843,卖盘
09:54:52,3.89,0.0,24,9336,卖盘
09:54:55,3.89,0.0,5121,1992069,卖盘
09:54:58,3.89,0.0,527,205003,卖盘
09:55:01,3.89,0.0,50,19450,卖盘
09:55:04,3.89,0.0,211,82079,卖盘
09:55:07,3.89,0.0,166,64574,卖盘
09:55:10,3.89,0.0,29,11281,卖盘
09:55:13,3.89,0.0,65,25285,卖盘
09:55:16,3.89,0.0,76,29564,卖盘
09:55:19,3.89,0.0,64,24896,卖盘
09:55:22,3.89,0.0,2,778,卖盘
09:55:25,3.89,0.0,50,19450,卖盘
09:55:28,3.89,0.0,3,1167,卖盘
09:55:31,3.89,0.0,138,53682,卖盘
09:55:37,3.89,0.0,203,78967,卖盘
09:55:40,3.89,0.0,68,26452,卖盘
09:55:43,3.89,0.0,80,31120,卖盘
09:55:46,3.89,0.0,127,49403,卖盘
09:55:52,3.89,0.0,10,3890,卖盘
09:55:55,3.89,0.0,20,7780,卖盘
09:55:58,3.89,0.0,14,5446,卖盘
09:56:01,3.89,0.0,23,8947,卖盘
09:56:04,3.89,0.0,141,54849,卖盘
09:56:07,3.89,0.0,91,35489,卖盘
09:56:10,3.89,0.0,150,58350,卖盘
09:56:13,3.89,0.0,48,18672,卖盘
09:56:16,3.89,0.0,18,7002,卖盘
09:56:22,3.89,0.0,34,13226,卖盘
09:56:25,3.89,0.0,105,40845,卖盘
09:56:28,3.89,0.0,150,58350,卖盘
09:56:31,3.89,0.0,100,38900,卖盘
09:56:34,3.89,0.0,25,9725,卖盘
09:56:40,3.89,0.0,143,55627,卖盘
09:56:43,3.89,0.0,5,1945,卖盘
09:56:46,3.89,0.0,462,179718,卖盘
09:56:49,3.89,0.0,60,23340,卖盘
09:56:52,3.89,0.0,125,48625,卖盘
09:56:55,3.89,0.0,8,3112,卖盘
09:56:58,3.89,0.0,68,26452,卖盘
09:57:01,3.89,0.0,468,182052,卖盘
09:57:04,3.89,0.0,9,3501,卖盘
09:57:07,3.89,0.0,12,4668,卖盘
09:57:10,3.89,0.0,82,31898,卖盘
09:57:13,3.89,0.0,116,45124,卖盘
09:57:16,3.89,0.0,33,12837,卖盘
09:57:19,3.89,0.0,60,23340,卖盘
09:57:22,3.89,0.0,188,73132,卖盘
09:57:25,3.89,0.0,16,6224,卖盘
09:57:28,3.89,0.0,339,131871,卖盘
09:57:31,3.89,0.0,36,14004,卖盘
09:57:34,3.89,0.0,90,35010,卖盘
09:57:37,3.89,0.0,10,3890,卖盘
09:57:40,3.89,0.0,40,15560,卖盘
09:57:43,3.89,0.0,1,389,卖盘
09:57:46,3.89,0.0,30,11670,卖盘
09:57:49,3.89,0.0,1,389,卖盘
09:57:52,3.89,0.0,201,78189,卖盘
09:57:55,3.89,0.0,79,30731,卖盘
09:57:58,3.89,0.0,2,778,卖盘
09:58:01,3.89,0.0,209,81301,卖盘
09:58:04,3.89,0.0,170,66130,卖盘
09:58:07,3.89,0.0,22,8558,卖盘
09:58:10,3.89,0.0,8,3112,卖盘
09:58:13,3.89,0.0,20,7780,卖盘
09:58:16,3.89,0.0,28,10892,卖盘
09:58:19,3.89,0.0,3,1167,卖盘
09:58:22,3.89,0.0,4,1556,卖盘
09:58:25,3.89,0.0,43,16727,卖盘
09:58:28,3.89,0.0,271,105419,卖盘
09:58:31,3.89,0.0,7,2723,卖盘
09:58:34,3.89,0.0,3001,1167389,卖盘
09:58:37,3.89,0.0,117,45513,卖盘
09:58:40,3.89,0.0,41,15949,卖盘
09:58:43,3.89,0.0,10,3890,卖盘
09:58:46,3.89,0.0,47,18283,卖盘
09:58:49,3.89,0.0,97,37733,卖盘
09:58:52,3.89,0.0,483,187887,卖盘
09:58:55,3.89,0.0,79,30731,卖盘
09:59:01,3.89,0.0,30,11670,卖盘
09:59:04,3.89,0.0,51,19839,卖盘
09:59:07,3.89,0.0,188,73132,卖盘
09:59:10,3.89,0.0,142,55238,卖盘
09:59:13,3.89,0.0,76,29564,卖盘
09:59:16,3.89,0.0,46,17894,卖盘
09:59:22,3.89,0.0,103,40067,卖盘
09:59:25,3.89,0.0,56,21784,卖盘
09:59:28,3.89,0.0,78,30342,卖盘
09:59:31,3.89,0.0,3,1167,卖盘
09:59:34,3.89,0.0,252,98028,卖盘
09:59:37,3.89,0.0,16,6224,卖盘
09:59:40,3.89,0.0,149,57961,卖盘
09:59:43,3.89,0.0,15,5835,卖盘
09:59:46,3.89,0.0,28,10892,卖盘
09:59:49,3.89,0.0,36,14004,卖盘
09:59:52,3.89,0.0,13,5057,卖盘
09:59:55,3.89,0.0,56,21784,卖盘
09:59:58,3.89,0.0,12,4668,卖盘
10:00:01,3.89,0.0,14,5446,卖盘
10:00:04,3.89,0.0,393,152877,卖盘
10:00:07,3.89,0.0,74,28786,卖盘
10:00:10,3.89,0.0,10,3890,卖盘
10:00:13,3.89,0.0,13,5057,卖盘
10:00:16,3.89,0.0,27,10503,卖盘
10:00:19,3.89,0.0,6,2334,卖盘
10:00:22,3.89,0.0,284,110476,卖盘
10:00:25,3.89,0.0,1,389,卖盘
10:00:28,3.89,0.0,133,51737,卖盘
10:00:31,3.89,0.0,122,47458,卖盘
10:00:34,3.89,0.0,8,3112,卖盘
10:00:37,3.89,0.0,14,5446,卖盘
10:00:40,3.89,0.0,100,38900,卖盘
10:00:46,3.89,0.0,3,1167,卖盘
10:00:49,3.89,0.0,5,1945,卖盘
10:00:52,3.89,0.0,3,1167,卖盘
10:00:55,3.89,0.0,10,3890,卖盘
10:00:58,3.89,0.0,86,33454,卖盘
10:01:01,3.89,0.0,85,33065,卖盘
10:01:04,3.89,0.0,14,5446,卖盘
10:01:07,3.89,0.0,128,49792,卖盘
10:01:10,3.89,0.0,10,3890,卖盘
10:01:13,3.89,0.0,5,1945,卖盘
10:01:16,3.89,0.0,36,14004,卖盘
10:01:19,3.89,0.0,74,28786,卖盘
10:01:22,3.89,0.0,51,19839,卖盘
10:01:25,3.89,0.0,1710,665190,卖盘
10:01:28,3.89,0.0,27,10503,卖盘
10:01:31,3.89,0.0,38,14782,卖盘
10:01:34,3.89,0.0,17,6613,卖盘
10:01:37,3.89,0.0,20,7780,卖盘
10:01:40,3.89,0.0,24,9336,卖盘
10:01:43,3.89,0.0,40,15560,卖盘
10:01:46,3.89,0.0,35,13615,卖盘
10:01:49,3.89,0.0,548,213172,卖盘
10:01:52,3.89,0.0,66,25674,卖盘
10:01:55,3.89,0.0,108,42012,卖盘
10:01:58,3.89,0.0,326,126814,卖盘
10:02:01,3.89,0.0,57,22173,卖盘
10:02:04,3.89,0.0,812,315868,卖盘
10:02:07,3.89,0.0,10,3890,卖盘
10:02:10,3.89,0.0,129,50181,卖盘
10:02:13,3.89,0.0,14,5446,卖盘
10:02:16,3.89,0.0,71,27619,卖盘
10:02:19,3.89,0.0,90,35010,卖盘
10:02:22,3.89,0.0,751,292139,卖盘
10:02:25,3.89,0.0,193,75077,卖盘
10:02:28,3.89,0.0,29,11281,卖盘
10:02:31,3.89,0.0,35,13615,卖盘
10:02:34,3.89,0.0,8,3112,卖盘
10:02:37,3.89,0.0,13,5057,卖盘
10:02:40,3.89,0.0,341,132649,卖盘
10:02:43,3.89,0.0,32,12448,卖盘
10:02:46,3.89,0.0,36,14004,卖盘
10:02:49,3.89,0.0,73,28397,卖盘
10:02:52,3.89,0.0,136,52904,卖盘
10:02:55,3.89,0.0,129,50181,卖盘
10:02:58,3.89,0.0,154,59906,卖盘
10:03:01,3.89,0.0,43,16727,卖盘
10:03:07,3.89,0.0,124,48236,卖盘
10:03:10,3.89,0.0,9,3501,卖盘
10:03:16,3.89,0.0,34,13226,卖盘
10:03:19,3.89,0.0,91,35399,卖盘
10:03:22,3.89,0.0,357,138873,卖盘
10:03:25,3.89,0.0,1,389,卖盘
10:03:28,3.89,0.0,95,36955,卖盘
10:03:31,3.89,0.0,3,1167,卖盘
10:03:34,3.89,0.0,17,6613,卖盘
10:03:37,3.89,0.0,24,9336,卖盘
10:03:40,3.89,0.0,10,3890,卖盘
10:03:43,3.89,0.0,407,158323,卖盘
10:03:46,3.89,0.0,20,7780,卖盘
10:03:49,3.89,0.0,408,158712,卖盘
10:03:52,3.89,0.0,83,32287,卖盘
10:03:55,3.89,0.0,95,36955,卖盘
10:04:01,3.89,0.0,81,31509,卖盘
10:04:04,3.89,0.0,18,7002,卖盘
10:04:07,3.89,0.0,115,44735,卖盘
10:04:10,3.89,0.0,94,36566,卖盘
10:04:13,3.89,0.0,14,5446,卖盘
10:04:16,3.89,0.0,571,222119,卖盘
10:04:22,3.89,0.0,40,15560,卖盘
10:04:25,3.89,0.0,12,4668,卖盘
10:04:28,3.89,0.0,168,65352,卖盘
10:04:31,3.89,0.0,167,64963,卖盘
10:04:34,3.89,0.0,74,28786,卖盘
10:04:37,3.89,0.0,1,389,卖盘
10:04:43,3.89,0.0,158,61462,卖盘
10:04:46,3.89,0.0,48,18672,卖盘
10:04:49,3.89,0.0,110,42790,卖盘
10:04:52,3.89,0.0,182,70798,卖盘
10:04:55,3.89,0.0,13,5057,卖盘
10:04:58,3.89,0.0,18,7002,卖盘
10:05:01,3.89,0.0,70,27230,卖盘
10:05:04,3.89,0.0,513,199557,卖盘
10:05:07,3.89,0.0,34,13226,卖盘
10:05:10,3.89,0.0,7,2723,卖盘
10:05:13,3.89,0.0,10,3890,卖盘
10:05:16,3.89,0.0,22,8558,卖盘
10:05:19,3.89,0.0,17,6613,卖盘
10:05:22,3.89,0.0,33,12837,卖盘
10:05:25,3.89,0.0,16,6224,卖盘
10:05:28,3.89,0.0,12,4668,卖盘
10:05:31,3.89,0.0,8,3112,卖盘
10:05:34,3.89,0.0,28,10892,卖盘
10:05:37,3.89,0.0,72,28008,卖盘
10:05:40,3.89,0.0,116,45124,卖盘
10:05:43,3.89,0.0,100,38900,卖盘
10:05:46,3.89,0.0,89,34621,卖盘
10:05:52,3.89,0.0,41,15949,卖盘
10:05:55,3.89,0.0,95,36955,卖盘
10:05:58,3.89,0.0,72,28008,卖盘
10:06:01,3.89,0.0,11,4279,卖盘
10:06:04,3.89,0.0,2,778,卖盘
10:06:07,3.89,0.0,22,8558,卖盘
10:06:10,3.89,0.0,4,1556,卖盘
10:06:13,3.89,0.0,2,778,卖盘
10:06:19,3.89,0.0,25,9725,卖盘
10:06:25,3.89,0.0,4,1556,卖盘
10:06:28,3.89,0.0,478,185942,卖盘
10:06:31,3.89,0.0,133,51737,卖盘
10:06:34,3.89,0.0,49,19061,卖盘
10:06:37,3.89,0.0,32,12452,卖盘
10:06:43,3.89,0.0,10,3890,卖盘
10:06:46,3.89,0.0,142,55238,卖盘
10:06:49,3.89,0.0,7,2723,卖盘
10:06:52,3.89,0.0,38,14782,卖盘
10:06:55,3.89,0.0,151,58739,卖盘
10:06:58,3.89,0.0,33,12837,卖盘
10:07:01,3.89,0.0,4,1556,卖盘
10:07:04,3.89,0.0,85,33065,卖盘
10:07:07,3.89,0.0,59,22951,卖盘
10:07:10,3.89,0.0,59,22951,卖盘
10:07:13,3.89,0.0,526,204614,卖盘
10:07:16,3.89,0.0,1016,395224,卖盘
10:07:19,3.89,0.0,5,1945,卖盘
10:07:22,3.89,0.0,7,2723,卖盘
10:07:25,3.89,0.0,9,3501,卖盘
10:07:28,3.89,0.0,10,3890,卖盘
10:07:31,3.89,0.0,2,778,卖盘
10:07:37,3.89,0.0,139,54071,卖盘
10:07:40,3.89,0.0,27,10503,卖盘
10:07:46,3.89,0.0,33,12837,卖盘
10:07:49,3.89,0.0,20,7780,卖盘
10:07:55,3.89,0.0,3,1167,卖盘
10:07:58,3.89,0.0,20,7780,卖盘
10:08:01,3.89,0.0,41,15949,卖盘
10:08:04,3.89,0.0,7,2723,卖盘
10:08:07,3.89,0.0,7,2723,卖盘
10:08:10,3.89,0.0,14,5446,卖盘
10:08:13,3.89,0.0,10,3890,卖盘
10:08:16,3.89,0.0,239,92971,卖盘
10:08:19,3.89,0.0,3,1167,卖盘
10:08:22,3.89,0.0,5,1945,卖盘
10:08:25,3.89,0.0,13,5057,卖盘
10:08:34,3.89,0.0,67,26063,卖盘
10:08:37,3.89,0.0,113,43957,卖盘
10:08:40,3.89,0.0,80,31120,卖盘
10:08:43,3.89,0.0,28,10892,卖盘
10:08:49,3.89,0.0,31,12059,卖盘
10:08:52,3.89,0.0,10,3890,卖盘
10:08:58,3.89,0.0,33,12837,卖盘
10:09:01,3.89,0.0,39,15171,卖盘
10:09:04,3.89,0.0,83,32287,卖盘
10:09:07,3.89,0.0,216,84024,卖盘
10:09:10,3.89,0.0,10,3890,卖盘
10:09:16,3.89,0.0,83,32287,卖盘
10:09:19,3.89,0.0,75,29175,卖盘
10:09:28,3.89,0.0,62,24118,卖盘
10:09:31,3.89,0.0,162,63018,卖盘
10:09:34,3.89,0.0,25,9725,卖盘
10:09:43,3.89,0.0,36,14004,卖盘
10:09:46,3.89,0.0,5,1945,卖盘
10:09:49,3.89,0.0,20,7780,卖盘
10:09:52,3.89,0.0,17,6613,卖盘
10:09:55,3.89,0.0,12,4668,卖盘
10:09:58,3.89,0.0,48,18672,卖盘
10:10:01,3.89,0.0,59,22951,卖盘
10:10:04,3.89,0.0,10,3890,卖盘
10:10:07,3.89,0.0,49,19061,卖盘
10:10:10,3.89,0.0,20,7780,卖盘
10:10:13,3.89,0.0,101,39289,卖盘
10:10:16,3.89,0.0,126,49014,卖盘
10:10:19,3.89,0.0,1,389,卖盘
10:10:22,3.89,0.0,5,1945,卖盘
10:10:25,3.89,0.0,271,105419,卖盘
10:10:28,3.89,0.0,4,1556,卖盘
10:10:31,3.89,0.0,3,1167,卖盘
10:10:34,3.89,0.0,60,23340,卖盘
10:10:37,3.89,0.0,34,13226,卖盘
10:10:43,3.89,0.0,4,1556,卖盘
10:10:46,3.89,0.0,27,10503,卖盘
10:10:49,3.89,0.0,17,6613,卖盘
10:10:52,3.89,0.0,20,7780,卖盘
10:10:55,3.89,0.0,10,3890,卖盘
10:10:58,3.89,0.0,19,7391,卖盘
10:11:01,3.89,0.0,2,778,卖盘
10:11:04,3.89,0.0,41,15949,卖盘
10:11:10,3.89,0.0,6,2334,卖盘
10:11:13,3.89,0.0,43,16727,卖盘
10:11:16,3.89,0.0,8,3112,卖盘
10:11:19,3.89,0.0,11,4279,卖盘
10:11:25,3.89,0.0,320,124480,卖盘
10:11:28,3.89,0.0,58,22562,卖盘
10:11:31,3.89,0.0,2,778,卖盘
10:11:34,3.89,0.0,1,389,卖盘
10:11:40,3.89,0.0,71,27619,卖盘
10:11:43,3.89,0.0,23,8947,卖盘
10:11:46,3.89,0.0,2,778,卖盘
10:11:49,3.89,0.0,106,41234,卖盘
10:11:55,3.89,0.0,22,8558,卖盘
10:11:58,3.89,0.0,2,778,卖盘
10:12:04,3.89,0.0,90,35010,卖盘
10:12:07,3.89,0.0,26,10114,卖盘
10:12:13,3.89,0.0,37,14393,卖盘
10:12:16,3.89,0.0,20,7780,卖盘
10:12:19,3.89,0.0,25,9725,卖盘
10:12:22,3.89,0.0,154,59906,卖盘
10:12:28,3.89,0.0,50,19450,卖盘
10:12:31,3.89,0.0,3,1167,卖盘
10:12:40,3.89,0.0,53,20617,卖盘
10:12:43,3.89,0.0,46,17894,卖盘
10:12:49,3.89,0.0,7,2723,卖盘
10:12:55,3.89,0.0,3,1167,卖盘
10:12:58,3.89,0.0,24,9336,卖盘
10:13:01,3.89,0.0,10,3890,卖盘
10:13:04,3.89,0.0,33,12837,卖盘
10:13:16,3.89,0.0,70,27230,卖盘
10:13:19,3.89,0.0,9,3501,卖盘
10:13:28,3.89,0.0,70,27230,卖盘
10:13:31,3.89,0.0,175,68075,卖盘
10:13:34,3.89,0.0,93,36177,卖盘
10:13:37,3.89,0.0,10,3890,卖盘
10:13:40,3.89,0.0,74,28786,卖盘
10:13:43,3.89,0.0,341,132649,卖盘
10:13:55,3.89,0.0,12,4668,卖盘
10:13:58,3.89,0.0,7,2723,卖盘
10:14:01,3.89,0.0,3,1167,卖盘
10:14:04,3.89,0.0,13,5057,卖盘
10:14:07,3.89,0.0,11,4279,卖盘
10:14:10,3.89,0.0,34,13226,卖盘
10:14:13,3.89,0.0,1,389,卖盘
10:14:16,3.89,0.0,11,4279,卖盘
10:14:19,3.89,0.0,5,1945,卖盘
10:14:22,3.89,0.0,121,47069,卖盘
10:14:25,3.89,0.0,114,44346,卖盘
10:14:28,3.89,0.0,51,19839,卖盘
10:14:31,3.89,0.0,10,3890,卖盘
10:14:34,3.89,0.0,10,3890,卖盘
10:14:40,3.89,0.0,26,10114,卖盘
10:14:43,3.89,0.0,212,82468,卖盘
10:14:49,3.89,0.0,5,1945,卖盘
10:14:52,3.89,0.0,291,113199,卖盘
10:14:55,3.89,0.0,3,1167,卖盘
10:15:01,3.89,0.0,10,3890,卖盘
10:15:07,3.89,0.0,2,778,卖盘
10:15:10,3.89,0.0,384,149376,卖盘
10:15:16,3.89,0.0,17,6613,卖盘
10:15:19,3.89,0.0,10,3890,卖盘
10:15:22,3.89,0.0,70,27230,卖盘
10:15:25,3.89,0.0,6,2334,卖盘
10:15:28,3.89,0.0,1,389,卖盘
10:15:34,3.89,0.0,21,8169,卖盘
10:15:43,3.89,0.0,3,1167,卖盘
10:15:46,3.89,0.0,32,12448,卖盘
10:15:49,3.89,0.0,30,11670,卖盘
10:15:52,3.89,0.0,40,15560,卖盘
10:15:55,3.89,0.0,19,7391,卖盘
10:16:01,3.89,0.0,10,3890,卖盘
10:16:04,3.89,0.0,90,35010,卖盘
10:16:07,3.89,0.0,132,51348,卖盘
10:16:13,3.89,0.0,84,32676,卖盘
10:16:16,3.89,0.0,4,1556,卖盘
10:16:19,3.89,0.0,50,19450,卖盘
10:16:22,3.89,0.0,61,23729,卖盘
10:16:25,3.89,0.0,4,1556,卖盘
10:16:28,3.89,0.0,5,1945,卖盘
10:16:31,3.89,0.0,112,43568,卖盘
10:16:34,3.89,0.0,1,389,卖盘
10:16:37,3.89,0.0,34,13226,卖盘
10:16:40,3.89,0.0,99,38511,卖盘
10:16:49,3.89,0.0,32,12448,卖盘
10:16:55,3.89,0.0,5,1945,卖盘
10:16:58,3.89,0.0,100,38900,卖盘
10:17:01,3.89,0.0,100,38900,卖盘
10:17:04,3.89,0.0,22,8558,卖盘
10:17:07,3.89,0.0,27,10503,卖盘
10:17:10,3.89,0.0,175,68075,卖盘
10:17:16,3.89,0.0,4,1556,卖盘
10:17:19,3.89,0.0,125,48625,卖盘
10:17:22,3.89,0.0,91,35399,卖盘
10:17:25,3.89,0.0,369,143541,卖盘
10:17:34,3.89,0.0,130,50570,卖盘
10:17:40,3.89,0.0,5,1945,卖盘
10:17:43,3.89,0.0,21,8169,卖盘
10:17:46,3.89,0.0,26,10114,卖盘
10:17:52,3.89,0.0,316,122924,卖盘
10:17:58,3.89,0.0,14,5446,卖盘
10:18:04,3.89,0.0,6,2334,卖盘
10:18:07,3.89,0.0,39,15171,卖盘
10:18:10,3.89,0.0,6,2334,卖盘
10:18:13,3.89,0.0,27,10503,卖盘
10:18:22,3.89,0.0,10,3890,卖盘
10:18:31,3.89,0.0,1,389,卖盘
10:18:34,3.89,0.0,5,1945,卖盘
10:18:46,3.89,0.0,305,118645,卖盘
10:18:52,3.89,0.0,154,59906,卖盘
10:19:01,3.89,0.0,9,3501,卖盘
10:19:07,3.89,0.0,39,15171,卖盘
10:19:10,3.89,0.0,127,49403,卖盘
10:19:13,3.89,0.0,397,154433,卖盘
10:19:16,3.89,0.0,17,6613,卖盘
10:19:22,3.89,0.0,63,24507,卖盘
10:19:25,3.89,0.0,11,4279,卖盘
10:19:28,3.89,0.0,5,1945,卖盘
10:19:31,3.89,0.0,161,62629,卖盘
10:19:34,3.89,0.0,19,7391,卖盘
10:19:37,3.89,0.0,1,389,卖盘
10:19:40,3.89,0.0,122,47458,卖盘
10:19:49,3.89,0.0,3,1167,卖盘
10:19:52,3.89,0.0,11,4279,卖盘
10:19:55,3.89,0.0,2,778,卖盘
10:19:58,3.89,0.0,226,87914,卖盘
10:20:01,3.89,0.0,13,5057,卖盘
10:20:04,3.89,0.0,65,25285,卖盘
10:20:10,3.89,0.0,86,33454,卖盘
10:20:13,3.89,0.0,47,18283,卖盘
10:20:16,3.89,0.0,4,1556,卖盘
10:20:19,3.89,0.0,20,7780,卖盘
10:20:22,3.89,0.0,48,18672,卖盘
10:20:25,3.89,0.0,235,91415,卖盘
10:20:34,3.89,0.0,8,3112,卖盘
10:20:37,3.89,0.0,28,10892,卖盘
10:20:43,3.89,0.0,55,21395,卖盘
10:20:46,3.89,0.0,71,27619,卖盘
10:20:49,3.89,0.0,7,2723,卖盘
10:20:52,3.89,0.0,2,778,卖盘
10:20:55,3.89,0.0,174,67686,卖盘
10:20:58,3.89,0.0,25,9725,卖盘
10:21:07,3.89,0.0,31,12059,卖盘
10:21:10,3.89,0.0,1,389,卖盘
10:21:19,3.89,0.0,57,22173,卖盘
10:21:22,3.89,0.0,174,67686,卖盘
10:21:28,3.89,0.0,215,83635,卖盘
10:21:31,3.89,0.0,59,22951,卖盘
10:21:34,3.89,0.0,26,10114,卖盘
10:21:37,3.89,0.0,1,389,卖盘
10:21:40,3.89,0.0,3,1167,卖盘
10:21:43,3.89,0.0,5,1945,卖盘
10:21:46,3.89,0.0,38,14782,卖盘
10:21:49,3.89,0.0,20,7780,卖盘
10:21:52,3.89,0.0,17,6613,卖盘
10:21:55,3.89,0.0,2,778,卖盘
10:22:01,3.89,0.0,56,21784,卖盘
10:22:04,3.89,0.0,1,389,卖盘
10:22:10,3.89,0.0,32,12448,卖盘
10:22:13,3.89,0.0,100,38900,卖盘
10:22:19,3.89,0.0,40,15560,卖盘
10:22:22,3.89,0.0,14,5446,卖盘
10:22:25,3.89,0.0,788,306532,卖盘
10:22:28,3.89,0.0,116,45124,卖盘
10:22:31,3.89,0.0,33,12837,卖盘
10:22:34,3.89,0.0,10,3890,卖盘
10:22:37,3.89,0.0,1700,661300,卖盘
10:22:40,3.89,0.0,50,19450,卖盘
10:22:43,3.89,0.0,10,3890,卖盘
10:22:46,3.89,0.0,12,4668,卖盘
10:22:49,3.89,0.0,23,8947,卖盘
10:22:52,3.89,0.0,49,19061,卖盘
10:22:55,3.89,0.0,63,24507,卖盘
10:22:58,3.89,0.0,26,10114,卖盘
10:23:01,3.89,0.0,166,64574,卖盘
10:23:04,3.89,0.0,230,89470,卖盘
10:23:07,3.89,0.0,6,2334,卖盘
10:23:10,3.89,0.0,28,10892,卖盘
10:23:13,3.89,0.0,139,54071,卖盘
10:23:16,3.89,0.0,27,10503,卖盘
10:23:19,3.89,0.0,30,11670,卖盘
10:23:22,3.89,0.0,15,5835,卖盘
10:23:25,3.89,0.0,269,104641,卖盘
10:23:28,3.89,0.0,30,11670,卖盘
10:23:34,3.89,0.0,22,8558,卖盘
10:23:37,3.89,0.0,7,2723,卖盘
10:23:40,3.89,0.0,70,27230,卖盘
10:23:43,3.89,0.0,40,15560,卖盘
10:23:46,3.89,0.0,35,13615,卖盘
10:23:49,3.89,0.0,63,24507,卖盘
10:23:52,3.89,0.0,5,1945,卖盘
10:23:55,3.89,0.0,13,5057,卖盘
10:23:58,3.89,0.0,25,9725,卖盘
10:24:01,3.89,0.0,83,32287,卖盘
10:24:04,3.89,0.0,50,19450,卖盘
10:24:07,3.89,0.0,20,7780,卖盘
10:24:10,3.89,0.0,11,4279,卖盘
10:24:13,3.89,0.0,15,5835,卖盘
10:24:19,3.89,0.0,67,26063,卖盘
10:24:22,3.89,0.0,30,11670,卖盘
10:24:25,3.89,0.0,4,1556,卖盘
10:24:28,3.89,0.0,30,11670,卖盘
10:24:31,3.89,0.0,25,9725,卖盘
10:24:34,3.89,0.0,61,23729,卖盘
10:24:37,3.89,0.0,81,31509,卖盘
10:24:40,3.89,0.0,6,2334,卖盘
10:24:43,3.89,0.0,20,7780,卖盘
10:24:46,3.89,0.0,1,389,卖盘
10:24:49,3.89,0.0,72,28008,卖盘
10:24:52,3.89,0.0,3946,1534994,卖盘
10:24:55,3.89,0.0,26,10114,卖盘
10:24:58,3.89,0.0,143,55627,卖盘
10:25:04,3.89,0.0,69,26841,卖盘
10:25:07,3.89,0.0,15,5835,卖盘
10:25:10,3.89,0.0,1,389,卖盘
10:25:13,3.89,0.0,30,11670,卖盘
10:25:16,3.89,0.0,10,3890,卖盘
10:25:19,3.89,0.0,15,5835,卖盘
10:25:22,3.89,0.0,59,22951,卖盘
10:25:25,3.89,0.0,26,10114,卖盘
10:25:28,3.89,0.0,22,8558,卖盘
10:25:31,3.89,0.0,86,33454,卖盘
10:25:34,3.89,0.0,3,1167,卖盘
10:25:37,3.89,0.0,5,1945,卖盘
10:25:40,3.89,0.0,76,29564,卖盘
10:25:43,3.89,0.0,217,84413,卖盘
10:25:46,3.89,0.0,82,31898,卖盘
10:25:49,3.89,0.0,286,111254,卖盘
10:25:52,3.89,0.0,45,17505,卖盘
10:25:55,3.89,0.0,101,39289,卖盘
10:25:58,3.89,0.0,57,22173,卖盘
10:26:01,3.89,0.0,21,8169,卖盘
10:26:04,3.89,0.0,298,115922,卖盘
10:26:07,3.89,0.0,106,41234,卖盘
10:26:10,3.89,0.0,12,4668,卖盘
10:26:13,3.89,0.0,33,12837,卖盘
10:26:16,3.89,0.0,48,18672,卖盘
10:26:19,3.89,0.0,8,3112,卖盘
10:26:22,3.89,0.0,100,38900,卖盘
10:26:25,3.89,0.0,133,51737,卖盘
10:26:28,3.89,0.0,168,65352,卖盘
10:26:31,3.89,0.0,315,122535,卖盘
10:26:34,3.89,0.0,503,195667,卖盘
10:26:37,3.89,0.0,1050,408450,卖盘
10:26:40,3.89,0.0,122,47458,卖盘
10:26:43,3.89,0.0,600,233400,卖盘
10:26:46,3.89,0.0,37,14393,卖盘
10:26:49,3.89,0.0,163,63407,卖盘
10:26:52,3.89,0.0,190,73910,卖盘
10:26:55,3.89,0.0,272,105808,卖盘
10:26:58,3.89,0.0,211,82079,卖盘
10:27:01,3.89,0.0,188,73132,卖盘
10:27:04,3.89,0.0,145,56405,卖盘
10:27:07,3.89,0.0,270,105030,卖盘
10:27:10,3.89,0.0,174,67686,卖盘
10:27:13,3.89,0.0,216,84024,卖盘
10:27:16,3.89,0.0,330,128370,卖盘
10:27:19,3.89,0.0,114,44346,卖盘
10:27:22,3.89,0.0,130,50570,卖盘
10:27:28,3.89,0.0,82,31898,卖盘
10:27:31,3.89,0.0,37,14393,卖盘
10:27:34,3.89,0.0,146,56794,卖盘
10:27:37,3.89,0.0,129,50181,卖盘
10:27:40,3.89,0.0,126,49014,卖盘
10:27:43,3.89,0.0,277,107753,卖盘
10:27:46,3.89,0.0,907,352823,卖盘
10:27:49,3.89,0.0,101,39289,卖盘
10:27:52,3.89,0.0,160,62240,卖盘
10:27:55,3.89,0.0,37,14393,卖盘
10:27:58,3.89,0.0,72,28008,卖盘
10:28:01,3.89,0.0,42,16338,卖盘
10:28:04,3.89,0.0,55,21395,卖盘
10:28:07,3.89,0.0,139,54071,卖盘
10:28:10,3.89,0.0,64,24896,卖盘
10:28:13,3.89,0.0,113,43957,卖盘
10:28:16,3.89,0.0,127,49403,卖盘
10:28:19,3.89,0.0,70,27230,卖盘
10:28:22,3.89,0.0,85,33065,卖盘
10:28:25,3.89,0.0,426,165714,卖盘
10:28:28,3.89,0.0,190,73910,卖盘
10:28:31,3.89,0.0,45,17505,卖盘
10:28:34,3.89,0.0,37,14393,卖盘
10:28:37,3.89,0.0,15,5835,卖盘
10:28:40,3.89,0.0,200,77800,卖盘
10:28:43,3.89,0.0,38,14782,卖盘
10:28:46,3.89,0.0,50,19450,卖盘
10:28:49,3.89,0.0,30,11670,卖盘
10:28:52,3.89,0.0,21,8169,卖盘
10:28:55,3.89,0.0,65,25285,卖盘
10:28:58,3.89,0.0,3,1167,卖盘
10:29:04,3.89,0.0,11,4279,卖盘
10:29:07,3.89,0.0,37,14393,卖盘
10:29:10,3.89,0.0,56,21784,卖盘
10:29:13,3.89,0.0,51,19839,卖盘
10:29:16,3.89,0.0,27,10503,卖盘
10:29:22,3.89,0.0,52,20228,卖盘
10:29:25,3.89,0.0,1100,427900,卖盘
10:29:28,3.89,0.0,139,54071,卖盘
10:29:34,3.89,0.0,68,26452,卖盘
10:29:37,3.89,0.0,139,54071,卖盘
10:29:40,3.89,0.0,125,48625,卖盘
10:29:43,3.89,0.0,75,29175,卖盘
10:29:46,3.89,0.0,68,26452,卖盘
10:29:52,3.89,0.0,281,109309,卖盘
10:29:55,3.89,0.0,40,15560,卖盘
10:29:58,3.89,0.0,15,5835,卖盘
10:30:01,3.89,0.0,26,10114,卖盘
10:30:04,3.89,0.0,61,23729,卖盘
10:30:07,3.89,0.0,86,33454,卖盘
10:30:10,3.89,0.0,52,20228,卖盘
10:30:13,3.89,0.0,406,157934,卖盘
10:30:16,3.89,0.0,151,58739,卖盘
10:30:19,3.89,0.0,105,40845,卖盘
10:30:22,3.89,0.0,44,17116,卖盘
10:30:25,3.89,0.0,78,30342,卖盘
10:30:28,3.89,0.0,10,3890,卖盘
10:30:31,3.89,0.0,49,19061,卖盘
10:30:34,3.89,0.0,53,20617,卖盘
10:30:40,3.89,0.0,285,110865,卖盘
10:30:43,3.89,0.0,10,3890,卖盘
10:30:49,3.89,0.0,170,66130,卖盘
10:30:55,3.89,0.0,115,44735,卖盘
10:30:58,3.89,0.0,66,25674,卖盘
10:31:01,3.89,0.0,114,44346,卖盘
10:31:04,3.89,0.0,317,123313,卖盘
10:31:07,3.89,0.0,50,19450,卖盘
10:31:10,3.89,0.0,64,24896,卖盘
10:31:13,3.89,0.0,37,14393,卖盘
10:31:16,3.89,0.0,34,13226,卖盘
10:31:19,3.89,0.0,20,7780,卖盘
10:31:22,3.89,0.0,654,254406,卖盘
10:31:25,3.89,0.0,152,59128,卖盘
10:31:28,3.89,0.0,112,43568,卖盘
10:31:31,3.89,0.0,12,4668,卖盘
10:31:34,3.89,0.0,20,7780,卖盘
10:31:37,3.89,0.0,111,43179,卖盘
10:31:40,3.89,0.0,90,35010,卖盘
10:31:43,3.89,0.0,36,14004,卖盘
10:31:46,3.89,0.0,11,4279,卖盘
10:31:49,3.89,0.0,212,82468,卖盘
10:31:52,3.89,0.0,700,272300,卖盘
10:31:55,3.89,0.0,28,10892,卖盘
10:31:58,3.89,0.0,41,15949,卖盘
10:32:01,3.89,0.0,23,8947,卖盘
10:32:04,3.89,0.0,499,194111,卖盘
10:32:07,3.89,0.0,80,31120,卖盘
10:32:10,3.89,0.0,10,3890,卖盘
10:32:13,3.89,0.0,87,33843,卖盘
10:32:16,3.89,0.0,159,61851,卖盘
10:32:19,3.89,0.0,908,353212,卖盘
10:32:22,3.89,0.0,6,2334,卖盘
10:32:25,3.89,0.0,205,79745,卖盘
10:32:28,3.89,0.0,168,65352,卖盘
10:32:31,3.89,0.0,6,2334,卖盘
10:32:34,3.89,0.0,60,23340,卖盘
10:32:37,3.89,0.0,4127,1605403,卖盘
10:32:40,3.89,0.0,438,170382,卖盘
10:32:43,3.89,0.0,213,82857,卖盘
10:32:46,3.89,0.0,337,131093,卖盘
10:32:49,3.89,0.0,269,104641,卖盘
10:32:52,3.89,0.0,339,131871,卖盘
10:32:55,3.89,0.0,44,17116,卖盘
10:32:58,3.89,0.0,2525,982225,卖盘
10:33:01,3.89,0.0,145,56405,卖盘
10:33:04,3.89,0.0,297,115533,卖盘
10:33:07,3.89,0.0,227,88303,卖盘
10:33:10,3.89,0.0,479,186331,卖盘
10:33:13,3.89,0.0,102,39678,卖盘
10:33:16,3.89,0.0,186,72354,卖盘
10:33:19,3.89,0.0,5,1945,卖盘
10:33:22,3.89,0.0,12,4668,卖盘
10:33:28,3.89,0.0,521,202669,卖盘
10:33:31,3.89,0.0,265,103085,卖盘
10:33:34,3.89,0.0,90,35010,卖盘
10:33:37,3.89,0.0,165,64185,卖盘
10:33:43,3.89,0.0,50,19450,卖盘
10:33:46,3.89,0.0,51,19839,卖盘
10:33:49,3.89,0.0,288,112032,卖盘
10:33:52,3.89,0.0,106,41234,卖盘
10:33:55,3.89,0.0,35,13615,卖盘
10:33:58,3.89,0.0,21,8169,卖盘
10:34:01,3.89,0.0,443,172327,卖盘
10:34:04,3.89,0.0,248,96472,卖盘
10:34:07,3.89,0.0,9,3501,卖盘
10:34:10,3.89,0.0,26,10114,卖盘
10:34:13,3.89,0.0,2,778,卖盘
10:34:16,3.89,0.0,56,21784,卖盘
10:34:19,3.89,0.0,18,7002,卖盘
10:34:22,3.89,0.0,158,61462,卖盘
10:34:25,3.89,0.0,661,257129,卖盘
10:34:28,3.89,0.0,21,8169,卖盘
10:34:31,3.89,0.0,15,5835,卖盘
10:34:34,3.89,0.0,57,22173,卖盘
10:34:37,3.89,0.0,15,5835,卖盘
10:34:40,3.89,0.0,15,5835,卖盘
10:34:46,3.89,0.0,307,119423,卖盘
10:34:49,3.89,0.0,9,3501,卖盘
10:34:52,3.89,0.0,10,3890,卖盘
10:34:55,3.89,0.0,116,45124,卖盘
10:34:58,3.89,0.0,125,48625,卖盘
10:35:01,3.89,0.0,104,40456,卖盘
10:35:04,3.89,0.0,6,2334,卖盘
10:35:07,3.89,0.0,52,20228,卖盘
10:35:10,3.89,0.0,41,15949,卖盘
10:35:13,3.89,0.0,234,91026,卖盘
10:35:19,3.89,0.0,16,6224,卖盘
10:35:22,3.89,0.0,1,389,卖盘
10:35:25,3.89,0.0,89,34621,卖盘
10:35:28,3.89,0.0,59,22951,卖盘
10:35:34,3.89,0.0,248,96472,卖盘
10:35:37,3.89,0.0,31,12059,卖盘
10:35:40,3.89,0.0,240,93360,卖盘
10:35:43,3.89,0.0,10,3890,卖盘
10:35:46,3.89,0.0,35,13615,卖盘
10:35:55,3.89,0.0,4,1556,卖盘
10:36:01,3.89,0.0,238,92582,卖盘
10:36:10,3.89,0.0,62,24118,卖盘
10:36:19,3.89,0.0,5,1945,卖盘
10:36:25,3.89,0.0,1,389,卖盘
10:36:28,3.89,0.0,57,22173,卖盘
10:36:31,3.89,0.0,4,1556,卖盘
10:36:34,3.89,0.0,99,38511,卖盘
10:36:37,3.89,0.0,260,101140,卖盘
10:36:40,3.89,0.0,21,8169,卖盘
10:36:43,3.89,0.0,34,13226,卖盘
10:36:46,3.89,0.0,8,3112,卖盘
10:36:49,3.89,0.0,4,1556,卖盘
10:36:52,3.89,0.0,18,7002,卖盘
10:36:58,3.89,0.0,363,141207,卖盘
10:37:01,3.89,0.0,101,39289,卖盘
10:37:04,3.89,0.0,3,1167,卖盘
10:37:10,3.89,0.0,5,1945,卖盘
10:37:13,3.89,0.0,13,5057,卖盘
10:37:19,3.89,0.0,3,1167,卖盘
10:37:22,3.89,0.0,70,27230,卖盘
10:37:25,3.89,0.0,3,1167,卖盘
10:37:31,3.89,0.0,81,31509,卖盘
10:37:37,3.89,0.0,27,10503,卖盘
10:37:43,3.89,0.0,42,16338,卖盘
10:37:46,3.89,0.0,26,10114,卖盘
10:37:49,3.89,0.0,50,19450,卖盘
10:37:55,3.89,0.0,37,14393,卖盘
10:37:58,3.89,0.0,96,37344,卖盘
10:38:01,3.89,0.0,5,1945,卖盘
10:38:04,3.89,0.0,26,10114,卖盘
10:38:07,3.89,0.0,353,137317,卖盘
10:38:13,3.89,0.0,20,7780,卖盘
10:38:16,3.89,0.0,28,10892,卖盘
10:38:19,3.89,0.0,30,11670,卖盘
10:38:22,3.89,0.0,12,4668,卖盘
10:38:25,3.89,0.0,43,16727,卖盘
10:38:28,3.89,0.0,265,103085,卖盘
10:38:31,3.89,0.0,14,5446,卖盘
10:38:37,3.89,0.0,19,7391,卖盘
10:38:40,3.89,0.0,20,7780,卖盘
10:38:43,3.89,0.0,13,5057,卖盘
10:38:49,3.89,0.0,117,45513,卖盘
10:38:52,3.89,0.0,66,25674,卖盘
10:38:55,3.89,0.0,46,17894,卖盘
10:38:58,3.89,0.0,126,49014,卖盘
10:39:01,3.89,0.0,39,15171,卖盘
10:39:10,3.89,0.0,3,1167,卖盘
10:39:13,3.89,0.0,19,7391,卖盘
10:39:16,3.89,0.0,5,1945,卖盘
10:39:19,3.89,0.0,30,11670,卖盘
10:39:22,3.89,0.0,40,15560,卖盘
10:39:25,3.89,0.0,131,50959,卖盘
10:39:28,3.89,0.0,13,5057,卖盘
10:39:31,3.89,0.0,25,9725,卖盘
10:39:34,3.89,0.0,50,19450,卖盘
10:39:37,3.89,0.0,125,48625,卖盘
10:39:40,3.89,0.0,66,25712,卖盘
10:39:43,3.89,0.0,27,10503,卖盘
10:39:46,3.89,0.0,67,26063,卖盘
10:39:49,3.89,0.0,167,64963,卖盘
10:39:55,3.89,0.0,10,3890,卖盘
10:40:01,3.89,0.0,140,54460,卖盘
10:40:04,3.89,0.0,26,10114,卖盘
10:40:10,3.89,0.0,11,4279,卖盘
10:40:13,3.89,0.0,351,136539,卖盘
10:40:16,3.89,0.0,1,389,卖盘
10:40:19,3.89,0.0,7,2723,卖盘
10:40:22,3.89,0.0,1,389,卖盘
10:40:25,3.89,0.0,77,29953,卖盘
10:40:28,3.89,0.0,40,15560,卖盘
10:40:31,3.89,0.0,34,13226,卖盘
10:40:34,3.89,0.0,8,3112,卖盘
10:40:37,3.89,0.0,4,1556,卖盘
10:40:40,3.89,0.0,1,389,卖盘
10:40:43,3.89,0.0,4,1556,卖盘
10:40:49,3.89,0.0,621,241569,卖盘
10:40:58,3.89,0.0,51,19839,卖盘
10:41:04,3.89,0.0,46,17894,卖盘
10:41:07,3.89,0.0,310,120590,卖盘
10:41:10,3.89,0.0,119,46291,卖盘
10:41:13,3.89,0.0,6,2334,卖盘
10:41:19,3.89,0.0,264,102696,卖盘
10:41:22,3.89,0.0,1,389,卖盘
10:41:28,3.89,0.0,50,19450,卖盘
10:41:34,3.89,0.0,171,66519,卖盘
10:41:40,3.89,0.0,49,19061,卖盘
10:41:43,3.89,0.0,361,140429,卖盘
10:41:49,3.89,0.0,50,19450,卖盘
10:41:58,3.89,0.0,3,1167,卖盘
10:42:01,3.89,0.0,192,74688,卖盘
10:42:04,3.89,0.0,59,22951,卖盘
10:42:07,3.89,0.0,70,27230,卖盘
10:42:10,3.89,0.0,141,54849,卖盘
10:42:13,3.89,0.0,20,7780,卖盘
10:42:16,3.89,0.0,103,40067,卖盘
10:42:19,3.89,0.0,1,389,卖盘
10:42:22,3.89,0.0,10,3890,卖盘
10:42:25,3.89,0.0,11,4279,卖盘
10:42:28,3.89,0.0,32,12448,卖盘
10:42:31,3.89,0.0,8,3112,卖盘
10:42:37,3.89,0.0,3,1167,卖盘
10:42:43,3.89,0.0,152,59128,卖盘
10:42:52,3.89,0.0,71,27619,卖盘
10:42:55,3.89,0.0,9,3501,卖盘
10:42:58,3.89,0.0,6,2334,卖盘
10:43:01,3.89,0.0,52,20228,卖盘
10:43:10,3.89,0.0,29,11281,卖盘
10:43:13,3.89,0.0,80,31120,卖盘
10:43:16,3.89,0.0,14,5446,卖盘
10:43:25,3.89,0.0,56,21784,卖盘
10:43:34,3.89,0.0,94,36566,卖盘
10:43:37,3.89,0.0,14,5446,卖盘
10:43:43,3.89,0.0,30,11670,卖盘
10:43:49,3.89,0.0,153,59517,卖盘
10:43:52,3.89,0.0,10,3890,卖盘
10:43:55,3.89,0.0,161,62629,卖盘
10:43:58,3.89,0.0,475,184775,卖盘
10:44:04,3.89,0.0,11,4279,卖盘
10:44:07,3.89,0.0,32,12448,卖盘
10:44:16,3.89,0.0,8,3112,卖盘
10:44:19,3.89,0.0,7,2723,卖盘
10:44:22,3.89,0.0,89,34621,卖盘
10:44:25,3.89,0.0,10,3890,卖盘
10:44:28,3.89,0.0,110,42790,卖盘
10:44:31,3.89,0.0,124,48236,卖盘
10:44:34,3.89,0.0,1,389,卖盘
10:44:37,3.89,0.0,500,194500,卖盘
10:44:40,3.89,0.0,10,3890,卖盘
10:44:43,3.89,0.0,8,3112,卖盘
10:44:49,3.89,0.0,14,5446,卖盘
10:44:58,3.89,0.0,38,14782,卖盘
10:45:04,3.89,0.0,20,7780,卖盘
10:45:07,3.89,0.0,56,21784,卖盘
10:45:10,3.89,0.0,14,5446,卖盘
10:45:13,3.89,0.0,32,12448,卖盘
10:45:16,3.89,0.0,51,19839,卖盘
10:45:25,3.89,0.0,100,38900,卖盘
10:45:31,3.89,0.0,32,12448,卖盘
10:45:34,3.89,0.0,110,42790,卖盘
10:45:40,3.89,0.0,280,108920,卖盘
10:45:43,3.89,0.0,26,10114,卖盘
10:45:46,3.89,0.0,60,23340,卖盘
10:45:49,3.89,0.0,2,778,卖盘
10:46:01,3.89,0.0,17,6613,卖盘
10:46:04,3.89,0.0,42,16338,卖盘
10:46:10,3.89,0.0,20,7780,卖盘
10:46:13,3.89,0.0,77,29953,卖盘
10:46:19,3.89,0.0,11,4279,卖盘
10:46:31,3.89,0.0,1,389,卖盘
10:46:34,3.89,0.0,162,63018,卖盘
10:46:37,3.89,0.0,1,389,卖盘
10:46:40,3.89,0.0,1,389,卖盘
10:46:46,3.89,0.0,12,4668,卖盘
10:46:49,3.89,0.0,13,5057,卖盘
10:46:52,3.89,0.0,10,3890,卖盘
10:47:04,3.89,0.0,28,10892,卖盘
10:47:10,3.89,0.0,10,3890,卖盘
10:47:13,3.89,0.0,1,389,卖盘
10:47:16,3.89,0.0,13,5057,卖盘
10:47:25,3.89,0.0,1,389,卖盘
10:47:31,3.89,0.0,38,14782,卖盘
10:47:37,3.89,0.0,51,19839,卖盘
10:47:40,3.89,0.0,28,10892,卖盘
10:47:43,3.89,0.0,1,389,卖盘
10:47:46,3.89,0.0,30,11670,卖盘
10:47:52,3.89,0.0,300,116700,卖盘
10:47:55,3.89,0.0,23,8947,卖盘
10:47:58,3.89,0.0,2,778,卖盘
10:48:07,3.89,0.0,86,33454,卖盘
10:48:10,3.89,0.0,33,12837,卖盘
10:48:13,3.89,0.0,6,2334,卖盘
10:48:16,3.89,0.0,69,26841,卖盘
10:48:19,3.89,0.0,60,23340,卖盘
10:48:22,3.89,0.0,1,389,卖盘
10:48:28,3.89,0.0,23,8947,卖盘
10:48:34,3.89,0.0,21,8169,卖盘
10:48:40,3.89,0.0,7,2723,卖盘
10:48:43,3.89,0.0,79,30731,卖盘
10:48:49,3.89,0.0,249,96861,卖盘
10:48:52,3.89,0.0,4,1556,卖盘
10:48:58,3.89,0.0,22,8558,卖盘
10:49:07,3.89,0.0,42,16338,卖盘
10:49:10,3.89,0.0,1,389,卖盘
10:49:13,3.89,0.0,12,4668,卖盘
10:49:16,3.89,0.0,20,7780,卖盘
10:49:22,3.89,0.0,10,3890,卖盘
10:49:28,3.89,0.0,5,1945,卖盘
10:49:52,3.89,0.0,10,3890,卖盘
10:50:04,3.89,0.0,50,19450,卖盘
10:50:28,3.89,0.0,5,1945,卖盘
10:50:31,3.89,0.0,57,22173,卖盘
10:50:43,3.89,0.0,12,4668,卖盘
10:50:52,3.89,0.0,5,1945,卖盘
10:50:55,3.89,0.0,6,2334,卖盘
10:51:01,3.89,0.0,133,51737,卖盘
10:51:04,3.89,0.0,10,3890,卖盘
10:51:07,3.89,0.0,1,389,卖盘
10:51:13,3.89,0.0,4,1556,卖盘
10:51:22,3.89,0.0,3,1167,卖盘
10:51:25,3.89,0.0,9,3501,卖盘
10:51:31,3.89,0.0,104,40456,卖盘
10:51:37,3.89,0.0,2,778,卖盘
10:51:40,3.89,0.0,1,389,卖盘
10:51:43,3.89,0.0,40,15560,卖盘
10:51:46,3.89,0.0,10,3890,卖盘
10:51:52,3.89,0.0,3,1167,卖盘
10:51:58,3.89,0.0,5,1945,卖盘
10:52:07,3.89,0.0,1,389,卖盘
10:52:13,3.89,0.0,12,4668,卖盘
10:52:28,3.89,0.0,13,5057,卖盘
10:52:34,3.89,0.0,35,13615,卖盘
10:52:40,3.89,0.0,10,3890,卖盘
10:52:43,3.89,0.0,14,5446,卖盘
10:52:46,3.89,0.0,150,58350,卖盘
10:52:49,3.89,0.0,1,389,卖盘
10:52:52,3.89,0.0,1,389,卖盘
10:52:55,3.89,0.0,17,6613,卖盘
10:53:07,3.89,0.0,66,25674,卖盘
10:53:16,3.89,0.0,8,3112,卖盘
10:53:34,3.89,0.0,5,1945,卖盘
10:53:37,3.89,0.0,1,389,卖盘
10:53:46,3.89,0.0,127,49403,卖盘
10:53:52,3.89,0.0,66,25674,卖盘
10:53:55,3.89,0.0,1107,430623,卖盘
10:54:04,3.89,0.0,3,1167,卖盘
10:54:07,3.89,0.0,4,1556,卖盘
10:54:16,3.89,0.0,11,4279,卖盘
10:54:19,3.89,0.0,8,3112,卖盘
10:54:31,3.89,0.0,50,19450,卖盘
10:54:37,3.89,0.0,31,12059,卖盘
10:54:46,3.89,0.0,1,389,卖盘
10:54:49,3.89,0.0,3,1167,卖盘
10:55:01,3.89,0.0,38,14782,卖盘
10:55:04,3.89,0.0,17,6613,卖盘
10:55:07,3.89,0.0,3,1167,卖盘
10:55:13,3.89,0.0,5,1945,卖盘
10:55:16,3.89,0.0,12,4668,卖盘
10:55:22,3.89,0.0,2,778,卖盘
10:55:25,3.89,0.0,51,19839,卖盘
10:55:31,3.89,0.0,2,778,卖盘
10:55:34,3.89,0.0,2,778,卖盘
10:55:37,3.89,0.0,27,10503,卖盘
10:55:40,3.89,0.0,22,8558,卖盘
10:56:01,3.89,0.0,1,389,卖盘
10:56:04,3.89,0.0,21,8169,卖盘
10:56:10,3.89,0.0,48,18672,卖盘
10:56:13,3.89,0.0,15,5835,卖盘
10:56:25,3.89,0.0,2,778,卖盘
10:56:34,3.89,0.0,13,5057,卖盘
10:56:37,3.89,0.0,60,23340,卖盘
10:56:46,3.89,0.0,1,389,卖盘
10:56:49,3.89,0.0,2,778,卖盘
10:57:07,3.89,0.0,13,5057,卖盘
10:57:16,3.89,0.0,65,25285,卖盘
10:57:19,3.89,0.0,10,3890,卖盘
10:57:22,3.89,0.0,4,1556,卖盘
10:57:31,3.89,0.0,20,7780,卖盘
10:57:55,3.89,0.0,3,1167,卖盘
10:58:01,3.89,0.0,8,3112,卖盘
10:58:34,3.89,0.0,8,3112,卖盘
10:58:37,3.89,0.0,123,47847,卖盘
10:58:58,3.89,0.0,200,77800,卖盘
10:59:07,3.89,0.0,330,128370,卖盘
10:59:13,3.89,0.0,40,15560,卖盘
10:59:43,3.89,0.0,6,2334,卖盘
10:59:46,3.89,0.0,5,1945,卖盘
10:59:49,3.89,0.0,6,2334,卖盘
10:59:55,3.89,0.0,28,10892,卖盘
11:00:01,3.89,0.0,8,3112,卖盘
11:00:10,3.89,0.0,23,8947,卖盘
11:00:16,3.89,0.0,9,3501,卖盘
11:00:34,3.89,0.0,1,389,卖盘
11:00:52,3.89,0.0,61,23729,卖盘
11:00:55,3.89,0.0,2,778,卖盘
11:01:01,3.89,0.0,584,227176,卖盘
11:01:04,3.89,0.0,206,80134,卖盘
11:01:10,3.89,0.0,5,1945,卖盘
11:01:16,3.89,0.0,11,4279,卖盘
11:01:19,3.89,0.0,2,778,卖盘
11:01:25,3.89,0.0,50,19450,卖盘
11:02:01,3.89,0.0,127,49403,卖盘
11:02:04,3.89,0.0,9,3501,卖盘
11:02:28,3.89,0.0,6,2334,卖盘
11:02:43,3.89,0.0,5,1945,卖盘
11:03:01,3.89,0.0,31,12059,卖盘
11:03:07,3.89,0.0,4,1556,卖盘
11:03:13,3.89,0.0,20,7780,卖盘
11:03:19,3.89,0.0,40,15560,卖盘
11:03:31,3.89,0.0,41,15949,卖盘
11:03:43,3.89,0.0,15,5835,卖盘
11:03:55,3.89,0.0,42,16338,卖盘
11:04:13,3.89,0.0,293,113977,卖盘
11:04:16,3.89,0.0,801,311589,卖盘
11:04:22,3.89,0.0,2,778,卖盘
11:04:25,3.89,0.0,2,778,卖盘
11:04:34,3.89,0.0,49,19061,卖盘
11:04:37,3.89,0.0,126,49014,卖盘
11:04:40,3.89,0.0,3,1167,卖盘
11:04:46,3.89,0.0,20,7780,卖盘
11:04:55,3.89,0.0,5,1945,卖盘
11:05:01,3.89,0.0,2,778,卖盘
11:05:10,3.89,0.0,1,389,卖盘
11:05:16,3.89,0.0,2,778,卖盘
11:05:22,3.89,0.0,10,3890,卖盘
11:05:25,3.89,0.0,19,7391,卖盘
11:05:31,3.89,0.0,861,334929,卖盘
11:05:46,3.89,0.0,3,1167,卖盘
11:05:49,3.89,0.0,1,389,卖盘
11:05:52,3.89,0.0,1,389,卖盘
11:06:01,3.89,0.0,276,107364,卖盘
11:06:10,3.89,0.0,1,389,卖盘
11:06:19,3.89,0.0,3,1167,卖盘
11:06:28,3.89,0.0,30,11670,卖盘
11:06:31,3.89,0.0,15,5835,卖盘
11:06:34,3.89,0.0,10,3890,卖盘
11:06:43,3.89,0.0,30,11670,卖盘
11:06:46,3.89,0.0,30,11670,卖盘
11:06:52,3.89,0.0,1,389,卖盘
11:07:19,3.89,0.0,2,778,卖盘
11:07:22,3.89,0.0,5,1945,卖盘
11:07:28,3.89,0.0,6,2334,卖盘
11:07:46,3.89,0.0,5,1945,卖盘
11:07:52,3.89,0.0,6,2334,卖盘
11:08:01,3.89,0.0,6,2334,卖盘
11:08:10,3.89,0.0,83,32287,卖盘
11:08:28,3.89,0.0,184,71576,卖盘
11:08:34,3.89,0.0,1,389,卖盘
11:08:37,3.89,0.0,332,129148,卖盘
11:08:40,3.89,0.0,2,778,卖盘
11:08:52,3.89,0.0,2,778,卖盘
11:09:22,3.89,0.0,1,389,卖盘
11:09:28,3.89,0.0,257,99973,卖盘
11:09:31,3.89,0.0,3,1167,卖盘
11:09:34,3.89,0.0,5,1945,卖盘
11:09:55,3.89,0.0,1,389,卖盘
11:09:58,3.89,0.0,6,2334,卖盘
11:10:07,3.89,0.0,8,3112,卖盘
11:10:31,3.89,0.0,13,5057,卖盘
11:10:34,3.89,0.0,5,1945,卖盘
11:10:40,3.89,0.0,22,8558,卖盘
11:10:49,3.89,0.0,10,3890,卖盘
11:10:55,3.89,0.0,1,389,卖盘
11:10:58,3.89,0.0,4,1556,卖盘
11:11:01,3.89,0.0,2,778,卖盘
11:11:04,3.89,0.0,41,15949,卖盘
11:11:10,3.89,0.0,2,778,卖盘
11:11:22,3.89,0.0,12,4668,卖盘
11:11:31,3.89,0.0,732,284748,卖盘
11:11:34,3.89,0.0,2,778,卖盘
11:12:07,3.89,0.0,42,16338,卖盘
11:12:13,3.89,0.0,8,3112,卖盘
11:12:25,3.89,0.0,20,7780,卖盘
11:12:40,3.89,0.0,9,3501,卖盘
11:13:07,3.89,0.0,9,3501,卖盘
11:13:19,3.89,0.0,4,1556,卖盘
11:13:40,3.89,0.0,4,1556,卖盘
11:13:46,3.89,0.0,2,778,卖盘
11:13:49,3.89,0.0,2,778,卖盘
11:13:52,3.89,0.0,33,12837,卖盘
11:13:55,3.89,0.0,1,389,卖盘
11:14:01,3.89,0.0,1,389,卖盘
11:14:10,3.89,0.0,106,41234,卖盘
11:14:22,3.89,0.0,519,201891,卖盘
11:14:28,3.89,0.0,6,2334,卖盘
11:14:52,3.89,0.0,3,1167,卖盘
11:14:58,3.89,0.0,17,6613,卖盘
11:15:10,3.89,0.0,14,5446,卖盘
11:15:13,3.89,0.0,7,2723,卖盘
11:15:19,3.89,0.0,34,13226,卖盘
11:15:22,3.89,0.0,100,38900,卖盘
11:15:49,3.89,0.0,1,389,卖盘
11:16:04,3.89,0.0,1,389,卖盘
11:16:13,3.89,0.0,5,1945,卖盘
11:16:22,3.89,0.0,80,31120,卖盘
11:16:28,3.89,0.0,3,1167,卖盘
11:16:34,3.89,0.0,3,1167,卖盘
11:16:58,3.89,0.0,2,778,卖盘
11:17:01,3.89,0.0,3,1167,卖盘
11:17:07,3.89,0.0,6,2334,卖盘
11:17:13,3.89,0.0,10,3890,卖盘
11:17:19,3.89,0.0,40,15560,卖盘
11:17:22,3.89,0.0,20,7780,卖盘
11:17:28,3.89,0.0,10,3890,卖盘
11:17:31,3.89,0.0,6,2334,卖盘
11:17:34,3.89,0.0,6,2334,卖盘
11:17:37,3.89,0.0,3,1167,卖盘
11:17:43,3.89,0.0,42,16338,卖盘
11:17:52,3.89,0.0,173,67297,卖盘
11:18:10,3.89,0.0,87,33843,卖盘
11:18:16,3.89,0.0,1,389,卖盘
11:18:25,3.89,0.0,10,3890,卖盘
11:18:31,3.89,0.0,11,4279,卖盘
11:18:40,3.89,0.0,3,1167,卖盘
11:18:58,3.89,0.0,1,389,卖盘
11:19:13,3.89,0.0,50,19450,卖盘
11:19:16,3.89,0.0,2,778,卖盘
11:19:19,3.89,0.0,1,389,卖盘
11:19:28,3.89,0.0,30,11670,卖盘
11:19:40,3.89,0.0,50,19450,卖盘
11:19:46,3.89,0.0,7,2723,卖盘
11:20:01,3.89,0.0,9,3501,卖盘
11:20:10,3.89,0.0,2,778,卖盘
11:20:13,3.89,0.0,13,5057,卖盘
11:20:34,3.89,0.0,2,778,卖盘
11:20:49,3.89,0.0,2,778,卖盘
11:21:01,3.89,0.0,5,1945,卖盘
11:21:10,3.89,0.0,25,9725,卖盘
11:21:28,3.89,0.0,2,778,卖盘
11:21:34,3.89,0.0,5,1945,卖盘
11:21:49,3.89,0.0,1,389,卖盘
11:22:34,3.89,0.0,1,389,卖盘
11:22:37,3.89,0.0,18,7002,卖盘
11:22:55,3.89,0.0,10,3890,卖盘
11:23:07,3.89,0.0,250,97250,卖盘
11:23:22,3.89,0.0,22,8558,卖盘
11:23:37,3.89,0.0,7,2723,卖盘
11:23:52,3.89,0.0,7,2723,卖盘
11:24:01,3.89,0.0,15,5835,卖盘
11:24:07,3.89,0.0,12,4668,卖盘
11:24:10,3.89,0.0,4,1556,卖盘
11:24:13,3.89,0.0,3,1167,卖盘
11:24:16,3.89,0.0,53,20617,卖盘
11:24:25,3.89,0.0,50,19450,卖盘
11:24:28,3.89,0.0,3,1167,卖盘
11:24:34,3.89,0.0,46,17894,卖盘
11:24:49,3.89,0.0,976,379664,卖盘
11:24:52,3.89,0.0,14,5446,卖盘
11:25:04,3.89,0.0,6,2334,卖盘
11:25:07,3.89,0.0,11,4279,卖盘
11:25:10,3.89,0.0,2,778,卖盘
11:25:16,3.89,0.0,28,10892,卖盘
11:25:22,3.89,0.0,130,50570,卖盘
11:25:34,3.89,0.0,10,3890,卖盘
11:26:01,3.89,0.0,10,3890,卖盘
11:26:04,3.89,0.0,27,10503,卖盘
11:26:07,3.89,0.0,10,3890,卖盘
11:26:10,3.89,0.0,6,2334,卖盘
11:26:13,3.89,0.0,31,12059,卖盘
11:26:28,3.89,0.0,4,1556,卖盘
11:26:31,3.89,0.0,13,5057,卖盘
11:26:34,3.89,0.0,65,25285,卖盘
11:26:37,3.89,0.0,10,3890,卖盘
11:26:40,3.89,0.0,9,3501,卖盘
11:26:43,3.89,0.0,20,7780,卖盘
11:26:55,3.89,0.0,15,5835,卖盘
11:26:58,3.89,0.0,16,6224,卖盘
11:27:04,3.89,0.0,85,33065,卖盘
11:27:07,3.89,0.0,3,1167,卖盘
11:27:13,3.89,0.0,5,1945,卖盘
11:27:22,3.89,0.0,28,10892,卖盘
11:27:28,3.89,0.0,1,389,卖盘
11:27:34,3.89,0.0,3,1167,卖盘
11:27:37,3.89,0.0,227,88303,卖盘
11:27:49,3.89,0.0,1,389,卖盘
11:27:52,3.89,0.0,4,1556,卖盘
11:27:55,3.89,0.0,5,1945,卖盘
11:28:16,3.89,0.0,1,389,卖盘
11:28:25,3.89,0.0,20,7780,卖盘
11:28:31,3.89,0.0,36,14004,卖盘
11:28:43,3.89,0.0,26,10114,卖盘
11:28:58,3.89,0.0,90,35010,卖盘
11:29:07,3.89,0.0,57,22173,卖盘
11:29:25,3.89,0.0,31,12059,卖盘
11:29:37,3.89,0.0,1,389,卖盘
11:29:52,3.89,0.0,12,4668,卖盘
11:30:01,3.89,0.0,4,1556,卖盘
13:00:04,3.89,0.0,3994,1553666,卖盘
13:00:07,3.89,0.0,825,320925,卖盘
13:00:10,3.89,0.0,679,264046,卖盘
13:00:13,3.89,0.0,63,24507,卖盘
13:00:16,3.89,0.0,2,778,卖盘
13:00:19,3.89,0.0,73,28397,卖盘
13:00:22,3.89,0.0,8,3112,卖盘
13:00:25,3.89,0.0,2,778,卖盘
13:00:28,3.89,0.0,615,239235,卖盘
13:00:37,3.89,0.0,3,1167,卖盘
13:00:43,3.89,0.0,11,4279,卖盘
13:00:52,3.89,0.0,24,9336,卖盘
13:01:01,3.89,0.0,13,5057,卖盘
13:01:04,3.89,0.0,20,7780,卖盘
13:01:13,3.89,0.0,11,4279,卖盘
13:01:19,3.89,0.0,13,5057,卖盘
13:01:25,3.89,0.0,51,19839,卖盘
13:01:31,3.89,0.0,12,4668,卖盘
13:01:34,3.89,0.0,5,1945,卖盘
13:01:43,3.89,0.0,6,2334,卖盘
13:01:49,3.89,0.0,30,11670,卖盘
13:01:52,3.89,0.0,5,1945,卖盘
13:02:01,3.89,0.0,14,5446,卖盘
13:02:04,3.89,0.0,86,33454,卖盘
13:02:07,3.89,0.0,1,389,卖盘
13:02:19,3.89,0.0,1,389,卖盘
13:02:37,3.89,0.0,1,389,卖盘
13:02:43,3.89,0.0,3,1167,卖盘
13:02:52,3.89,0.0,2,778,卖盘
13:02:55,3.89,0.0,2,778,卖盘
13:02:58,3.89,0.0,16,6224,卖盘
13:03:04,3.89,0.0,3,1167,卖盘
13:03:07,3.89,0.0,98,38122,卖盘
13:03:16,3.89,0.0,5,1945,卖盘
13:03:25,3.89,0.0,20,7780,卖盘
13:03:31,3.89,0.0,1,389,卖盘
13:03:43,3.89,0.0,66,25674,卖盘
13:04:01,3.89,0.0,56,21784,卖盘
13:04:10,3.89,0.0,6,2334,卖盘
13:04:13,3.89,0.0,55,21395,卖盘
13:04:19,3.89,0.0,56,21784,卖盘
13:04:22,3.89,0.0,1,389,卖盘
13:04:28,3.89,0.0,50,19450,卖盘
13:04:31,3.89,0.0,5,1945,卖盘
13:04:34,3.89,0.0,1,389,卖盘
13:04:37,3.89,0.0,85,33065,卖盘
13:04:40,3.89,0.0,12,4668,卖盘
13:04:49,3.89,0.0,206,80134,卖盘
13:04:52,3.89,0.0,3,1167,卖盘
13:04:58,3.89,0.0,1,389,卖盘
13:05:01,3.89,0.0,1,389,卖盘
13:05:13,3.89,0.0,2,778,卖盘
13:05:22,3.89,0.0,1000,389000,卖盘
13:05:25,3.89,0.0,45,17505,卖盘
13:05:28,3.89,0.0,16,6224,卖盘
13:05:31,3.89,0.0,41,15949,卖盘
13:05:37,3.89,0.0,5,1945,卖盘
13:05:46,3.89,0.0,24,9336,卖盘
13:05:52,3.89,0.0,257,99973,卖盘
13:05:55,3.89,0.0,4,1556,卖盘
13:05:58,3.89,0.0,465,180885,卖盘
13:06:01,3.89,0.0,16,6224,卖盘
13:06:04,3.89,0.0,1,389,卖盘
13:06:10,3.89,0.0,5,1945,卖盘
13:06:16,3.89,0.0,12,4668,卖盘
13:06:25,3.89,0.0,8,3112,卖盘
13:06:31,3.89,0.0,11,4279,卖盘
13:06:34,3.89,0.0,79,30731,卖盘
13:06:43,3.89,0.0,51,19839,卖盘
13:06:52,3.89,0.0,2,778,卖盘
13:06:55,3.89,0.0,12,4668,卖盘
13:07:10,3.89,0.0,100,38900,卖盘
13:07:13,3.89,0.0,97,37733,卖盘
13:07:19,3.89,0.0,10,3890,卖盘
13:07:22,3.89,0.0,28,10892,卖盘
13:07:25,3.89,0.0,1,389,卖盘
13:07:31,3.89,0.0,56,21784,卖盘
13:07:49,3.89,0.0,2,778,卖盘
13:08:22,3.89,0.0,50,19450,卖盘
13:08:31,3.89,0.0,11,4279,卖盘
13:08:49,3.89,0.0,1,389,卖盘
13:08:52,3.89,0.0,1,389,卖盘
13:08:55,3.89,0.0,3,1167,卖盘
13:09:01,3.89,0.0,6,2334,卖盘
13:09:07,3.89,0.0,12,4668,卖盘
13:09:10,3.89,0.0,21,8169,卖盘
13:09:16,3.89,0.0,1,389,卖盘
13:09:40,3.89,0.0,1,389,卖盘
13:09:43,3.89,0.0,71,27619,卖盘
13:09:46,3.89,0.0,77,29953,卖盘
13:09:49,3.89,0.0,10,3890,卖盘
13:09:52,3.89,0.0,3,1167,卖盘
13:09:58,3.89,0.0,9,3501,卖盘
13:10:07,3.89,0.0,38,14782,卖盘
13:10:10,3.89,0.0,26,10079,卖盘
13:10:16,3.89,0.0,9,3501,卖盘
13:10:19,3.89,0.0,5,1945,卖盘
13:10:31,3.89,0.0,174,67686,卖盘
13:10:46,3.89,0.0,6,2334,卖盘
13:11:16,3.89,0.0,2,778,卖盘
13:11:28,3.89,0.0,276,107364,卖盘
13:11:37,3.89,0.0,5,1945,卖盘
13:11:52,3.89,0.0,1505,585445,卖盘
13:12:01,3.89,0.0,60,23340,卖盘
13:12:04,3.89,0.0,15,5835,卖盘
13:12:10,3.89,0.0,1,389,卖盘
13:12:37,3.89,0.0,49,19061,卖盘
13:12:43,3.89,0.0,5,1945,卖盘
13:12:52,3.89,0.0,20,7780,卖盘
13:12:55,3.89,0.0,6,2334,卖盘
13:13:13,3.89,0.0,16,6224,卖盘
13:13:19,3.89,0.0,5,1945,卖盘
13:13:22,3.89,0.0,10,3890,卖盘
13:13:25,3.89,0.0,4,1556,卖盘
13:13:46,3.89,0.0,50,19450,卖盘
13:13:52,3.89,0.0,11,4279,卖盘
13:14:01,3.89,0.0,4,1556,卖盘
13:14:04,3.89,0.0,200,77800,卖盘
13:14:07,3.89,0.0,11,4279,卖盘
13:14:10,3.89,0.0,10,3890,卖盘
13:14:13,3.89,0.0,1,389,卖盘
13:14:16,3.89,0.0,100,38900,卖盘
13:14:19,3.89,0.0,8,3112,卖盘
13:14:22,3.89,0.0,21,8169,卖盘
13:14:25,3.89,0.0,28,10892,卖盘
13:14:34,3.89,0.0,14,5446,卖盘
13:14:37,3.89,0.0,10,3890,卖盘
13:14:46,3.89,0.0,92,35788,卖盘
13:14:49,3.89,0.0,2,778,卖盘
13:15:01,3.89,0.0,2,778,卖盘
13:15:04,3.89,0.0,10,3890,卖盘
13:15:52,3.89,0.0,1,389,卖盘
13:16:01,3.89,0.0,53,20617,卖盘
13:16:07,3.89,0.0,5,1945,卖盘
13:16:10,3.89,0.0,57,22173,卖盘
13:16:16,3.89,0.0,4,1556,卖盘
13:16:28,3.89,0.0,10,3890,卖盘
13:16:34,3.89,0.0,7,2723,卖盘
13:16:40,3.89,0.0,39,15171,卖盘
13:16:46,3.89,0.0,5,1945,卖盘
13:16:49,3.89,0.0,2,778,卖盘
13:16:55,3.89,0.0,10,3890,卖盘
13:16:58,3.89,0.0,3,1167,卖盘
13:17:10,3.89,0.0,5,1945,卖盘
13:17:13,3.89,0.0,1,389,卖盘
13:17:25,3.89,0.0,3,1167,卖盘
13:17:28,3.89,0.0,31,12059,卖盘
13:17:31,3.89,0.0,30,11670,卖盘
13:17:34,3.89,0.0,56,21784,卖盘
13:18:01,3.89,0.0,2,778,卖盘
13:18:04,3.89,0.0,313,121757,卖盘
13:18:16,3.89,0.0,1,389,卖盘
13:18:19,3.89,0.0,58,22562,卖盘
13:18:37,3.89,0.0,28,10892,卖盘
13:18:52,3.89,0.0,6,2334,卖盘
13:18:55,3.89,0.0,21,8169,卖盘
13:19:01,3.89,0.0,202,78578,卖盘
13:19:04,3.89,0.0,48,18672,卖盘
13:19:10,3.89,0.0,2,778,卖盘
13:19:28,3.89,0.0,9,3501,卖盘
13:19:34,3.89,0.0,14,5446,卖盘
13:19:40,3.89,0.0,16,6224,卖盘
13:19:46,3.89,0.0,27,10503,卖盘
13:20:04,3.89,0.0,2,778,卖盘
13:20:13,3.89,0.0,1,389,卖盘
13:20:28,3.89,0.0,12,4668,卖盘
13:20:31,3.89,0.0,3,1167,卖盘
13:20:34,3.89,0.0,29,11281,卖盘
13:20:40,3.89,0.0,110,42790,卖盘
13:20:43,3.89,0.0,15,5835,卖盘
13:20:52,3.89,0.0,10,3890,卖盘
13:20:55,3.89,0.0,5,1945,卖盘
13:21:01,3.89,0.0,32,12448,卖盘
13:21:13,3.89,0.0,13,5057,卖盘
13:21:16,3.89,0.0,20,7780,卖盘
13:21:19,3.89,0.0,1,389,卖盘
13:21:22,3.89,0.0,3,1167,卖盘
13:21:25,3.89,0.0,2,778,卖盘
13:21:28,3.89,0.0,285,110865,卖盘
13:21:34,3.89,0.0,3,1167,卖盘
13:21:43,3.89,0.0,2,778,卖盘
13:21:46,3.89,0.0,5,1945,卖盘
13:21:49,3.89,0.0,20,7780,卖盘
13:21:52,3.89,0.0,350,136150,卖盘
13:21:58,3.89,0.0,60,23340,卖盘
13:22:04,3.89,0.0,47,18283,卖盘
13:22:07,3.89,0.0,7,2723,卖盘
13:22:13,3.89,0.0,153,59517,卖盘
13:22:25,3.89,0.0,35,13615,卖盘
13:22:28,3.89,0.0,6,2334,卖盘
13:22:34,3.89,0.0,38,14782,卖盘
13:22:37,3.89,0.0,21,8169,卖盘
13:22:46,3.89,0.0,254,98806,卖盘
13:22:49,3.89,0.0,37,14393,卖盘
13:22:52,3.89,0.0,355,138095,卖盘
13:22:55,3.89,0.0,11,4279,卖盘
13:23:01,3.89,0.0,3,1167,卖盘
13:23:04,3.89,0.0,32,12448,卖盘
13:23:07,3.89,0.0,600,233400,卖盘
13:23:10,3.89,0.0,20,7780,卖盘
13:23:16,3.89,0.0,3,1167,卖盘
13:23:19,3.89,0.0,23,8947,卖盘
13:23:22,3.89,0.0,1,389,卖盘
13:23:25,3.89,0.0,15,5835,卖盘
13:23:28,3.89,0.0,47,18283,卖盘
13:23:31,3.89,0.0,30,11670,卖盘
13:23:34,3.89,0.0,13,5057,卖盘
13:23:40,3.89,0.0,5,1945,卖盘
13:23:46,3.89,0.0,373,145097,卖盘
13:23:52,3.89,0.0,50,19450,卖盘
13:24:10,3.89,0.0,23,8947,卖盘
13:24:13,3.89,0.0,34,13226,卖盘
13:24:19,3.89,0.0,1,389,卖盘
13:24:22,3.89,0.0,36,14004,卖盘
13:24:31,3.89,0.0,22,8558,卖盘
13:24:34,3.89,0.0,105,40845,卖盘
13:24:40,3.89,0.0,187,72743,卖盘
13:25:22,3.89,0.0,5,1945,卖盘
13:25:28,3.89,0.0,3,1167,卖盘
13:25:37,3.89,0.0,28,10892,卖盘
13:25:40,3.89,0.0,5,1945,卖盘
13:25:46,3.89,0.0,8,3112,卖盘
13:25:58,3.89,0.0,26,10114,卖盘
13:26:01,3.89,0.0,2,778,卖盘
13:26:04,3.89,0.0,15,5835,卖盘
13:26:13,3.89,0.0,12,4668,卖盘
13:26:19,3.89,0.0,24,9336,卖盘
13:26:25,3.89,0.0,1,389,卖盘
13:26:43,3.89,0.0,3,1167,卖盘
13:26:46,3.89,0.0,30,11670,卖盘
13:27:10,3.89,0.0,15,5835,卖盘
13:27:25,3.89,0.0,2,778,卖盘
13:27:31,3.89,0.0,1,389,卖盘
13:27:34,3.89,0.0,441,171549,卖盘
13:27:37,3.89,0.0,6,2334,卖盘
13:27:43,3.89,0.0,300,116700,卖盘
13:27:52,3.89,0.0,200,77800,卖盘
13:27:58,3.89,0.0,5,1945,卖盘
13:28:16,3.89,0.0,13,5057,卖盘
13:28:22,3.89,0.0,2,778,卖盘
13:28:25,3.89,0.0,190,73910,卖盘
13:28:28,3.89,0.0,2,778,卖盘
13:28:31,3.89,0.0,31,12059,卖盘
13:28:37,3.89,0.0,26,10114,卖盘
13:28:49,3.89,0.0,30,11670,卖盘
13:28:52,3.89,0.0,62,24118,卖盘
13:28:55,3.89,0.0,7,2723,卖盘
13:28:58,3.89,0.0,1,389,卖盘
13:29:07,3.89,0.0,3,1167,卖盘
13:29:10,3.89,0.0,11,4279,卖盘
13:29:19,3.89,0.0,10,3890,卖盘
13:29:31,3.89,0.0,5,1945,卖盘
13:29:37,3.89,0.0,110,42790,卖盘
13:29:49,3.89,0.0,306,119034,卖盘
13:29:52,3.89,0.0,40,15560,卖盘
13:29:58,3.89,0.0,2,778,卖盘
13:30:04,3.89,0.0,3,1167,卖盘
13:30:07,3.89,0.0,4,1556,卖盘
13:30:10,3.89,0.0,10,3890,卖盘
13:30:40,3.89,0.0,1,389,卖盘
13:30:46,3.89,0.0,1,389,卖盘
13:30:52,3.89,0.0,5,1945,卖盘
13:30:55,3.89,0.0,20,7780,卖盘
13:30:58,3.89,0.0,7,2723,卖盘
13:31:10,3.89,0.0,9,3501,卖盘
13:31:19,3.89,0.0,1,389,卖盘
13:31:22,3.89,0.0,8,3112,卖盘
13:31:49,3.89,0.0,5,1945,卖盘
13:31:58,3.89,0.0,2,778,卖盘
13:32:10,3.89,0.0,1,389,卖盘
13:32:13,3.89,0.0,6,2334,卖盘
13:32:16,3.89,0.0,1,389,卖盘
13:32:19,3.89,0.0,102,39678,卖盘
13:32:22,3.89,0.0,3,1167,卖盘
13:32:25,3.89,0.0,1,389,卖盘
13:32:31,3.89,0.0,55,21395,卖盘
13:32:34,3.89,0.0,15,5835,卖盘
13:32:37,3.89,0.0,28,10892,卖盘
13:32:46,3.89,0.0,1,389,卖盘
13:32:49,3.89,0.0,7,2723,卖盘
13:32:55,3.89,0.0,1,389,卖盘
13:32:58,3.89,0.0,10,3890,卖盘
13:33:01,3.89,0.0,24,9336,卖盘
13:33:28,3.89,0.0,8,3112,卖盘
13:33:34,3.89,0.0,1,389,卖盘
13:33:40,3.89,0.0,100,38900,卖盘
13:33:43,3.89,0.0,43,16727,卖盘
13:33:46,3.89,0.0,39,15171,卖盘
13:33:52,3.89,0.0,1,389,卖盘
13:33:55,3.89,0.0,152,59128,卖盘
13:33:58,3.89,0.0,2,778,卖盘
13:34:01,3.89,0.0,1,389,卖盘
13:34:07,3.89,0.0,20,7780,卖盘
13:34:10,3.89,0.0,20,7780,卖盘
13:34:13,3.89,0.0,2,778,卖盘
13:34:16,3.89,0.0,6,2334,卖盘
13:34:19,3.89,0.0,2,778,卖盘
13:34:43,3.89,0.0,1,389,卖盘
13:34:46,3.89,0.0,11,4279,卖盘
13:34:52,3.89,0.0,38,14782,卖盘
13:34:55,3.89,0.0,14,5446,卖盘
13:34:58,3.89,0.0,2,778,卖盘
13:35:04,3.89,0.0,2,778,卖盘
13:35:19,3.89,0.0,49,19061,卖盘
13:35:22,3.89,0.0,1,389,卖盘
13:35:28,3.89,0.0,2,778,卖盘
13:35:31,3.89,0.0,1,389,卖盘
13:35:37,3.89,0.0,18,7002,卖盘
13:35:52,3.89,0.0,6,2334,卖盘
13:36:01,3.89,0.0,6,2334,卖盘
13:36:04,3.89,0.0,1,389,卖盘
13:36:10,3.89,0.0,58,22562,卖盘
13:36:16,3.89,0.0,9,3501,卖盘
13:36:22,3.89,0.0,8,3112,卖盘
13:36:31,3.89,0.0,42,16338,卖盘
13:36:40,3.89,0.0,1,389,卖盘
13:36:55,3.89,0.0,27,10503,卖盘
13:36:58,3.89,0.0,84,32676,卖盘
13:37:07,3.89,0.0,4,1556,卖盘
13:37:10,3.89,0.0,20,7780,卖盘
13:37:13,3.89,0.0,10,3890,卖盘
13:37:19,3.89,0.0,1,389,卖盘
13:37:34,3.89,0.0,1,389,卖盘
13:37:43,3.89,0.0,13,5057,卖盘
13:37:52,3.89,0.0,40,15560,卖盘
13:37:55,3.89,0.0,17,6613,卖盘
13:37:58,3.89,0.0,1,389,卖盘
13:38:07,3.89,0.0,28,10892,卖盘
13:38:28,3.89,0.0,125,48625,卖盘
13:38:31,3.89,0.0,3,1167,卖盘
13:38:40,3.89,0.0,23,8947,卖盘
13:38:49,3.89,0.0,20,7780,卖盘
13:38:58,3.89,0.0,65,25285,卖盘
13:39:22,3.89,0.0,1,389,卖盘
13:39:46,3.89,0.0,9,3501,卖盘
13:39:49,3.89,0.0,1,389,卖盘
13:39:52,3.89,0.0,2,778,卖盘
13:39:55,3.89,0.0,20,7780,卖盘
13:40:07,3.89,0.0,1,389,卖盘
13:40:49,3.89,0.0,18,7002,卖盘
13:41:10,3.89,0.0,50,19450,卖盘
13:41:13,3.89,0.0,1,389,卖盘
13:41:16,3.89,0.0,50,19450,卖盘
13:41:19,3.89,0.0,10,3890,卖盘
13:41:25,3.89,0.0,74,28786,卖盘
13:41:40,3.89,0.0,1,389,卖盘
13:41:46,3.89,0.0,26,10114,卖盘
13:41:49,3.89,0.0,6,2334,卖盘
13:41:55,3.89,0.0,50,19450,卖盘
13:41:58,3.89,0.0,50,19450,卖盘
13:42:04,3.89,0.0,1,389,卖盘
13:42:07,3.89,0.0,3,1167,卖盘
13:42:13,3.89,0.0,16,6224,卖盘
13:42:19,3.89,0.0,11,4279,卖盘
13:42:22,3.89,0.0,5,1945,卖盘
13:42:28,3.89,0.0,1,389,卖盘
13:42:34,3.89,0.0,5,1945,卖盘
13:42:37,3.89,0.0,2,778,卖盘
13:42:55,3.89,0.0,5,1945,卖盘
13:43:01,3.89,0.0,81,31509,卖盘
13:43:10,3.89,0.0,5,1945,卖盘
13:43:13,3.89,0.0,50,19450,卖盘
13:43:16,3.89,0.0,274,106586,卖盘
13:43:31,3.89,0.0,8,3112,卖盘
13:43:40,3.89,0.0,10,3890,卖盘
13:43:55,3.89,0.0,10,3890,卖盘
13:44:31,3.89,0.0,10,3890,卖盘
13:44:40,3.89,0.0,8,3112,卖盘
13:44:43,3.89,0.0,70,27230,卖盘
13:45:01,3.89,0.0,13,5057,卖盘
13:45:07,3.89,0.0,3,1167,卖盘
13:45:16,3.89,0.0,75,29175,卖盘
13:45:22,3.89,0.0,4,1556,卖盘
13:45:25,3.89,0.0,2,778,卖盘
13:45:34,3.89,0.0,6,2334,卖盘
13:45:52,3.89,0.0,10,3890,卖盘
13:46:10,3.89,0.0,28,10892,卖盘
13:46:16,3.89,0.0,20,7780,卖盘
13:46:28,3.89,0.0,128,49792,卖盘
13:46:43,3.89,0.0,1,389,卖盘
13:47:07,3.89,0.0,9,3501,卖盘
13:47:16,3.89,0.0,6,2334,卖盘
13:47:34,3.89,0.0,1,389,卖盘
13:48:22,3.89,0.0,10,3890,卖盘
13:48:25,3.89,0.0,10,3890,卖盘
13:48:40,3.89,0.0,2,778,卖盘
13:48:52,3.89,0.0,643,250127,卖盘
13:49:10,3.89,0.0,5,1945,卖盘
13:49:25,3.89,0.0,2,778,卖盘
13:49:28,3.89,0.0,7,2723,卖盘
13:49:34,3.89,0.0,3,1167,卖盘
13:49:37,3.89,0.0,14,5446,卖盘
13:49:46,3.89,0.0,8,3112,卖盘
13:49:58,3.89,0.0,123,47847,卖盘
13:50:01,3.89,0.0,14,5446,卖盘
13:51:01,3.89,0.0,14,5446,卖盘
13:51:04,3.89,0.0,5,1945,卖盘
13:51:40,3.89,0.0,25,9725,卖盘
13:51:49,3.89,0.0,2,778,卖盘
13:52:10,3.89,0.0,70,27230,卖盘
13:52:16,3.89,0.0,200,77800,卖盘
13:52:19,3.89,0.0,59,22951,卖盘
13:52:34,3.89,0.0,61,23729,卖盘
13:52:37,3.89,0.0,3,1167,卖盘
13:52:46,3.89,0.0,10,3890,卖盘
13:52:55,3.89,0.0,7,2723,卖盘
13:52:58,3.89,0.0,13,5057,卖盘
13:53:04,3.89,0.0,2,778,卖盘
13:53:22,3.89,0.0,6,2334,卖盘
13:53:31,3.89,0.0,85,33065,卖盘
13:53:34,3.89,0.0,9,3501,卖盘
13:53:37,3.89,0.0,48,18672,卖盘
13:53:43,3.89,0.0,6,2334,卖盘
13:53:46,3.89,0.0,1,389,卖盘
13:53:49,3.89,0.0,1,389,卖盘
13:53:55,3.89,0.0,1,389,卖盘
13:54:07,3.89,0.0,102,39678,卖盘
13:54:10,3.89,0.0,75,29175,卖盘
13:54:13,3.89,0.0,12,4668,卖盘
13:54:19,3.89,0.0,10,3890,卖盘
13:54:22,3.89,0.0,1,389,卖盘
13:54:31,3.89,0.0,2,778,卖盘
13:54:37,3.89,0.0,15,5835,卖盘
13:54:40,3.89,0.0,3,1167,卖盘
13:55:04,3.89,0.0,3,1167,卖盘
13:55:16,3.89,0.0,13,5057,卖盘
13:55:19,3.89,0.0,4,1556,卖盘
13:55:28,3.89,0.0,158,61462,卖盘
13:55:31,3.89,0.0,2,778,卖盘
13:55:34,3.89,0.0,1,389,卖盘
13:55:52,3.89,0.0,69,26841,卖盘
13:55:55,3.89,0.0,133,51737,卖盘
13:55:58,3.89,0.0,3,1167,卖盘
13:56:01,3.89,0.0,11,4279,卖盘
13:56:07,3.89,0.0,62,24118,卖盘
13:56:10,3.89,0.0,303,117867,卖盘
13:56:13,3.89,0.0,10,3890,卖盘
13:56:40,3.89,0.0,94,36566,卖盘
13:57:25,3.89,0.0,5,1945,卖盘
13:57:37,3.89,0.0,46,17894,卖盘
13:57:40,3.89,0.0,2,778,卖盘
13:57:46,3.89,0.0,1,389,卖盘
13:57:49,3.89,0.0,22,8558,卖盘
13:57:55,3.89,0.0,2,778,卖盘
13:58:04,3.89,0.0,2,778,卖盘
13:58:13,3.89,0.0,6,2334,卖盘
13:58:52,3.89,0.0,11,4279,卖盘
13:59:13,3.89,0.0,80,31120,卖盘
13:59:25,3.89,0.0,2,778,卖盘
14:00:13,3.89,0.0,21,8169,卖盘
14:01:01,3.89,0.0,3,1167,卖盘
14:01:07,3.89,0.0,9,3501,卖盘
14:01:16,3.89,0.0,3,1167,卖盘
14:01:49,3.89,0.0,50,19450,卖盘
14:02:28,3.89,0.0,50,19450,卖盘
14:02:31,3.89,0.0,10,3890,卖盘
14:02:43,3.89,0.0,3,1167,卖盘
14:02:55,3.89,0.0,2,778,卖盘
14:03:34,3.89,0.0,7,2723,卖盘
14:04:40,3.89,0.0,10,3890,卖盘
14:04:52,3.89,0.0,26,10114,卖盘
14:05:01,3.89,0.0,3,1167,卖盘
14:05:19,3.89,0.0,10,3890,卖盘
14:05:22,3.89,0.0,12,4668,卖盘
14:05:40,3.89,0.0,4,1556,卖盘
14:05:46,3.89,0.0,10,3890,卖盘
14:06:04,3.89,0.0,30,11670,卖盘
14:06:55,3.89,0.0,2,778,卖盘
14:07:13,3.89,0.0,15,5835,卖盘
14:07:31,3.89,0.0,3,1167,卖盘
14:07:40,3.89,0.0,5,1945,卖盘
14:08:01,3.89,0.0,17,6613,卖盘
14:08:10,3.89,0.0,1,389,卖盘
14:08:34,3.89,0.0,33,12837,卖盘
14:08:46,3.89,0.0,1,389,卖盘
14:08:49,3.89,0.0,69,26841,卖盘
14:08:58,3.89,0.0,10,3890,卖盘
14:09:37,3.89,0.0,8,3112,卖盘
14:09:40,3.89,0.0,1,389,卖盘
14:10:01,3.89,0.0,3,1167,卖盘
14:10:31,3.89,0.0,9,3501,卖盘
14:10:34,3.89,0.0,14,5446,卖盘
14:10:49,3.89,0.0,15,5835,卖盘
14:10:55,3.89,0.0,462,179609,卖盘
14:11:16,3.89,0.0,15,5835,卖盘
14:11:22,3.89,0.0,10,3890,卖盘
14:11:25,3.89,0.0,10,3890,卖盘
14:11:31,3.89,0.0,5,1945,卖盘
14:11:37,3.89,0.0,5,1945,卖盘
14:11:52,3.89,0.0,20,7780,卖盘
14:11:58,3.89,0.0,1,389,卖盘
14:12:22,3.89,0.0,1,389,卖盘
14:12:37,3.89,0.0,24,9336,卖盘
14:12:46,3.89,0.0,10,3890,卖盘
14:12:49,3.89,0.0,65,25285,卖盘
14:12:52,3.89,0.0,10,3890,卖盘
14:13:22,3.89,0.0,1,389,卖盘
14:13:25,3.89,0.0,10,3890,卖盘
14:13:37,3.89,0.0,3,1167,卖盘
14:13:40,3.89,0.0,1,389,卖盘
14:13:49,3.89,0.0,100,38900,卖盘
14:14:07,3.89,0.0,10,3890,卖盘
14:14:10,3.89,0.0,97,37733,卖盘
14:14:13,3.89,0.0,2,778,卖盘
14:14:25,3.89,0.0,33,12837,卖盘
14:14:31,3.89,0.0,22,8558,卖盘
14:14:37,3.89,0.0,1,389,卖盘
14:15:37,3.89,0.0,12,4668,卖盘
14:15:43,3.89,0.0,3,1167,卖盘
14:16:04,3.89,0.0,16,6224,卖盘
14:16:16,3.89,0.0,6,2334,卖盘
14:16:25,3.89,0.0,143,55627,卖盘
14:16:46,3.89,0.0,34,13226,卖盘
14:17:01,3.89,0.0,20,7780,卖盘
14:17:22,3.89,0.0,198,77022,卖盘
14:17:25,3.89,0.0,1,389,卖盘
14:17:46,3.89,0.0,10,3890,卖盘
14:18:22,3.89,0.0,6,2334,卖盘
14:18:28,3.89,0.0,3,1167,卖盘
14:18:52,3.89,0.0,231,89859,卖盘
14:18:55,3.89,0.0,104,40456,卖盘
14:18:58,3.89,0.0,500,194500,卖盘
14:19:01,3.89,0.0,1,389,卖盘
14:19:22,3.89,0.0,6,2334,卖盘
14:19:28,3.89,0.0,10,3890,卖盘
14:19:31,3.89,0.0,7,2723,卖盘
14:19:49,3.89,0.0,1,389,卖盘
14:19:55,3.89,0.0,1,389,卖盘
14:20:07,3.89,0.0,1,389,卖盘
14:20:16,3.89,0.0,9,3501,卖盘
14:20:43,3.89,0.0,10,3890,卖盘
14:20:52,3.89,0.0,10,3890,卖盘
14:20:55,3.89,0.0,12,4668,卖盘
14:21:01,3.89,0.0,409,159101,卖盘
14:21:07,3.89,0.0,10,3890,卖盘
14:21:16,3.89,0.0,1,389,卖盘
14:21:19,3.89,0.0,23,8947,卖盘
14:21:22,3.89,0.0,300,116700,卖盘
14:21:31,3.89,0.0,3,1167,卖盘
14:21:37,3.89,0.0,1,389,卖盘
14:21:46,3.89,0.0,4,1556,卖盘
14:21:49,3.89,0.0,53,20617,卖盘
14:21:55,3.89,0.0,30,11670,卖盘
14:21:58,3.89,0.0,18,7002,卖盘
14:22:01,3.89,0.0,30,11670,卖盘
14:22:10,3.89,0.0,1,389,卖盘
14:22:19,3.89,0.0,36,14004,卖盘
14:22:28,3.89,0.0,3,1167,卖盘
14:22:31,3.89,0.0,10,3890,卖盘
14:22:40,3.89,0.0,67,26063,卖盘
14:22:46,3.89,0.0,1,389,卖盘
14:22:49,3.89,0.0,22,8558,卖盘
14:22:58,3.89,0.0,2,778,卖盘
14:24:10,3.89,0.0,10,3890,卖盘
14:24:43,3.89,0.0,30,11670,卖盘
14:25:43,3.89,0.0,26,10114,卖盘
14:25:46,3.89,0.0,8,3112,卖盘
14:25:49,3.89,0.0,5,1945,卖盘
14:26:04,3.89,0.0,5,1945,卖盘
14:26:19,3.89,0.0,12,4668,卖盘
14:26:31,3.89,0.0,3,1167,卖盘
14:26:49,3.89,0.0,10,3890,卖盘
14:26:55,3.89,0.0,1,389,卖盘
14:27:10,3.89,0.0,44,17116,卖盘
14:27:16,3.89,0.0,23,8947,卖盘
14:27:34,3.89,0.0,7,2723,卖盘
14:27:46,3.89,0.0,34,13226,卖盘
14:27:52,3.89,0.0,1,389,卖盘
14:28:04,3.89,0.0,2,778,卖盘
14:28:49,3.89,0.0,8,3112,卖盘
14:28:52,3.89,0.0,17,6613,卖盘
14:29:07,3.89,0.0,120,46680,卖盘
14:29:16,3.89,0.0,600,233400,卖盘
14:29:28,3.89,0.0,1,389,卖盘
14:29:52,3.89,0.0,10,3890,卖盘
14:29:55,3.89,0.0,51,19839,卖盘
14:30:07,3.89,0.0,19,7391,卖盘
14:30:13,3.89,0.0,1,389,卖盘
14:30:28,3.89,0.0,1,389,卖盘
14:31:01,3.89,0.0,1,389,卖盘
14:31:43,3.89,0.0,23,8947,卖盘
14:32:01,3.89,0.0,50,19450,卖盘
14:32:04,3.89,0.0,4,1556,卖盘
14:32:16,3.89,0.0,7,2723,卖盘
14:32:22,3.89,0.0,16,6224,卖盘
14:32:40,3.89,0.0,1,389,卖盘
14:32:52,3.89,0.0,1,389,卖盘
14:33:01,3.89,0.0,8,3112,卖盘
14:33:10,3.89,0.0,8,3112,卖盘
14:33:19,3.89,0.0,1,389,卖盘
14:33:37,3.89,0.0,20,7780,卖盘
14:33:40,3.89,0.0,1,389,卖盘
14:33:46,3.89,0.0,1,389,卖盘
14:34:07,3.89,0.0,18,7002,卖盘
14:34:13,3.89,0.0,10,3890,卖盘
14:34:22,3.89,0.0,1,389,卖盘
14:34:43,3.89,0.0,19,7391,卖盘
14:34:46,3.89,0.0,21,8169,卖盘
14:34:58,3.89,0.0,3,1167,卖盘
14:35:13,3.89,0.0,99,38511,卖盘
14:35:16,3.89,0.0,88,34232,卖盘
14:35:49,3.89,0.0,21,8169,卖盘
14:35:52,3.89,0.0,100,38900,卖盘
14:35:55,3.89,0.0,1,389,卖盘
14:36:37,3.89,0.0,9,3501,卖盘
14:36:58,3.89,0.0,45,17505,卖盘
14:37:16,3.89,0.0,5,1945,卖盘
14:37:19,3.89,0.0,3,1167,卖盘
14:37:22,3.89,0.0,21,8169,卖盘
14:37:46,3.89,0.0,7,2723,卖盘
14:37:49,3.89,0.0,78,30342,卖盘
14:38:13,3.89,0.0,1,389,卖盘
14:38:16,3.89,0.0,5,1945,卖盘
14:38:25,3.89,0.0,10,3890,卖盘
14:38:28,3.89,0.0,2,778,卖盘
14:38:40,3.89,0.0,1,389,卖盘
14:39:34,3.89,0.0,11,4279,卖盘
14:39:37,3.89,0.0,4,1556,卖盘
14:39:40,3.89,0.0,20,7780,卖盘
14:39:43,3.89,0.0,14,5446,卖盘
14:40:10,3.89,0.0,100,38900,卖盘
14:40:31,3.89,0.0,4,1556,卖盘
14:40:43,3.89,0.0,9,3501,卖盘
14:40:49,3.89,0.0,21,8169,卖盘
14:40:55,3.89,0.0,3,1167,卖盘
14:41:16,3.89,0.0,1,389,卖盘
14:41:25,3.89,0.0,287,111643,卖盘
14:41:28,3.89,0.0,1,389,卖盘
14:41:34,3.89,0.0,5,1945,卖盘
14:41:58,3.89,0.0,1,389,卖盘
14:42:04,3.89,0.0,1,389,卖盘
14:42:19,3.89,0.0,1,389,卖盘
14:42:52,3.89,0.0,10,3890,卖盘
14:42:58,3.89,0.0,1,389,卖盘
14:43:04,3.89,0.0,3,1167,卖盘
14:43:13,3.89,0.0,5,1945,卖盘
14:43:28,3.89,0.0,10,3890,卖盘
14:43:31,3.89,0.0,71,27619,卖盘
14:43:43,3.89,0.0,28,10892,卖盘
14:44:16,3.89,0.0,20,7780,卖盘
14:44:34,3.89,0.0,29,11281,卖盘
14:44:46,3.89,0.0,18,7002,卖盘
14:44:52,3.89,0.0,100,38900,卖盘
14:45:07,3.89,0.0,7,2723,卖盘
14:45:31,3.89,0.0,34,13226,卖盘
14:45:34,3.89,0.0,8,3112,卖盘
14:45:37,3.89,0.0,31,12059,卖盘
14:45:40,3.89,0.0,2,778,卖盘
14:45:55,3.89,0.0,9,3501,卖盘
14:46:04,3.89,0.0,2,778,卖盘
14:46:13,3.89,0.0,1,389,卖盘
14:46:22,3.89,0.0,10,3890,卖盘
14:46:31,3.89,0.0,20,7780,卖盘
14:46:34,3.89,0.0,132,51348,卖盘
14:46:52,3.89,0.0,10,3890,卖盘
14:47:01,3.89,0.0,1,389,卖盘
14:47:10,3.89,0.0,1,389,卖盘
14:47:49,3.89,0.0,42,16338,卖盘
14:47:52,3.89,0.0,1,389,卖盘
14:48:04,3.89,0.0,6,2334,卖盘
14:48:07,3.89,0.0,1,389,卖盘
14:48:16,3.89,0.0,52,20228,卖盘
14:48:19,3.89,0.0,1,389,卖盘
14:48:34,3.89,0.0,1,389,卖盘
14:48:43,3.89,0.0,5,1945,卖盘
14:49:04,3.89,0.0,5,1945,卖盘
14:49:13,3.89,0.0,113,43957,卖盘
14:49:22,3.89,0.0,3,1167,卖盘
14:49:28,3.89,0.0,48,18672,卖盘
14:49:37,3.89,0.0,9,3501,卖盘
14:49:40,3.89,0.0,1,389,卖盘
14:49:43,3.89,0.0,1,389,卖盘
14:49:49,3.89,0.0,201,78189,卖盘
14:49:52,3.89,0.0,1,389,卖盘
14:50:01,3.89,0.0,20,7780,卖盘
14:50:16,3.89,0.0,3,1167,卖盘
14:50:25,3.89,0.0,318,123702,卖盘
14:50:28,3.89,0.0,13,5057,卖盘
14:50:49,3.89,0.0,8,3112,卖盘
14:51:22,3.89,0.0,1,389,卖盘
14:51:37,3.89,0.0,5,1945,卖盘
14:51:40,3.89,0.0,20,7780,卖盘
14:51:43,3.89,0.0,89,34621,卖盘
14:51:49,3.89,0.0,3,1167,卖盘
14:52:16,3.89,0.0,1,389,卖盘
14:52:25,3.89,0.0,5,1945,卖盘
14:52:28,3.89,0.0,3,1167,卖盘
14:52:31,3.89,0.0,1,389,卖盘
14:52:34,3.89,0.0,8,3112,卖盘
14:52:46,3.89,0.0,19,7391,卖盘
14:52:58,3.89,0.0,1,389,卖盘
14:53:04,3.89,0.0,5,1945,卖盘
14:53:10,3.89,0.0,69,26841,卖盘
14:53:22,3.89,0.0,5,1945,卖盘
14:53:34,3.89,0.0,5,1945,卖盘
14:53:37,3.89,0.0,41,15949,卖盘
14:53:43,3.89,0.0,265,103085,卖盘
14:53:49,3.89,0.0,50,19450,卖盘
14:54:28,3.89,0.0,50,19450,卖盘
14:54:34,3.89,0.0,20,7780,卖盘
14:54:37,3.89,0.0,100,38900,卖盘
14:54:40,3.89,0.0,20,7780,卖盘
14:54:43,3.89,0.0,1,389,卖盘
14:54:46,3.89,0.0,24,9336,卖盘
14:54:49,3.89,0.0,28,10892,卖盘
14:55:04,3.89,0.0,10,3890,卖盘
14:55:07,3.89,0.0,10,3890,卖盘
14:55:10,3.89,0.0,3,1167,卖盘
14:55:13,3.89,0.0,1,389,卖盘
14:55:19,3.89,0.0,1,389,卖盘
14:55:28,3.89,0.0,49,19061,卖盘
14:55:43,3.89,0.0,7,2723,卖盘
14:55:52,3.89,0.0,25,9725,卖盘
14:55:58,3.89,0.0,5,1945,卖盘
14:56:01,3.89,0.0,150,58350,卖盘
14:56:07,3.89,0.0,2,778,卖盘
14:56:13,3.89,0.0,730,283970,卖盘
14:56:16,3.89,0.0,50,19450,卖盘
14:56:25,3.89,0.0,28,10892,卖盘
14:56:28,3.89,0.0,34,13226,卖盘
14:56:31,3.89,0.0,41,15949,卖盘
14:56:34,3.89,0.0,1,389,卖盘
14:56:40,3.89,0.0,33,12837,卖盘
14:56:43,3.89,0.0,10,3890,卖盘
14:56:52,3.89,0.0,159,61851,卖盘
14:56:58,3.89,0.0,14,5446,卖盘
15:00:01,3.89,0.0,602,234178,卖盘
