成交时间,成交价格,价格变动,成交量,成交金额,性质
09:25:00,9.26,0.01,42828,39659154,买盘
09:30:00,9.26,0.0,15117,14165261,卖盘
09:30:03,9.43,0.17,13609,12729519,买盘
09:30:06,9.3,-0.13,25542,23980513,卖盘
09:30:09,9.41,0.11,13176,12360392,中性盘
09:30:12,9.42,0.01,16796,15739920,买盘
09:30:15,9.4,-0.02,13529,12726443,卖盘
09:30:18,9.42,0.02,11539,10866432,买盘
09:30:21,9.43,0.01,14250,13427551,买盘
09:30:24,9.43,0.0,11106,10469760,卖盘
09:30:27,9.43,0.0,15518,14633474,卖盘
09:30:30,9.43,0.0,11768,11097224,卖盘
09:30:33,9.43,0.0,8498,8013614,卖盘
09:30:36,9.43,0.0,5873,5538427,卖盘
09:30:39,9.43,0.0,5894,5558042,卖盘
09:30:42,9.43,0.0,15389,14511827,卖盘
09:30:45,9.43,0.0,4686,4418898,卖盘
09:30:48,9.43,0.0,3935,3710705,卖盘
09:30:51,9.43,0.0,2535,2390505,卖盘
09:30:54,9.43,0.0,9078,8560554,卖盘
09:30:57,9.43,0.0,6439,6071977,卖盘
09:31:00,9.43,0.0,6938,6542534,卖盘
09:31:03,9.43,0.0,2979,2808711,卖盘
09:31:06,9.43,0.0,8749,8243520,买盘
09:31:09,9.43,0.0,3158,2974848,买盘
09:31:12,9.42,-0.01,2457,2315172,买盘
09:31:15,9.42,0.0,2297,2162626,买盘
09:31:18,9.42,0.0,3252,3062982,买盘
09:31:21,9.42,0.0,2927,2757394,买盘
09:31:24,9.42,0.0,3463,3263063,卖盘
09:31:27,9.41,-0.01,3159,2976610,卖盘
09:31:30,9.42,0.01,3033,2857545,买盘
09:31:33,9.4,-0.02,2529,2378443,卖盘
09:31:36,9.4,0.0,1559,1465230,买盘
09:31:39,9.38,-0.02,1608,1509173,卖盘
09:31:42,9.37,-0.01,1236,1158745,卖盘
09:31:45,9.35,-0.02,1770,1657335,卖盘
09:31:48,9.34,-0.01,774,723672,卖盘
09:31:51,9.32,-0.02,1549,1445745,卖盘
09:31:54,9.31,-0.01,1330,1238922,卖盘
09:31:57,9.31,0.0,2347,2184067,买盘
09:32:00,9.28,-0.03,2748,2555698,卖盘
09:32:03,9.26,-0.02,12765,11835294,卖盘
09:32:06,9.21,-0.05,2655,2448083,卖盘
09:32:09,9.21,0.0,1716,1580681,买盘
09:32:12,9.18,-0.03,2649,2437865,卖盘
09:32:15,9.18,0.0,4469,4111771,卖盘
09:32:18,9.19,0.01,4247,3904714,中性盘
09:32:21,9.2,0.01,2836,2606493,中性盘
09:32:24,9.26,0.06,1792,1652229,买盘
09:32:27,9.22,-0.04,981,905507,卖盘
09:32:30,9.24,0.02,1624,1501319,买盘
09:32:33,9.25,0.01,2099,1941010,买盘
09:32:36,9.27,0.02,2879,2664202,买盘
09:32:39,9.28,0.01,2017,1867303,买盘
09:32:42,9.28,0.0,1019,944863,买盘
09:32:45,9.28,0.0,2138,1984194,买盘
09:32:48,9.27,-0.01,3378,3135324,卖盘
09:32:51,9.28,0.01,4026,3733725,买盘
09:32:54,9.27,-0.01,2786,2582369,中性盘
09:32:57,9.28,0.01,1498,1389713,买盘
09:33:00,9.26,-0.02,3079,2851135,卖盘
09:33:03,9.24,-0.02,947,875905,卖盘
09:33:06,9.24,0.0,1804,1668039,卖盘
09:33:09,9.24,0.0,1050,969814,卖盘
09:33:12,9.24,0.0,1125,1039131,买盘
09:33:15,9.21,-0.03,1257,1158966,卖盘
09:33:18,9.24,0.03,2741,2531425,买盘
09:33:21,9.2,-0.04,1314,1209830,卖盘
09:33:24,9.2,0.0,1831,1687341,卖盘
09:33:27,9.2,0.0,3611,3323528,卖盘
09:33:30,9.2,0.0,840,772750,卖盘
09:33:33,9.2,0.0,888,816848,买盘
09:33:36,9.19,-0.01,3199,2938209,卖盘
09:33:39,9.19,0.0,1356,1245549,中性盘
09:33:42,9.16,-0.03,1261,1158009,卖盘
09:33:45,9.18,0.02,1608,1477024,买盘
09:33:48,9.19,0.01,2879,2647753,中性盘
09:33:51,9.21,0.02,1900,1744556,买盘
09:33:54,9.21,0.0,1835,1690311,买盘
09:33:57,9.21,0.0,576,530624,卖盘
09:34:00,9.21,0.0,1100,1013601,卖盘
09:34:03,9.21,0.0,1248,1149950,卖盘
09:34:06,9.23,0.02,1311,1207091,买盘
09:34:09,9.22,-0.01,1380,1271608,卖盘
09:34:12,9.22,0.0,516,475442,买盘
09:34:15,9.23,0.01,816,752215,买盘
09:34:18,9.22,-0.01,1198,1104750,卖盘
09:34:21,9.23,0.01,718,662101,买盘
09:34:24,9.22,-0.01,1059,977081,卖盘
09:34:27,9.23,0.01,311,286930,卖盘
09:34:30,9.23,0.0,1217,1123134,卖盘
09:34:33,9.23,0.0,967,893155,卖盘
09:34:36,9.24,0.01,1166,1076713,买盘
09:34:39,9.24,0.0,1264,1168929,卖盘
09:34:42,9.26,0.02,288,266411,买盘
09:34:45,9.28,0.02,1333,1234899,买盘
09:34:48,9.26,-0.02,1717,1592538,卖盘
09:34:51,9.28,0.02,593,550071,买盘
09:34:54,9.28,0.0,611,567191,卖盘
09:34:57,9.29,0.01,6125,5679441,中性盘
09:35:00,9.3,0.01,1136,1055004,买盘
09:35:03,9.31,0.01,2310,2148259,买盘
09:35:06,9.3,-0.01,460,428031,卖盘
09:35:09,9.31,0.01,1005,935656,买盘
09:35:12,9.32,0.01,375,349204,买盘
09:35:15,9.32,0.0,719,670239,买盘
09:35:18,9.32,0.0,1211,1129210,买盘
09:35:21,9.32,0.0,279,260224,卖盘
09:35:24,9.35,0.03,1542,1438838,买盘
09:35:27,9.35,0.0,1156,1080526,买盘
09:35:30,9.36,0.01,2785,2607016,买盘
09:35:33,9.39,0.03,1231,1154025,买盘
09:35:36,9.38,-0.01,864,810578,卖盘
09:35:39,9.38,0.0,1382,1297036,卖盘
09:35:42,9.39,0.01,3740,3512593,买盘
09:35:45,9.4,0.01,2290,2150306,买盘
09:35:48,9.4,0.0,1425,1339061,买盘
09:35:51,9.4,0.0,3368,3166855,买盘
09:35:54,9.42,0.02,4007,3772583,买盘
09:35:57,9.4,-0.02,6028,5673467,卖盘
09:36:00,9.43,0.03,12288,11585157,买盘
09:36:03,9.43,0.0,32197,30360990,买盘
09:36:06,9.43,0.0,2540,2395220,卖盘
09:36:09,9.43,0.0,2143,2020849,卖盘
09:36:12,9.43,0.0,2227,2100061,卖盘
09:36:15,9.43,0.0,2006,1891658,卖盘
09:36:18,9.43,0.0,6612,6235116,卖盘
09:36:21,9.43,0.0,3844,3624892,卖盘
09:36:24,9.43,0.0,5381,5074283,卖盘
09:36:27,9.4,-0.03,6772,6375636,卖盘
09:36:30,9.42,0.02,3878,3643320,买盘
09:36:33,9.42,0.0,1486,1399556,买盘
09:36:36,9.43,0.01,1570,1480056,买盘
09:36:39,9.43,0.0,2372,2235742,买盘
09:36:42,9.43,0.0,2900,2733994,买盘
09:36:45,9.43,0.0,3311,3121118,买盘
09:36:48,9.43,0.0,1832,1726919,买盘
09:36:51,9.43,0.0,1490,1404386,买盘
09:36:54,9.42,-0.01,2333,2199149,卖盘
09:36:57,9.42,0.0,803,756273,买盘
09:37:00,9.41,-0.01,2335,2198465,卖盘
09:37:03,9.41,0.0,1064,1001956,卖盘
09:37:06,9.41,0.0,5227,4912466,卖盘
09:37:09,9.41,0.0,2161,2031781,买盘
09:37:12,9.4,-0.01,1146,1076505,中性盘
09:37:15,9.4,0.0,839,788377,买盘
09:37:18,9.41,0.01,2429,2284408,买盘
09:37:21,9.42,0.01,819,770175,买盘
09:37:24,9.4,-0.02,302,283997,买盘
09:37:27,9.41,0.01,657,617825,买盘
09:37:30,9.4,-0.01,1018,957344,卖盘
09:37:33,9.41,0.01,487,457994,买盘
09:37:36,9.41,0.0,1924,1809716,买盘
09:37:39,9.4,-0.01,612,575477,卖盘
09:37:42,9.41,0.01,572,538276,买盘
09:37:45,9.4,-0.01,2752,2589453,卖盘
09:37:48,9.42,0.02,1232,1159319,买盘
09:37:51,9.42,0.0,3582,3373995,买盘
09:37:54,9.43,0.01,1776,1674372,买盘
09:37:57,9.42,-0.01,2020,1903515,卖盘
09:38:00,9.43,0.01,2519,2375105,买盘
09:38:03,9.43,0.0,2771,2612456,买盘
09:38:06,9.43,0.0,2821,2658431,买盘
09:38:09,9.42,-0.01,3676,3465940,卖盘
09:38:12,9.42,0.0,1451,1367430,买盘
09:38:15,9.43,0.01,1089,1026426,买盘
09:38:18,9.42,-0.01,1422,1339412,卖盘
09:38:21,9.43,0.01,1022,962898,买盘
09:38:24,9.42,-0.01,961,905909,卖盘
09:38:27,9.43,0.01,3236,3049194,买盘
09:38:30,9.43,0.0,8524,8037912,买盘
09:38:33,9.43,0.0,681,642183,卖盘
09:38:36,9.43,0.0,1001,943943,卖盘
09:38:39,9.43,0.0,1581,1490883,卖盘
09:38:42,9.43,0.0,863,813809,卖盘
09:38:45,9.43,0.0,632,595976,卖盘
09:38:48,9.43,0.0,378,356454,卖盘
09:38:51,9.43,0.0,797,751571,卖盘
09:38:54,9.43,0.0,200,188600,卖盘
09:38:57,9.43,0.0,451,425293,卖盘
09:39:00,9.43,0.0,1052,992036,卖盘
09:39:03,9.43,0.0,383,361169,卖盘
09:39:06,9.43,0.0,256,241408,卖盘
09:39:09,9.43,0.0,96,90528,卖盘
09:39:12,9.43,0.0,348,328164,卖盘
09:39:15,9.43,0.0,148,139564,卖盘
09:39:18,9.43,0.0,44,41492,卖盘
09:39:21,9.43,0.0,107,100901,卖盘
09:39:24,9.43,0.0,83,78269,卖盘
09:39:27,9.43,0.0,47,44321,卖盘
09:39:30,9.43,0.0,74,69782,卖盘
09:39:33,9.43,0.0,130,122590,卖盘
09:39:36,9.43,0.0,298,281014,卖盘
09:39:39,9.43,0.0,140,132199,卖盘
09:39:42,9.43,0.0,355,334765,卖盘
09:39:45,9.43,0.0,214,201802,卖盘
09:39:48,9.43,0.0,132,124476,卖盘
09:39:51,9.43,0.0,75,70725,卖盘
09:39:54,9.43,0.0,25,23575,卖盘
09:39:57,9.43,0.0,264,248952,卖盘
09:40:00,9.43,0.0,142,133906,卖盘
09:40:03,9.43,0.0,71,66953,卖盘
09:40:06,9.43,0.0,86,81098,卖盘
09:40:09,9.43,0.0,249,234807,卖盘
09:40:12,9.43,0.0,46,43378,卖盘
09:40:15,9.43,0.0,478,450754,卖盘
09:40:18,9.43,0.0,63,59409,卖盘
09:40:21,9.43,0.0,44,41492,卖盘
09:40:24,9.43,0.0,20,18860,卖盘
09:40:27,9.43,0.0,57,53751,卖盘
09:40:30,9.43,0.0,20,18860,卖盘
09:40:33,9.43,0.0,451,425293,卖盘
09:40:36,9.43,0.0,49,46207,卖盘
09:40:39,9.43,0.0,144,135792,卖盘
09:40:42,9.43,0.0,100,94300,卖盘
09:40:45,9.43,0.0,212,199916,卖盘
09:40:48,9.43,0.0,1959,1847337,卖盘
09:40:51,9.43,0.0,25,23575,卖盘
09:40:54,9.43,0.0,93,87699,卖盘
09:40:57,9.43,0.0,17,16031,卖盘
09:41:00,9.43,0.0,46,43378,卖盘
09:41:03,9.43,0.0,55,51865,卖盘
09:41:06,9.43,0.0,71,66953,卖盘
09:41:09,9.43,0.0,101,95243,卖盘
09:41:12,9.43,0.0,137,129191,卖盘
09:41:15,9.43,0.0,291,274413,卖盘
09:41:18,9.43,0.0,40,37720,卖盘
09:41:21,9.43,0.0,62,58466,卖盘
09:41:24,9.43,0.0,215,202745,卖盘
09:41:27,9.43,0.0,438,413034,卖盘
09:41:30,9.43,0.0,64,60352,卖盘
09:41:33,9.43,0.0,780,735540,卖盘
09:41:36,9.43,0.0,61,57523,卖盘
09:41:39,9.43,0.0,133,125419,卖盘
09:41:42,9.43,0.0,16,15088,卖盘
09:41:45,9.43,0.0,219,206517,卖盘
09:41:48,9.43,0.0,58,54694,卖盘
09:41:51,9.43,0.0,96,90528,卖盘
09:41:54,9.43,0.0,72,67896,卖盘
09:41:57,9.43,0.0,211,198973,卖盘
09:42:00,9.43,0.0,127,119761,卖盘
09:42:03,9.43,0.0,146,137678,卖盘
09:42:06,9.43,0.0,17,16031,卖盘
09:42:09,9.43,0.0,45,42435,卖盘
09:42:12,9.43,0.0,50,47150,卖盘
09:42:15,9.43,0.0,116,109388,卖盘
09:42:18,9.43,0.0,312,294216,卖盘
09:42:21,9.43,0.0,23,21689,卖盘
09:42:24,9.43,0.0,62,58466,卖盘
09:42:27,9.43,0.0,199,187657,卖盘
09:42:30,9.43,0.0,14,13202,卖盘
09:42:33,9.43,0.0,79,74497,卖盘
09:42:36,9.43,0.0,26,24518,卖盘
09:42:39,9.43,0.0,295,278185,卖盘
09:42:42,9.43,0.0,97,91471,卖盘
09:42:45,9.43,0.0,20,18860,卖盘
09:42:48,9.43,0.0,111,104673,卖盘
09:42:51,9.43,0.0,6,5658,卖盘
09:42:54,9.43,0.0,33,31119,卖盘
09:43:00,9.43,0.0,25,23575,卖盘
09:43:03,9.43,0.0,84,79212,卖盘
09:43:06,9.43,0.0,19,17917,卖盘
09:43:09,9.43,0.0,57,53751,卖盘
09:43:12,9.43,0.0,4,3772,卖盘
09:43:15,9.43,0.0,54,50922,卖盘
09:43:18,9.43,0.0,2500,2357500,卖盘
09:43:21,9.43,0.0,126,118818,卖盘
09:43:24,9.43,0.0,1423,1341889,卖盘
09:43:27,9.43,0.0,174,164082,卖盘
09:43:30,9.43,0.0,259,244237,卖盘
09:43:33,9.43,0.0,64,60352,卖盘
09:43:36,9.43,0.0,91,85813,卖盘
09:43:39,9.43,0.0,199,187657,卖盘
09:43:42,9.43,0.0,71,66953,卖盘
09:43:45,9.43,0.0,380,358340,卖盘
09:43:48,9.43,0.0,123,115989,卖盘
09:43:51,9.43,0.0,88,82984,卖盘
09:43:54,9.43,0.0,86,81098,卖盘
09:43:57,9.43,0.0,157,148051,卖盘
09:44:00,9.43,0.0,19,17917,卖盘
09:44:03,9.43,0.0,497,468671,卖盘
09:44:06,9.43,0.0,59,55637,卖盘
09:44:09,9.43,0.0,151,142393,卖盘
09:44:12,9.43,0.0,14,13202,卖盘
09:44:15,9.43,0.0,185,174455,卖盘
09:44:18,9.43,0.0,22,20746,卖盘
09:44:21,9.43,0.0,59,55637,卖盘
09:44:24,9.43,0.0,10,9430,卖盘
09:44:27,9.43,0.0,25,23575,卖盘
09:44:30,9.43,0.0,434,409262,卖盘
09:44:33,9.43,0.0,300,282900,卖盘
09:44:36,9.43,0.0,37,34891,卖盘
09:44:39,9.43,0.0,87,82041,卖盘
09:44:42,9.43,0.0,343,323449,卖盘
09:44:45,9.43,0.0,52,49036,卖盘
09:44:48,9.43,0.0,79,74497,卖盘
09:44:51,9.43,0.0,91,85813,卖盘
09:44:54,9.43,0.0,352,331936,卖盘
09:44:57,9.43,0.0,18,16974,卖盘
09:45:00,9.43,0.0,55,51865,卖盘
09:45:03,9.43,0.0,2,1886,卖盘
09:45:06,9.43,0.0,548,516764,卖盘
09:45:09,9.43,0.0,45,42435,卖盘
09:45:12,9.43,0.0,465,438495,卖盘
09:45:15,9.43,0.0,385,363055,卖盘
09:45:18,9.43,0.0,242,228206,卖盘
09:45:21,9.43,0.0,21,19803,卖盘
09:45:24,9.43,0.0,104,98072,卖盘
09:45:27,9.43,0.0,259,244237,卖盘
09:45:30,9.43,0.0,287,270641,卖盘
09:45:33,9.43,0.0,203,191429,卖盘
09:45:36,9.43,0.0,2373,2237739,卖盘
09:45:39,9.43,0.0,2898,2732814,卖盘
09:45:42,9.43,0.0,4974,4690482,卖盘
09:45:45,9.43,0.0,7577,7145111,卖盘
09:45:48,9.42,-0.01,13693,12911916,卖盘
09:45:51,9.41,-0.01,572,538302,卖盘
09:45:54,9.4,-0.01,263,247259,卖盘
09:45:57,9.4,0.0,694,653010,卖盘
09:46:00,9.4,0.0,763,717485,卖盘
09:46:03,9.39,-0.01,1731,1628181,卖盘
09:46:06,9.36,-0.03,1562,1464023,卖盘
09:46:09,9.35,-0.01,1585,1482558,卖盘
09:46:12,9.34,-0.01,460,429699,卖盘
09:46:15,9.34,0.0,2067,1930138,买盘
09:46:18,9.34,0.0,1948,1817919,买盘
09:46:21,9.36,0.02,793,740400,中性盘
09:46:24,9.36,0.0,1115,1041302,买盘
09:46:27,9.37,0.01,1337,1250849,买盘
09:46:30,9.36,-0.01,1664,1557490,卖盘
09:46:33,9.35,-0.01,688,644022,卖盘
09:46:36,9.35,0.0,1370,1281814,买盘
09:46:39,9.35,0.0,1165,1090658,买盘
09:46:42,9.36,0.01,598,559308,买盘
09:46:45,9.36,0.0,1155,1080737,卖盘
09:46:48,9.37,0.01,1005,941594,买盘
09:46:51,9.37,0.0,1077,1008521,卖盘
09:46:54,9.38,0.01,537,503430,买盘
09:46:57,9.38,0.0,459,430334,买盘
09:47:00,9.39,0.01,936,879280,买盘
09:47:03,9.41,0.02,1847,1735887,买盘
09:47:06,9.37,-0.04,2955,2764727,卖盘
09:47:09,9.33,-0.04,1294,1209155,卖盘
09:47:12,9.38,0.05,1035,968903,买盘
09:47:15,9.34,-0.04,586,548485,卖盘
09:47:18,9.38,0.04,465,435803,买盘
09:47:21,9.38,0.0,311,291679,卖盘
09:47:24,9.38,0.0,582,545567,买盘
09:47:27,9.37,-0.01,707,662235,卖盘
09:47:30,9.37,0.0,281,263122,买盘
09:47:33,9.37,0.0,1625,1522595,买盘
09:47:36,9.37,0.0,410,384444,卖盘
09:47:39,9.38,0.01,1982,1858848,买盘
09:47:42,9.39,0.01,504,472887,买盘
09:47:45,9.4,0.01,1772,1664368,买盘
09:47:48,9.41,0.01,1470,1381164,买盘
09:47:51,9.4,-0.01,496,466381,卖盘
09:47:54,9.41,0.01,260,244635,买盘
09:47:57,9.41,0.0,552,519636,卖盘
09:48:00,9.42,0.01,1382,1301587,买盘
09:48:03,9.43,0.01,879,828388,买盘
09:48:06,9.42,-0.01,5171,4871953,卖盘
09:48:09,9.43,0.01,1986,1871477,买盘
09:48:12,9.42,-0.01,547,515178,卖盘
09:48:15,9.43,0.01,1728,1629294,买盘
09:48:18,9.42,-0.01,653,615405,卖盘
09:48:21,9.42,0.0,780,735328,卖盘
09:48:24,9.43,0.01,1519,1431976,买盘
09:48:27,9.43,0.0,794,748392,买盘
09:48:30,9.43,0.0,1052,991778,买盘
09:48:33,9.41,-0.02,2272,2141933,卖盘
09:48:36,9.43,0.02,501,472337,买盘
09:48:39,9.41,-0.02,614,578519,卖盘
09:48:42,9.43,0.02,955,900372,买盘
09:48:45,9.42,-0.01,863,813753,卖盘
09:48:48,9.42,0.0,2205,2079047,卖盘
09:48:51,9.43,0.01,970,914547,买盘
09:48:54,9.43,0.0,769,724707,买盘
09:48:57,9.43,0.0,655,617534,买盘
09:49:00,9.43,0.0,1440,1357594,买盘
09:49:03,9.42,-0.01,381,359166,卖盘
09:49:06,9.43,0.01,301,283710,买盘
09:49:09,9.4,-0.03,5751,5414031,卖盘
09:49:12,9.34,-0.06,5553,5202403,卖盘
09:49:15,9.35,0.01,1690,1577671,买盘
09:49:18,9.35,0.0,1460,1365453,买盘
09:49:21,9.34,-0.01,799,748172,卖盘
09:49:24,9.38,0.04,170,159152,买盘
09:49:27,9.38,0.0,771,722315,买盘
09:49:30,9.38,0.0,522,489463,买盘
09:49:33,9.38,0.0,292,273635,买盘
09:49:36,9.36,-0.02,179,167782,卖盘
09:49:39,9.37,0.01,746,698221,买盘
09:49:42,9.37,0.0,50,46876,中性盘
09:49:45,9.38,0.01,338,316864,买盘
09:49:48,9.38,0.0,610,571848,买盘
09:49:51,9.38,0.0,324,303993,卖盘
09:49:54,9.39,0.01,704,660653,买盘
09:49:57,9.39,0.0,315,296022,卖盘
09:50:00,9.39,0.0,395,370948,卖盘
09:50:03,9.4,0.01,473,444585,买盘
09:50:06,9.39,-0.01,415,390113,卖盘
09:50:09,9.39,0.0,799,750800,卖盘
09:50:12,9.4,0.01,1036,972757,买盘
09:50:15,9.39,-0.01,1366,1283852,中性盘
09:50:18,9.39,0.0,294,276267,卖盘
09:50:21,9.4,0.01,1159,1089573,买盘
09:50:24,9.38,-0.02,720,676085,卖盘
09:50:27,9.37,-0.01,818,767613,卖盘
09:50:30,9.38,0.01,893,838326,中性盘
09:50:33,9.37,-0.01,228,213854,卖盘
09:50:36,9.38,0.01,203,190325,中性盘
09:50:39,9.37,-0.01,530,496765,卖盘
09:50:42,9.37,0.0,1125,1054166,卖盘
09:50:45,9.36,-0.01,202,189241,卖盘
09:50:48,9.37,0.01,562,526734,中性盘
09:50:51,9.36,-0.01,597,559238,卖盘
09:50:54,9.37,0.01,446,418052,买盘
09:50:57,9.36,-0.01,1302,1218755,卖盘
09:51:00,9.38,0.02,181,169566,买盘
09:51:03,9.37,-0.01,420,393544,卖盘
09:51:06,9.38,0.01,498,467084,买盘
09:51:09,9.38,0.0,285,267338,卖盘
09:51:12,9.38,0.0,251,235531,卖盘
09:51:15,9.38,0.0,599,562198,卖盘
09:51:18,9.38,0.0,443,415507,买盘
09:51:21,9.37,-0.01,337,316031,卖盘
09:51:24,9.39,0.02,559,524408,买盘
09:51:27,9.38,-0.01,673,630787,卖盘
09:51:30,9.38,0.0,123,115356,买盘
09:51:33,9.38,0.0,225,211065,买盘
09:51:36,9.38,0.0,443,415669,卖盘
09:51:39,9.38,0.0,327,306834,卖盘
09:51:42,9.39,0.01,477,447948,买盘
09:51:45,9.38,-0.01,702,658715,卖盘
09:51:48,9.38,0.0,118,110699,卖盘
09:51:51,9.38,0.0,297,278532,买盘
09:51:54,9.38,0.0,129,120993,买盘
09:51:57,9.38,0.0,162,151976,卖盘
09:52:00,9.38,0.0,214,200924,卖盘
09:52:03,9.39,0.01,441,413876,买盘
09:52:06,9.39,0.0,313,293775,买盘
09:52:09,9.39,0.0,500,469174,买盘
09:52:12,9.39,0.0,672,630429,买盘
09:52:15,9.39,0.0,147,138032,卖盘
09:52:18,9.39,0.0,1232,1156873,卖盘
09:52:21,9.38,-0.01,1783,1671843,卖盘
09:52:24,9.37,-0.01,2479,2322335,卖盘
09:52:27,9.36,-0.01,218,204130,卖盘
09:52:30,9.36,0.0,781,731065,卖盘
09:52:33,9.37,0.01,277,259392,买盘
09:52:36,9.37,0.0,154,144243,买盘
09:52:39,9.36,-0.01,515,482155,卖盘
09:52:42,9.37,0.01,162,151827,买盘
09:52:45,9.37,0.0,565,529405,卖盘
09:52:48,9.38,0.01,356,333697,买盘
09:52:51,9.38,0.0,410,384578,买盘
09:52:54,9.38,0.0,174,163280,卖盘
09:52:57,9.38,0.0,144,135083,卖盘
09:53:00,9.39,0.01,251,235490,买盘
09:53:03,9.38,-0.01,463,434458,卖盘
09:53:06,9.38,0.0,4690,4409708,卖盘
09:53:09,9.39,0.01,220,206403,卖盘
09:53:12,9.4,0.01,686,644232,买盘
09:53:15,9.39,-0.01,71,66690,卖盘
09:53:18,9.4,0.01,270,253775,买盘
09:53:21,9.39,-0.01,969,909836,卖盘
09:53:24,9.38,-0.01,451,423153,中性盘
09:53:27,9.37,-0.01,1438,1347730,卖盘
09:53:30,9.36,-0.01,981,918184,卖盘
09:53:33,9.35,-0.01,560,524481,卖盘
09:53:36,9.36,0.01,113,105663,买盘
09:53:39,9.36,0.0,410,383462,买盘
09:53:42,9.35,-0.01,872,815443,卖盘
09:53:45,9.35,0.0,424,396284,中性盘
09:53:48,9.35,0.0,715,669004,买盘
09:53:51,9.34,-0.01,516,482359,卖盘
09:53:54,9.36,0.02,409,382141,买盘
09:53:57,9.35,-0.01,244,228195,卖盘
09:54:00,9.35,0.0,1145,1070706,卖盘
09:54:03,9.35,0.0,308,288222,卖盘
09:54:06,9.36,0.01,205,191812,买盘
09:54:09,9.36,0.0,434,406600,卖盘
09:54:12,9.36,0.0,365,341379,买盘
09:54:15,9.36,0.0,316,295812,卖盘
09:54:18,9.36,0.0,504,471796,卖盘
09:54:21,9.35,-0.01,1276,1193212,卖盘
09:54:24,9.36,0.01,431,403176,买盘
09:54:27,9.35,-0.01,509,476014,卖盘
09:54:30,9.36,0.01,390,364815,买盘
09:54:33,9.35,-0.01,501,468492,卖盘
09:54:36,9.35,0.0,487,455509,卖盘
09:54:39,9.35,0.0,694,649106,卖盘
09:54:42,9.35,0.0,133,124428,卖盘
09:54:45,9.35,0.0,280,261882,卖盘
09:54:48,9.35,0.0,384,359090,卖盘
09:54:51,9.35,0.0,658,615519,卖盘
09:54:54,9.35,0.0,320,299233,卖盘
09:54:57,9.35,0.0,135,126218,买盘
09:55:00,9.34,-0.01,481,449715,卖盘
09:55:03,9.34,0.0,159,148618,卖盘
09:55:06,9.34,0.0,141,132113,卖盘
09:55:09,9.34,0.0,341,318546,卖盘
09:55:12,9.34,0.0,519,484781,卖盘
09:55:15,9.34,0.0,671,626896,卖盘
09:55:18,9.34,0.0,254,236853,卖盘
09:55:21,9.34,0.0,1175,1096354,买盘
09:55:24,9.33,-0.01,289,269818,卖盘
09:55:27,9.33,0.0,273,254758,卖盘
09:55:30,9.34,0.01,409,381620,买盘
09:55:33,9.33,-0.01,151,140916,卖盘
09:55:36,9.35,0.02,384,358972,买盘
09:55:39,9.34,-0.01,798,746047,卖盘
09:55:42,9.34,0.0,255,238136,卖盘
09:55:45,9.34,0.0,73,68172,买盘
09:55:48,9.33,-0.01,145,135342,卖盘
09:55:51,9.34,0.01,243,226844,买盘
09:55:54,9.33,-0.01,1499,1398844,卖盘
09:55:57,9.34,0.01,699,652347,买盘
09:56:00,9.33,-0.01,530,494743,卖盘
09:56:03,9.33,0.0,267,249136,卖盘
09:56:06,9.34,0.01,1104,1030396,买盘
09:56:09,9.33,-0.01,460,429296,卖盘
09:56:12,9.33,0.0,178,165705,卖盘
09:56:15,9.33,0.0,98,91429,买盘
09:56:18,9.33,0.0,58,54078,买盘
09:56:21,9.32,-0.01,549,511772,卖盘
09:56:24,9.32,0.0,1158,1079107,卖盘
09:56:27,9.31,-0.01,154,143394,卖盘
09:56:30,9.31,0.0,377,351058,卖盘
09:56:33,9.31,0.0,398,370543,卖盘
09:56:36,9.31,0.0,272,253026,买盘
09:56:39,9.31,0.0,572,532065,买盘
09:56:42,9.31,0.0,1276,1187096,买盘
09:56:45,9.3,-0.01,676,628873,卖盘
09:56:48,9.3,0.0,1211,1126343,卖盘
09:56:51,9.29,-0.01,581,539921,卖盘
09:56:54,9.29,0.0,142,131921,卖盘
09:56:57,9.29,0.0,115,106850,卖盘
09:57:00,9.28,-0.01,877,814166,卖盘
09:57:03,9.28,0.0,136,126245,买盘
09:57:06,9.27,-0.01,127,117811,卖盘
09:57:09,9.3,0.03,2871,2666844,买盘
09:57:12,9.34,0.04,2922,2722661,买盘
09:57:15,9.35,0.01,753,703297,买盘
09:57:18,9.35,0.0,167,155976,买盘
09:57:21,9.35,0.0,854,796394,买盘
09:57:24,9.35,0.0,197,184177,买盘
09:57:27,9.35,0.0,106,99119,卖盘
09:57:30,9.35,0.0,318,297460,卖盘
09:57:33,9.35,0.0,256,239425,卖盘
09:57:36,9.35,0.0,92,85998,买盘
09:57:39,9.36,0.01,188,175833,买盘
09:57:42,9.35,-0.01,290,271298,卖盘
09:57:45,9.33,-0.02,167,156061,卖盘
09:57:48,9.35,0.02,61,57013,买盘
09:57:51,9.35,0.0,95,88830,卖盘
09:57:54,9.35,0.0,151,141212,卖盘
09:57:57,9.34,-0.01,278,259807,卖盘
09:58:00,9.36,0.02,209,195525,买盘
09:58:03,9.36,0.0,70,65465,买盘
09:58:06,9.34,-0.02,559,523342,卖盘
09:58:09,9.35,0.01,368,344365,卖盘
09:58:12,9.32,-0.03,2416,2255442,卖盘
09:58:15,9.31,-0.01,112,104300,卖盘
09:58:18,9.31,0.0,243,226414,卖盘
09:58:21,9.32,0.01,132,122952,买盘
09:58:24,9.32,0.0,190,177030,买盘
09:58:27,9.32,0.0,99,92282,卖盘
09:58:30,9.33,0.01,477,444865,买盘
09:58:33,9.32,-0.01,291,271226,卖盘
09:58:36,9.32,0.0,181,168794,卖盘
09:58:39,9.32,0.0,318,296583,卖盘
09:58:42,9.33,0.01,438,408271,中性盘
09:58:45,9.32,-0.01,104,96979,卖盘
09:58:48,9.33,0.01,566,527846,买盘
09:58:51,9.32,-0.01,205,191247,卖盘
09:58:54,9.33,0.01,203,189378,买盘
09:58:57,9.33,0.0,249,232295,买盘
09:59:00,9.32,-0.01,524,488405,卖盘
09:59:03,9.33,0.01,301,280510,买盘
09:59:06,9.31,-0.02,438,407845,卖盘
09:59:09,9.31,0.0,11,10241,买盘
09:59:12,9.31,0.0,53,49346,买盘
09:59:15,9.31,0.0,116,108009,卖盘
09:59:18,9.31,0.0,113,105204,卖盘
09:59:21,9.3,-0.01,210,195601,卖盘
09:59:24,9.31,0.01,61,56775,中性盘
09:59:27,9.3,-0.01,228,212168,卖盘
09:59:30,9.31,0.01,311,289372,买盘
09:59:33,9.31,0.0,177,164721,买盘
09:59:36,9.31,0.0,619,575913,卖盘
09:59:39,9.3,-0.01,167,155425,卖盘
09:59:42,9.31,0.01,301,280218,买盘
09:59:45,9.3,-0.01,454,422623,卖盘
09:59:48,9.31,0.01,236,219500,买盘
09:59:51,9.3,-0.01,533,495834,卖盘
09:59:54,9.29,-0.01,203,188636,卖盘
09:59:57,9.29,0.0,173,160863,卖盘
10:00:00,9.3,0.01,147,136580,买盘
10:00:03,9.28,-0.02,58,53877,卖盘
10:00:06,9.29,0.01,235,218365,买盘
10:00:09,9.29,0.0,29,26951,买盘
10:00:12,9.29,0.0,303,281594,卖盘
10:00:15,9.29,0.0,440,408855,卖盘
10:00:18,9.3,0.01,407,378190,买盘
10:00:21,9.3,0.0,285,265050,卖盘
10:00:24,9.29,-0.01,256,237877,卖盘
10:00:27,9.29,0.0,102,94757,买盘
10:00:30,9.29,0.0,39,36253,卖盘
10:00:33,9.29,0.0,145,134731,卖盘
10:00:36,9.29,0.0,226,209968,卖盘
10:00:39,9.28,-0.01,359,333270,卖盘
10:00:42,9.29,0.01,72,66858,买盘
10:00:45,9.29,0.0,224,207957,买盘
10:00:48,9.28,-0.01,256,237595,卖盘
10:00:51,9.28,0.0,604,560596,卖盘
10:00:54,9.28,0.0,648,601859,买盘
10:00:57,9.28,0.0,279,258902,卖盘
10:01:00,9.27,-0.01,421,390677,卖盘
10:01:03,9.28,0.01,181,167950,买盘
10:01:06,9.27,-0.01,1200,1112471,卖盘
10:01:09,9.26,-0.01,573,531070,卖盘
10:01:12,9.26,0.0,276,255624,卖盘
10:01:15,9.26,0.0,368,340783,卖盘
10:01:18,9.26,0.0,767,710187,卖盘
10:01:21,9.26,0.0,978,905536,买盘
10:01:24,9.25,-0.01,728,673453,卖盘
10:01:27,9.25,0.0,277,256233,卖盘
10:01:30,9.25,0.0,346,319973,卖盘
10:01:33,9.25,0.0,141,130413,买盘
10:01:36,9.25,0.0,227,209799,买盘
10:01:39,9.24,-0.01,196,181093,卖盘
10:01:42,9.24,0.0,213,196806,买盘
10:01:45,9.24,0.0,431,398152,买盘
10:01:48,9.23,-0.01,1016,937977,卖盘
10:01:51,9.23,0.0,275,253850,卖盘
10:01:54,9.22,-0.01,346,319356,卖盘
10:01:57,9.22,0.0,805,742294,卖盘
10:02:00,9.22,0.0,497,457932,买盘
10:02:03,9.22,0.0,940,866273,买盘
10:02:06,9.21,-0.01,677,623759,卖盘
10:02:09,9.25,0.04,3064,2830310,买盘
10:02:12,9.27,0.02,726,673169,买盘
10:02:15,9.3,0.03,1976,1836819,买盘
10:02:18,9.3,0.0,196,182288,卖盘
10:02:21,9.31,0.01,245,227949,买盘
10:02:24,9.31,0.0,320,297826,买盘
10:02:27,9.32,0.01,114,106144,买盘
10:02:30,9.32,0.0,151,140669,买盘
10:02:33,9.33,0.01,15,13995,买盘
10:02:36,9.33,0.0,277,258297,买盘
10:02:39,9.33,0.0,195,181947,买盘
10:02:42,9.33,0.0,288,268740,卖盘
10:02:45,9.34,0.01,205,191255,买盘
10:02:48,9.33,-0.01,333,310963,买盘
10:02:51,9.35,0.02,147,137290,买盘
10:02:54,9.34,-0.01,423,394815,卖盘
10:02:57,9.35,0.01,315,294281,买盘
10:03:00,9.34,-0.01,437,408278,卖盘
10:03:03,9.33,-0.01,1046,976530,卖盘
10:03:06,9.32,-0.01,583,543578,卖盘
10:03:09,9.3,-0.02,474,441584,卖盘
10:03:12,9.31,0.01,115,107032,买盘
10:03:15,9.3,-0.01,864,805359,卖盘
10:03:18,9.3,0.0,116,107882,卖盘
10:03:21,9.28,-0.02,265,246067,卖盘
10:03:24,9.28,0.0,97,90137,卖盘
10:03:27,9.28,0.0,66,61257,卖盘
10:03:30,9.27,-0.01,78,72347,卖盘
10:03:33,9.27,0.0,40,37080,买盘
10:03:36,9.27,0.0,115,106545,买盘
10:03:39,9.26,-0.01,178,164893,卖盘
10:03:42,9.26,0.0,269,249262,卖盘
10:03:45,9.28,0.02,268,248575,买盘
10:03:48,9.28,0.0,106,98351,买盘
10:03:51,9.28,0.0,117,108666,买盘
10:03:54,9.28,0.0,52,48303,卖盘
10:03:57,9.29,0.01,241,223698,买盘
10:04:00,9.28,-0.01,373,346697,卖盘
10:04:03,9.28,0.0,106,98450,卖盘
10:04:06,9.29,0.01,238,220922,买盘
10:04:09,9.3,0.01,220,204600,买盘
10:04:12,9.31,0.01,169,157171,买盘
10:04:15,9.3,-0.01,58,53971,卖盘
10:04:18,9.31,0.01,373,347245,买盘
10:04:21,9.3,-0.01,422,392471,卖盘
10:04:24,9.3,0.0,230,213898,买盘
10:04:27,9.3,0.0,260,241795,买盘
10:04:30,9.31,0.01,84,78145,买盘
10:04:33,9.31,0.0,72,67013,买盘
10:04:36,9.3,-0.01,296,275340,卖盘
10:04:39,9.31,0.01,191,177816,买盘
10:04:42,9.31,0.0,36,33519,卖盘
10:04:45,9.31,0.0,148,137810,卖盘
10:04:48,9.32,0.01,281,261755,买盘
10:04:51,9.31,-0.01,99,92169,卖盘
10:04:54,9.31,0.0,166,154546,买盘
10:04:57,9.31,0.0,187,174155,卖盘
10:05:00,9.3,-0.01,553,514549,卖盘
10:05:03,9.29,-0.01,375,348422,卖盘
10:05:06,9.28,-0.01,132,122528,卖盘
10:05:09,9.29,0.01,116,107759,买盘
10:05:12,9.29,0.0,85,78958,买盘
10:05:15,9.29,0.0,314,291673,买盘
10:05:18,9.29,0.0,169,156975,买盘
10:05:21,9.29,0.0,98,90973,买盘
10:05:24,9.29,0.0,235,218245,买盘
10:05:27,9.29,0.0,266,246923,买盘
10:05:30,9.29,0.0,112,103978,买盘
10:05:33,9.29,0.0,210,195090,买盘
10:05:36,9.29,0.0,14,13007,卖盘
10:05:39,9.3,0.01,241,223953,买盘
10:05:42,9.29,-0.01,519,482179,卖盘
10:05:45,9.29,0.0,61,56669,买盘
10:05:48,9.29,0.0,202,187699,买盘
10:05:51,9.3,0.01,145,134811,买盘
10:05:54,9.3,0.0,72,66895,买盘
10:05:57,9.29,-0.01,61,56659,卖盘
10:06:00,9.29,0.0,37,34373,买盘
10:06:03,9.29,0.0,399,370439,买盘
10:06:06,9.29,0.0,234,217255,买盘
10:06:09,9.28,-0.01,1186,1100678,卖盘
10:06:12,9.28,0.0,1862,1726065,买盘
10:06:15,9.26,-0.02,396,366829,中性盘
10:06:18,9.27,0.01,59,54688,买盘
10:06:21,9.25,-0.02,436,403343,卖盘
10:06:24,9.25,0.0,84,77647,买盘
10:06:27,9.24,-0.01,233,215508,卖盘
10:06:30,9.24,0.0,107,98886,卖盘
10:06:33,9.23,-0.01,77,71124,卖盘
10:06:36,9.23,0.0,85,78463,卖盘
10:06:39,9.24,0.01,90,83077,买盘
10:06:42,9.24,0.0,358,330756,买盘
10:06:45,9.23,-0.01,99,91411,卖盘
10:06:48,9.24,0.01,258,238204,买盘
10:06:51,9.23,-0.01,230,212443,卖盘
10:06:54,9.23,0.0,375,346183,卖盘
10:06:57,9.24,0.01,135,124752,卖盘
10:07:00,9.24,0.0,84,77616,卖盘
10:07:03,9.24,0.0,431,398418,卖盘
10:07:06,9.23,-0.01,164,151477,卖盘
10:07:09,9.24,0.01,196,181114,中性盘
10:07:12,9.24,0.0,250,231163,卖盘
10:07:15,9.24,0.0,142,131219,卖盘
10:07:18,9.24,0.0,18,16643,卖盘
10:07:21,9.25,0.01,297,274326,买盘
10:07:24,9.25,0.0,200,184953,买盘
10:07:27,9.25,0.0,80,74000,买盘
10:07:30,9.24,-0.01,209,193234,卖盘
10:07:33,9.24,0.0,68,62847,卖盘
10:07:36,9.25,0.01,114,105430,买盘
10:07:39,9.24,-0.01,151,139551,卖盘
10:07:42,9.25,0.01,86,79549,买盘
10:07:45,9.24,-0.01,426,393802,卖盘
10:07:48,9.25,0.01,871,805658,买盘
10:07:51,9.24,-0.01,96,88745,卖盘
10:07:54,9.24,0.0,163,150700,卖盘
10:07:57,9.25,0.01,553,511508,买盘
10:08:00,9.26,0.01,441,407928,买盘
10:08:03,9.26,0.0,3,2777,买盘
10:08:06,9.26,0.0,13,12031,买盘
10:08:09,9.26,0.0,72,66447,买盘
10:08:12,9.26,0.0,70,64869,卖盘
10:08:15,9.26,0.0,41,37967,卖盘
10:08:18,9.27,0.01,534,494619,买盘
10:08:21,9.27,0.0,151,139991,卖盘
10:08:24,9.28,0.01,18,16694,买盘
10:08:27,9.28,0.0,189,175392,买盘
10:08:30,9.29,0.01,30,27842,买盘
10:08:33,9.28,-0.01,29,26918,卖盘
10:08:36,9.29,0.01,273,253616,买盘
10:08:39,9.28,-0.01,380,352952,卖盘
10:08:42,9.29,0.01,218,202419,买盘
10:08:45,9.27,-0.02,1254,1164158,卖盘
10:08:48,9.27,0.0,39,36153,买盘
10:08:51,9.26,-0.01,285,264180,卖盘
10:08:54,9.27,0.01,149,138125,买盘
10:08:57,9.27,0.0,18,16686,卖盘
10:09:00,9.27,0.0,167,154830,卖盘
10:09:03,9.27,0.0,652,604434,卖盘
10:09:06,9.28,0.01,1877,1741695,买盘
10:09:09,9.27,-0.01,118,109381,卖盘
10:09:12,9.28,0.01,182,168785,买盘
10:09:15,9.27,-0.01,49,45461,卖盘
10:09:18,9.28,0.01,175,162275,买盘
10:09:21,9.29,0.01,311,288878,买盘
10:09:24,9.29,0.0,2,1858,卖盘
10:09:27,9.29,0.0,54,50176,卖盘
10:09:30,9.29,0.0,138,128211,卖盘
10:09:33,9.29,0.0,74,68754,卖盘
10:09:36,9.3,0.01,397,369185,买盘
10:09:39,9.29,-0.01,61,56690,卖盘
10:09:42,9.29,0.0,69,64134,卖盘
10:09:45,9.29,0.0,206,191383,卖盘
10:09:48,9.28,-0.01,76,70543,卖盘
10:09:51,9.28,0.0,113,104945,卖盘
10:09:54,9.29,0.01,118,109554,买盘
10:09:57,9.28,-0.01,68,63152,卖盘
10:10:00,9.28,0.0,190,176325,卖盘
10:10:03,9.28,0.0,640,594411,卖盘
10:10:06,9.28,0.0,80,74209,买盘
10:10:09,9.28,0.0,96,89005,买盘
10:10:12,9.28,0.0,66,61248,买盘
10:10:15,9.27,-0.01,22,20396,卖盘
10:10:18,9.27,0.0,35,32470,卖盘
10:10:21,9.26,-0.01,212,196454,卖盘
10:10:24,9.27,0.01,930,862972,买盘
10:10:27,9.27,0.0,82,76014,卖盘
10:10:30,9.27,0.0,556,515786,买盘
10:10:33,9.27,0.0,121,112167,买盘
10:10:36,9.26,-0.01,380,352176,卖盘
10:10:39,9.27,0.01,211,195607,中性盘
10:10:42,9.26,-0.01,93,86139,卖盘
10:10:45,9.27,0.01,22,20382,买盘
10:10:48,9.27,0.0,335,310510,买盘
10:10:51,9.27,0.0,81,75087,买盘
10:10:54,9.27,0.0,65,60255,卖盘
10:10:57,9.27,0.0,49,45423,卖盘
10:11:00,9.27,0.0,79,73239,卖盘
10:11:03,9.27,0.0,6,5567,卖盘
10:11:06,9.28,0.01,44,40822,买盘
10:11:09,9.28,0.0,1245,1155168,买盘
10:11:12,9.28,0.0,10,9280,卖盘
10:11:15,9.28,0.0,16,14848,卖盘
10:11:18,9.28,0.0,86,79845,卖盘
10:11:21,9.3,0.02,992,921569,买盘
10:11:24,9.3,0.0,1224,1137429,买盘
10:11:27,9.3,0.0,21,19527,买盘
10:11:30,9.3,0.0,147,136610,买盘
10:11:33,9.29,-0.01,191,177620,卖盘
10:11:36,9.3,0.01,73,67877,买盘
10:11:39,9.29,-0.01,28,26039,卖盘
10:11:42,9.3,0.01,628,584040,买盘
10:11:45,9.3,0.0,214,199003,买盘
10:11:48,9.3,0.0,233,216689,买盘
10:11:51,9.3,0.0,362,336660,买盘
10:11:54,9.3,0.0,217,201809,买盘
10:11:57,9.3,0.0,88,81840,买盘
10:12:00,9.3,0.0,139,129270,买盘
10:12:03,9.3,0.0,124,115320,买盘
10:12:06,9.3,0.0,229,212958,买盘
10:12:09,9.29,-0.01,154,143219,卖盘
10:12:12,9.3,0.01,171,159002,买盘
10:12:15,9.3,0.0,40,37212,卖盘
10:12:18,9.3,0.0,10,9300,卖盘
10:12:21,9.31,0.01,32,29785,买盘
10:12:24,9.3,-0.01,8,7440,卖盘
10:12:27,9.3,0.0,13,12102,卖盘
10:12:30,9.3,0.0,24,22334,卖盘
10:12:33,9.31,0.01,53,49311,买盘
10:12:36,9.31,0.0,138,128474,买盘
10:12:39,9.31,0.0,407,378972,买盘
10:12:42,9.31,0.0,97,90307,卖盘
10:12:45,9.32,0.01,381,355052,买盘
10:12:48,9.32,0.0,251,233707,买盘
10:12:51,9.32,0.0,306,285191,买盘
10:12:54,9.32,0.0,372,346674,买盘
10:12:57,9.31,-0.01,229,213251,卖盘
10:13:00,9.3,-0.01,73,67937,卖盘
10:13:03,9.31,0.01,86,80055,买盘
10:13:06,9.31,0.0,1110,1032388,买盘
10:13:09,9.31,0.0,91,84607,买盘
10:13:12,9.3,-0.01,117,108850,卖盘
10:13:15,9.29,-0.01,98,91172,卖盘
10:13:18,9.3,0.01,121,112584,买盘
10:13:21,9.28,-0.02,591,549055,卖盘
10:13:24,9.3,0.02,56,52018,买盘
10:13:27,9.28,-0.02,82,76137,卖盘
10:13:30,9.28,0.0,29,26913,卖盘
10:13:33,9.28,0.0,58,53857,卖盘
10:13:36,9.28,0.0,59,54757,卖盘
10:13:39,9.28,0.0,66,61259,卖盘
10:13:42,9.28,0.0,111,103033,卖盘
10:13:45,9.28,0.0,270,250569,卖盘
10:13:48,9.28,0.0,7,6502,卖盘
10:13:51,9.27,-0.01,62,57500,卖盘
10:13:54,9.27,0.0,44,40800,卖盘
10:13:57,9.27,0.0,57,52890,卖盘
10:14:00,9.27,0.0,60,55644,卖盘
10:14:03,9.27,0.0,50,46366,卖盘
10:14:06,9.27,0.0,92,85318,卖盘
10:14:09,9.27,0.0,68,63047,卖盘
10:14:12,9.27,0.0,114,105678,卖盘
10:14:15,9.27,0.0,77,71399,买盘
10:14:18,9.26,-0.01,64,59310,卖盘
10:14:21,9.26,0.0,13,12039,卖盘
10:14:24,9.26,0.0,272,251944,卖盘
10:14:27,9.26,0.0,90,83344,卖盘
10:14:30,9.27,0.01,334,309566,买盘
10:14:33,9.26,-0.01,25,23165,卖盘
10:14:36,9.27,0.01,232,215062,买盘
10:14:39,9.27,0.0,49,45423,卖盘
10:14:42,9.27,0.0,14,12978,卖盘
10:14:45,9.27,0.0,255,236395,卖盘
10:14:48,9.28,0.01,307,284870,买盘
10:14:51,9.27,-0.01,74,68622,卖盘
10:14:54,9.27,0.0,38,35256,卖盘
10:14:57,9.28,0.01,362,335645,买盘
10:15:00,9.27,-0.01,35,32460,卖盘
10:15:03,9.27,0.0,212,196618,卖盘
10:15:06,9.27,0.0,129,119611,卖盘
10:15:09,9.26,-0.01,1475,1366892,卖盘
10:15:12,9.26,0.0,528,488568,买盘
10:15:15,9.25,-0.01,34,31450,卖盘
10:15:18,9.25,0.0,164,151862,卖盘
10:15:21,9.26,0.01,245,226549,买盘
10:15:24,9.26,0.0,67,61985,买盘
10:15:27,9.25,-0.01,163,150860,卖盘
10:15:30,9.26,0.01,63,58348,中性盘
10:15:33,9.26,0.0,41,37967,卖盘
10:15:36,9.26,0.0,72,66720,卖盘
10:15:39,9.26,0.0,74,68534,卖盘
10:15:42,9.27,0.01,277,256634,买盘
10:15:45,9.27,0.0,51,47270,买盘
10:15:48,9.27,0.0,128,118629,买盘
10:15:51,9.27,0.0,194,179749,买盘
10:15:54,9.27,0.0,234,216983,买盘
10:15:57,9.27,0.0,33,30596,卖盘
10:16:00,9.27,0.0,14,12979,卖盘
10:16:03,9.27,0.0,53,49151,卖盘
10:16:06,9.27,0.0,140,129807,卖盘
10:16:09,9.27,0.0,231,214204,卖盘
10:16:12,9.27,0.0,331,306659,卖盘
10:16:15,9.28,0.01,97,89900,买盘
10:16:18,9.27,-0.01,31,28713,卖盘
10:16:21,9.26,-0.01,70,64876,卖盘
10:16:24,9.27,0.01,49,45423,中性盘
10:16:27,9.26,-0.01,94,87068,卖盘
10:16:30,9.28,0.02,113,104752,买盘
10:16:33,9.26,-0.02,74,68549,卖盘
10:16:36,9.28,0.02,192,178111,买盘
10:16:39,9.26,-0.02,73,67642,卖盘
10:16:42,9.26,0.0,422,391190,卖盘
10:16:45,9.26,0.0,115,106643,中性盘
10:16:48,9.28,0.02,30,27800,买盘
10:16:51,9.26,-0.02,64,59275,卖盘
10:16:54,9.26,0.0,22,20373,卖盘
10:16:57,9.27,0.01,82,75944,买盘
10:17:00,9.26,-0.01,87,80562,卖盘
10:17:03,9.26,0.0,19,17607,卖盘
10:17:06,9.25,-0.01,167,154603,卖盘
10:17:09,9.25,0.0,440,407294,卖盘
10:17:12,9.26,0.01,792,732611,买盘
10:17:15,9.26,0.0,566,523881,买盘
10:17:18,9.27,0.01,299,277316,买盘
10:17:21,9.25,-0.02,18,16665,卖盘
10:17:24,9.26,0.01,37,34270,中性盘
10:17:27,9.24,-0.02,44,40691,卖盘
10:17:30,9.25,0.01,136,125850,买盘
10:17:33,9.25,0.0,108,99898,卖盘
10:17:36,9.25,0.0,15,13866,买盘
10:17:39,9.24,-0.01,583,538725,卖盘
10:17:42,9.24,0.0,60,55440,卖盘
10:17:45,9.24,0.0,24,22180,卖盘
10:17:48,9.24,0.0,605,559020,卖盘
10:17:51,9.23,-0.01,282,260567,卖盘
10:17:54,9.23,0.0,58,53545,卖盘
10:17:57,9.23,0.0,15,13852,卖盘
10:18:00,9.23,0.0,67,61844,卖盘
10:18:03,9.23,0.0,747,689491,卖盘
10:18:06,9.23,0.0,37,34139,买盘
10:18:09,9.22,-0.01,51,47062,卖盘
10:18:12,9.23,0.01,141,130014,买盘
10:18:15,9.22,-0.01,63,58131,卖盘
10:18:18,9.22,0.0,218,201004,卖盘
10:18:21,9.23,0.01,44,40582,买盘
10:18:24,9.22,-0.01,592,545905,卖盘
10:18:27,9.23,0.01,574,529344,买盘
10:18:30,9.23,0.0,69,63689,卖盘
10:18:33,9.22,-0.01,298,274786,卖盘
10:18:36,9.22,0.0,330,304254,买盘
10:18:39,9.21,-0.01,138,127107,卖盘
10:18:42,9.21,0.0,108,99480,卖盘
10:18:45,9.21,0.0,161,148283,卖盘
10:18:48,9.21,0.0,125,115200,卖盘
10:18:51,9.21,0.0,937,862994,卖盘
10:18:54,9.21,0.0,381,350907,卖盘
10:18:57,9.21,0.0,139,128014,卖盘
10:19:00,9.21,0.0,76,69992,买盘
10:19:03,9.21,0.0,35,32216,买盘
10:19:06,9.21,0.0,93,85653,买盘
10:19:09,9.21,0.0,2085,1918254,买盘
10:19:12,9.21,0.0,415,382225,买盘
10:19:15,9.2,-0.01,2007,1846887,卖盘
10:19:18,9.21,0.01,407,374493,中性盘
10:19:21,9.21,0.0,270,248611,卖盘
10:19:24,9.21,0.0,110,101261,买盘
10:19:27,9.2,-0.01,373,343165,卖盘
10:19:30,9.2,0.0,90,82800,买盘
10:19:33,9.2,0.0,164,150744,买盘
10:19:36,9.19,-0.01,1068,981525,卖盘
10:19:39,9.19,0.0,86,78973,买盘
10:19:42,9.18,-0.01,124,113840,卖盘
10:19:45,9.19,0.01,172,158000,买盘
10:19:48,9.18,-0.01,289,265307,卖盘
10:19:51,9.18,0.0,475,436333,卖盘
10:19:54,9.18,0.0,1295,1188979,卖盘
10:19:57,9.18,0.0,849,779316,买盘
10:20:00,9.18,0.0,319,292596,买盘
10:20:03,9.18,0.0,821,753086,买盘
10:20:06,9.16,-0.02,296,271413,卖盘
10:20:09,9.17,0.01,275,252108,买盘
10:20:12,9.17,0.0,113,103649,买盘
10:20:15,9.18,0.01,304,278936,买盘
10:20:18,9.17,-0.01,1358,1245326,卖盘
10:20:21,9.17,0.0,623,571270,买盘
10:20:24,9.16,-0.01,672,616169,卖盘
10:20:27,9.16,0.0,249,228189,卖盘
10:20:30,9.17,0.01,622,570282,买盘
10:20:33,9.16,-0.01,1917,1756177,卖盘
10:20:36,9.17,0.01,585,535903,买盘
10:20:39,9.15,-0.02,384,351772,卖盘
10:20:42,9.16,0.01,241,220708,中性盘
10:20:45,9.17,0.01,355,325075,买盘
10:20:48,9.16,-0.01,468,428753,卖盘
10:20:51,9.16,0.0,105,96152,买盘
10:20:54,9.16,0.0,158,144627,买盘
10:20:57,9.16,0.0,409,374280,买盘
10:21:00,9.16,0.0,382,349777,买盘
10:21:03,9.15,-0.01,921,842720,卖盘
10:21:06,9.14,-0.01,109,99709,卖盘
10:21:09,9.15,0.01,232,212190,买盘
10:21:12,9.14,-0.01,204,186492,卖盘
10:21:15,9.13,-0.01,37,33805,卖盘
10:21:18,9.13,0.0,331,302271,卖盘
10:21:21,9.13,0.0,204,186099,买盘
10:21:24,9.12,-0.01,3754,3428889,卖盘
10:21:27,9.12,0.0,529,482437,买盘
10:21:30,9.11,-0.01,2551,2324612,卖盘
10:21:33,9.12,0.01,201,183316,卖盘
10:21:36,9.12,0.0,222,202443,卖盘
10:21:39,9.11,-0.01,266,242347,卖盘
10:21:42,9.11,0.0,1011,920388,买盘
10:21:45,9.11,0.0,1084,988027,卖盘
10:21:48,9.11,0.0,616,561038,买盘
10:21:51,9.11,0.0,308,280497,买盘
10:21:54,9.11,0.0,282,256831,买盘
10:21:57,9.11,0.0,368,334963,买盘
10:22:00,9.11,0.0,202,183917,买盘
10:22:03,9.1,-0.01,544,495267,卖盘
10:22:06,9.13,0.03,2786,2540244,买盘
10:22:09,9.14,0.01,2748,2504996,买盘
10:22:12,9.15,0.01,152,138728,买盘
10:22:15,9.15,0.0,66,60346,买盘
10:22:18,9.16,0.01,139,127231,买盘
10:22:21,9.16,0.0,166,152048,买盘
10:22:24,9.15,-0.01,1841,1684868,卖盘
10:22:27,9.15,0.0,386,353174,买盘
10:22:30,9.15,0.0,50,45750,买盘
10:22:33,9.15,0.0,263,240456,买盘
10:22:36,9.14,-0.01,116,106055,卖盘
10:22:39,9.14,0.0,197,180058,买盘
10:22:42,9.14,0.0,71,64892,买盘
10:22:45,9.14,0.0,154,140738,买盘
10:22:48,9.14,0.0,261,238566,卖盘
10:22:51,9.14,0.0,235,214700,买盘
10:22:54,9.14,0.0,100,91383,买盘
10:22:57,9.13,-0.01,109,99554,卖盘
10:23:00,9.14,0.01,126,115078,买盘
10:23:03,9.13,-0.01,148,135134,卖盘
10:23:06,9.13,0.0,84,76651,买盘
10:23:09,9.13,0.0,100,91290,买盘
10:23:12,9.13,0.0,361,329452,买盘
10:23:15,9.12,-0.01,387,352944,卖盘
10:23:18,9.12,0.0,1594,1453724,买盘
10:23:21,9.13,0.01,153,139546,买盘
10:23:24,9.13,0.0,14,12779,买盘
10:23:27,9.12,-0.01,1485,1354416,卖盘
10:23:30,9.12,0.0,373,340168,买盘
10:23:33,9.12,0.0,132,120376,买盘
10:23:36,9.12,0.0,167,152290,买盘
10:23:39,9.12,0.0,307,279758,买盘
10:23:42,9.12,0.0,34,31008,卖盘
10:23:45,9.12,0.0,25,22809,卖盘
10:23:48,9.12,0.0,143,130532,卖盘
10:23:51,9.13,0.01,80,72988,买盘
10:23:54,9.12,-0.01,527,480620,卖盘
10:23:57,9.12,0.0,122,111237,买盘
10:24:00,9.12,0.0,186,169617,买盘
10:24:03,9.12,0.0,247,225203,买盘
10:24:06,9.11,-0.01,946,862271,卖盘
10:24:09,9.12,0.01,181,164946,买盘
10:24:12,9.11,-0.01,140,127576,卖盘
10:24:15,9.12,0.01,169,153980,买盘
10:24:18,9.11,-0.01,856,779816,卖盘
10:24:21,9.11,0.0,130,118430,买盘
10:24:24,9.11,0.0,92,83757,买盘
10:24:27,9.1,-0.01,342,311326,卖盘
10:24:30,9.11,0.01,42,38236,买盘
10:24:33,9.11,0.0,128,116536,买盘
10:24:36,9.11,0.0,106,96505,买盘
10:24:39,9.11,0.0,117,106537,买盘
10:24:42,9.11,0.0,1148,1045903,买盘
10:24:45,9.1,-0.01,1689,1537174,卖盘
10:24:48,9.1,0.0,76,69160,买盘
10:24:51,9.1,0.0,153,139156,买盘
10:24:54,9.09,-0.01,1213,1102704,卖盘
10:24:57,9.09,0.0,1051,955404,买盘
10:25:00,9.1,0.01,4384,3981707,买盘
10:25:03,9.09,-0.01,43,39084,中性盘
10:25:06,9.09,0.0,2129,1931015,买盘
10:25:09,9.08,-0.01,84,76324,卖盘
10:25:12,9.08,0.0,184,167226,买盘
10:25:15,9.09,0.01,2145,1945585,买盘
10:25:18,9.1,0.01,488,442991,买盘
10:25:21,9.08,-0.02,500,455148,卖盘
10:25:24,9.09,0.01,1819,1654006,卖盘
10:25:27,9.1,0.01,236,214560,买盘
10:25:30,9.09,-0.01,206,187207,卖盘
10:25:33,9.1,0.01,113,102730,买盘
10:25:36,9.1,0.0,264,239999,买盘
10:25:39,9.1,0.0,2639,2390853,买盘
10:25:42,9.09,-0.01,57,51852,卖盘
10:25:45,9.1,0.01,331,301167,买盘
10:25:48,9.09,-0.01,114,103699,卖盘
10:25:51,9.1,0.01,158,143680,买盘
10:25:54,9.1,0.0,108,98200,买盘
10:25:57,9.09,-0.01,214,194627,卖盘
10:26:00,9.09,0.0,575,522888,卖盘
10:26:03,9.09,0.0,129,117245,买盘
10:26:06,9.07,-0.02,120,108956,卖盘
10:26:09,9.08,0.01,138,125363,买盘
10:26:12,9.08,0.0,184,167044,卖盘
10:26:15,9.07,-0.01,64,58110,卖盘
10:26:18,9.08,0.01,138,125247,买盘
10:26:21,9.09,0.01,92,83496,买盘
10:26:24,9.07,-0.02,66,59898,卖盘
10:26:27,9.07,0.0,570,517233,卖盘
10:26:30,9.07,0.0,2082,1889416,卖盘
10:26:33,9.09,0.02,307,278371,买盘
10:26:36,9.1,0.01,28,25478,买盘
10:26:39,9.09,-0.01,31,28183,卖盘
10:26:42,9.09,0.0,324,294513,买盘
10:26:45,9.08,-0.01,210,190882,卖盘
10:26:48,9.08,0.0,117,106346,卖盘
10:26:51,9.09,0.01,43,39066,买盘
10:26:54,9.08,-0.01,150,136237,卖盘
10:26:57,9.08,0.0,374,339608,卖盘
10:27:00,9.09,0.01,252,228902,买盘
10:27:03,9.08,-0.01,138,125310,卖盘
10:27:06,9.1,0.02,795,722949,买盘
10:27:09,9.13,0.03,304,276652,买盘
10:27:12,9.14,0.01,86,78515,买盘
10:27:15,9.14,0.0,124,113425,买盘
10:27:18,9.15,0.01,62,56669,买盘
10:27:21,9.15,0.0,33,30190,买盘
10:27:24,9.15,0.0,174,159592,买盘
10:27:27,9.14,-0.01,588,537183,卖盘
10:27:30,9.13,-0.01,221,201810,卖盘
10:27:33,9.13,0.0,235,214555,买盘
10:27:36,9.14,0.01,87,79437,买盘
10:27:39,9.14,0.0,69,63033,买盘
10:27:42,9.15,0.01,17,15544,买盘
10:27:45,9.15,0.0,17,15554,买盘
10:27:48,9.15,0.0,93,85130,买盘
10:27:51,9.14,-0.01,919,840050,卖盘
10:27:54,9.14,0.0,144,131599,买盘
10:27:57,9.14,0.0,123,112422,买盘
10:28:00,9.14,0.0,250,228470,买盘
10:28:03,9.14,0.0,561,512761,买盘
10:28:06,9.14,0.0,7,6398,卖盘
10:28:09,9.14,0.0,1271,1161704,卖盘
10:28:12,9.11,-0.03,664,606088,卖盘
10:28:15,9.13,0.02,246,224513,买盘
10:28:18,9.12,-0.01,70,63876,中性盘
10:28:21,9.12,0.0,390,356027,买盘
10:28:24,9.11,-0.01,247,225123,卖盘
10:28:27,9.11,0.0,80,72880,买盘
10:28:30,9.11,0.0,441,401584,买盘
10:28:33,9.1,-0.01,259,235939,卖盘
10:28:36,9.11,0.01,106,96556,买盘
10:28:39,9.11,0.0,305,277823,买盘
10:28:42,9.13,0.02,232,211384,买盘
10:28:45,9.13,0.0,48,43738,买盘
10:28:48,9.11,-0.02,961,875579,卖盘
10:28:51,9.11,0.0,54,49194,买盘
10:28:54,9.11,0.0,337,307007,买盘
10:28:57,9.11,0.0,37,33707,买盘
10:29:00,9.13,0.02,280,254892,买盘
10:29:03,9.11,-0.02,21,19131,卖盘
10:29:06,9.13,0.02,14,12768,买盘
10:29:09,9.11,-0.02,205,187352,卖盘
10:29:12,9.12,0.01,66,60193,卖盘
10:29:15,9.09,-0.03,1980,1801859,卖盘
10:29:18,9.08,-0.01,116,105508,卖盘
10:29:21,9.12,0.04,16,14591,买盘
10:29:24,9.1,-0.02,31,28195,买盘
10:29:27,9.09,-0.01,117,106374,卖盘
10:29:30,9.09,0.0,150,136325,买盘
10:29:33,9.09,0.0,95,86325,买盘
10:29:36,9.09,0.0,60,54540,买盘
10:29:39,9.08,-0.01,78,70881,卖盘
10:29:42,9.09,0.01,557,505933,卖盘
10:29:48,9.09,0.0,43,39124,卖盘
10:29:51,9.1,0.01,192,174599,买盘
10:29:54,9.08,-0.02,64,58174,卖盘
10:29:57,9.09,0.01,116,105433,买盘
10:30:00,9.09,0.0,73,66316,买盘
10:30:03,9.09,0.0,160,145451,买盘
10:30:06,9.07,-0.02,702,637464,卖盘
10:30:09,9.07,0.0,34,30854,卖盘
10:30:12,9.08,0.01,110,99848,买盘
10:30:15,9.08,0.0,154,139846,买盘
10:30:18,9.09,0.01,75,68166,买盘
10:30:21,9.08,-0.01,66,59936,卖盘
10:30:24,9.08,0.0,11,9988,卖盘
10:30:27,9.08,0.0,19,17252,卖盘
10:30:30,9.08,0.0,824,748192,卖盘
10:30:33,9.07,-0.01,489,443872,卖盘
10:30:36,9.07,0.0,739,670227,卖盘
10:30:39,9.07,0.0,29,26305,卖盘
10:30:42,9.08,0.01,298,270494,买盘
10:30:45,9.07,-0.01,308,279386,卖盘
10:30:48,9.07,0.0,108,97932,买盘
10:30:51,9.07,0.0,267,242169,买盘
10:30:54,9.07,0.0,93,84351,买盘
10:30:57,9.08,0.01,1335,1209410,买盘
10:31:00,9.07,-0.01,122,110664,卖盘
10:31:03,9.08,0.01,166,150575,买盘
10:31:06,9.08,0.0,34,30841,买盘
10:31:09,9.08,0.0,20,18143,买盘
10:31:12,9.08,0.0,87,78961,买盘
10:31:15,9.08,0.0,83,75300,买盘
10:31:18,9.08,0.0,340,308580,买盘
10:31:21,9.07,-0.01,56,50820,卖盘
10:31:24,9.08,0.01,576,523008,买盘
10:31:27,9.08,0.0,251,227908,卖盘
10:31:30,9.08,0.0,36,32689,买盘
10:31:33,9.08,0.0,66,59928,卖盘
10:31:36,9.09,0.01,141,127999,买盘
10:31:39,9.09,0.0,7,6363,买盘
10:31:42,9.09,0.0,31,28179,买盘
10:31:45,9.09,0.0,237,215409,买盘
10:31:48,9.09,0.0,72,65378,买盘
10:31:51,9.08,-0.01,152,138160,卖盘
10:31:54,9.09,0.01,76,69044,买盘
10:31:57,9.09,0.0,74,67264,买盘
10:32:00,9.08,-0.01,1186,1077257,卖盘
10:32:03,9.08,0.0,38,34474,买盘
10:32:06,9.07,-0.01,498,452083,卖盘
10:32:09,9.08,0.01,26,23599,买盘
10:32:12,9.08,0.0,35,31763,买盘
10:32:15,9.09,0.01,296,268975,买盘
10:32:18,9.09,0.0,60,54529,卖盘
10:32:21,9.06,-0.03,1046,948860,卖盘
10:32:24,9.07,0.01,146,132422,买盘
10:32:27,9.06,-0.01,61,55290,卖盘
10:32:30,9.06,0.0,74,67080,卖盘
10:32:33,9.06,0.0,816,739606,卖盘
10:32:36,9.06,0.0,98,88776,买盘
10:32:39,9.06,0.0,1058,957547,买盘
10:32:42,9.06,0.0,16,14491,买盘
10:32:45,9.05,-0.01,305,276025,买盘
10:32:48,9.05,0.0,342,309322,买盘
10:32:51,9.04,-0.01,197,178202,卖盘
10:32:54,9.04,0.0,118,106668,买盘
10:32:57,9.04,0.0,33,29817,买盘
10:33:00,9.04,0.0,232,209722,买盘
10:33:03,9.03,-0.01,280,252922,卖盘
10:33:06,9.05,0.02,482,435667,买盘
10:33:09,9.03,-0.02,1971,1780516,卖盘
10:33:12,9.03,0.0,707,638440,买盘
10:33:15,9.05,0.02,138,124798,买盘
10:33:18,9.03,-0.02,3326,3001921,卖盘
10:33:21,9.04,0.01,142,128304,中性盘
10:33:24,9.03,-0.01,114,103052,卖盘
10:33:27,9.03,0.0,1527,1379209,卖盘
10:33:30,9.03,0.0,162,146265,买盘
10:33:33,9.01,-0.02,609,549166,卖盘
10:33:36,9.03,0.02,99,89334,买盘
10:33:39,9.03,0.0,18,16243,买盘
10:33:42,9.03,0.0,151,136217,买盘
10:33:45,9.02,-0.01,466,420274,卖盘
10:33:48,9.02,0.0,713,643126,买盘
10:33:51,9.03,0.01,861,776672,买盘
10:33:54,9.03,0.0,146,131723,买盘
10:33:57,9.02,-0.01,2315,2086639,卖盘
10:34:00,9.03,0.01,155,139951,买盘
10:34:03,9.03,0.0,250,225722,买盘
10:34:06,9.07,0.04,846,765930,买盘
10:34:09,9.09,0.02,656,595870,买盘
10:34:12,9.04,-0.05,2372,2148004,卖盘
10:34:15,9.08,0.04,216,196536,买盘
10:34:18,9.1,0.02,161,146385,买盘
10:34:21,9.1,0.0,156,142015,买盘
10:34:24,9.08,-0.02,322,292519,卖盘
10:34:27,9.08,0.0,52,47216,买盘
10:34:30,9.08,0.0,25,22697,买盘
10:34:33,9.09,0.01,52,47272,买盘
10:34:36,9.1,0.01,111,100967,买盘
10:34:39,9.1,0.0,21,19110,卖盘
10:34:42,9.11,0.01,185,168505,买盘
10:34:45,9.11,0.0,72,65592,买盘
10:34:48,9.12,0.01,52,47389,买盘
10:34:51,9.12,0.0,387,352944,买盘
10:34:54,9.12,0.0,303,276471,买盘
10:34:57,9.13,0.01,9,8218,中性盘
10:35:00,9.13,0.0,1055,962271,卖盘
10:35:03,9.13,0.0,201,183566,买盘
10:35:06,9.13,0.0,187,170783,买盘
10:35:09,9.12,-0.01,1672,1526642,卖盘
10:35:12,9.12,0.0,136,124021,买盘
10:35:15,9.13,0.01,112,102177,买盘
10:35:18,9.13,0.0,48,43852,卖盘
10:35:21,9.14,0.01,145,132460,买盘
10:35:24,9.13,-0.01,291,265683,卖盘
10:35:27,9.13,0.0,86,78518,买盘
10:35:30,9.13,0.0,303,276570,买盘
10:35:33,9.12,-0.01,270,246400,卖盘
10:35:36,9.13,0.01,190,173405,买盘
10:35:39,9.13,0.0,159,145117,买盘
10:35:42,9.12,-0.01,83,75702,卖盘
10:35:45,9.13,0.01,28,25554,买盘
10:35:48,9.1,-0.03,617,562263,卖盘
10:35:51,9.11,0.01,32,29141,买盘
10:35:54,9.11,0.0,1260,1148926,买盘
10:35:57,9.1,-0.01,163,148434,卖盘
10:36:00,9.11,0.01,67,61037,买盘
10:36:03,9.11,0.0,41,37351,买盘
10:36:06,9.1,-0.01,561,510594,卖盘
10:36:09,9.1,0.0,290,263900,买盘
10:36:12,9.1,0.0,725,659750,买盘
10:36:15,9.11,0.01,30,27310,买盘
10:36:18,9.12,0.01,197,179454,买盘
10:36:21,9.09,-0.03,831,756736,卖盘
10:36:24,9.09,0.0,473,429957,买盘
10:36:27,9.09,0.0,194,176346,买盘
10:36:30,9.09,0.0,106,96354,买盘
10:36:33,9.09,0.0,144,130896,买盘
10:36:39,9.09,0.0,59,53653,卖盘
10:36:42,9.1,0.01,2,1820,买盘
10:36:45,9.1,0.0,4,3640,买盘
10:36:48,9.1,0.0,4,3640,买盘
10:36:51,9.09,-0.01,410,372771,卖盘
10:36:54,9.09,0.0,34,30906,买盘
10:36:57,9.08,-0.01,1032,937070,卖盘
10:37:03,9.07,-0.01,26,23599,卖盘
10:37:06,9.08,0.01,34,30863,买盘
10:37:09,9.08,0.0,63,57193,买盘
10:37:12,9.07,-0.01,12,10884,卖盘
10:37:15,9.07,0.0,3059,2766477,卖盘
10:37:18,9.07,0.0,10,9070,买盘
10:37:21,9.08,0.01,140,126898,买盘
10:37:24,9.07,-0.01,113,102493,卖盘
10:37:27,9.08,0.01,47,42676,买盘
10:37:30,9.09,0.01,107,97266,买盘
10:37:33,9.09,0.0,5,4545,卖盘
10:37:36,9.1,0.01,4,3640,买盘
10:37:39,9.08,-0.02,325,295389,卖盘
10:37:42,9.09,0.01,243,220803,买盘
10:37:45,9.09,0.0,23,20907,买盘
10:37:48,9.09,0.0,35,31812,买盘
10:37:51,9.1,0.01,76,69105,买盘
10:37:54,9.07,-0.03,358,324911,卖盘
10:37:57,9.08,0.01,77,69884,买盘
10:38:00,9.07,-0.01,140,127036,卖盘
10:38:03,9.08,0.01,74,67214,中性盘
10:38:06,9.09,0.01,63,57208,买盘
10:38:12,9.08,-0.01,544,493977,卖盘
10:38:15,9.08,0.0,11,9988,买盘
10:38:18,9.08,0.0,130,118040,买盘
10:38:21,9.08,0.0,20,18160,买盘
10:38:24,9.08,0.0,200,181600,买盘
10:38:27,9.08,0.0,60,54443,买盘
10:38:30,9.08,0.0,96,87208,买盘
10:38:33,9.08,0.0,2,1816,卖盘
10:38:36,9.08,0.0,154,139831,卖盘
10:38:39,9.08,0.0,61,55375,买盘
10:38:42,9.07,-0.01,102,92576,卖盘
10:38:45,9.07,0.0,54,48998,卖盘
10:38:48,9.08,0.01,28,25418,买盘
10:38:51,9.08,0.0,10,9080,买盘
10:38:57,9.08,0.0,86,78094,卖盘
10:39:00,9.09,0.01,5,4545,买盘
10:39:03,9.09,0.0,43,39084,买盘
10:39:06,9.09,0.0,50,45450,买盘
10:39:09,9.08,-0.01,888,806424,卖盘
10:39:12,9.05,-0.03,1410,1277926,卖盘
10:39:15,9.04,-0.01,268,242381,卖盘
10:39:18,9.03,-0.01,7,6321,卖盘
10:39:21,9.03,0.0,169,152700,卖盘
10:39:24,9.04,0.01,9,8136,买盘
10:39:27,9.03,-0.01,45,40641,卖盘
10:39:30,9.03,0.0,552,498466,卖盘
10:39:33,9.03,0.0,48,43344,买盘
10:39:36,9.02,-0.01,17,15348,卖盘
10:39:39,9.03,0.01,215,194145,买盘
10:39:42,9.03,0.0,86,77658,卖盘
10:39:45,9.03,0.0,274,247433,卖盘
10:39:48,9.04,0.01,289,261202,买盘
10:39:51,9.03,-0.01,41,37041,卖盘
10:39:54,9.03,0.0,149,134542,买盘
10:39:57,9.02,-0.01,85,76706,卖盘
10:40:00,9.03,0.01,64,57792,买盘
10:40:03,9.02,-0.01,114,102880,卖盘
10:40:06,9.02,0.0,960,865936,卖盘
10:40:09,9.02,0.0,709,639518,买盘
10:40:12,9.03,0.01,169,152480,买盘
10:40:15,9.02,-0.01,235,212016,卖盘
10:40:18,9.02,0.0,1588,1430868,卖盘
10:40:21,9.03,0.01,95,85776,买盘
10:40:24,9.02,-0.01,132,119064,卖盘
10:40:27,9.02,0.0,103,92902,买盘
10:40:30,9.01,-0.01,473,426486,卖盘
10:40:33,9.02,0.01,143,128934,买盘
10:40:36,9.02,0.0,265,238825,买盘
10:40:39,9.02,0.0,127,114464,买盘
10:40:42,9.01,-0.01,1395,1257008,卖盘
10:40:45,9.01,0.0,36,32436,买盘
10:40:48,9.01,0.0,237,213537,买盘
10:40:51,9.01,0.0,347,312645,买盘
10:40:54,9.01,0.0,40,36028,买盘
10:40:57,9.01,0.0,193,173867,买盘
10:41:00,9.0,-0.01,219,197246,卖盘
10:41:03,9.0,0.0,895,805729,卖盘
10:41:06,9.06,0.06,2908,2626320,买盘
10:41:09,9.06,0.0,63,56986,买盘
10:41:12,9.07,0.01,225,203983,买盘
10:41:15,9.02,-0.05,404,364770,卖盘
10:41:18,9.02,0.0,409,368918,买盘
10:41:21,9.02,0.0,209,188518,买盘
10:41:24,9.08,0.06,264,239098,买盘
10:41:27,9.02,-0.06,371,336548,卖盘
10:41:30,9.05,0.03,10,9050,买盘
10:41:33,9.05,0.0,71,64174,买盘
10:41:36,9.04,-0.01,112,101348,中性盘
10:41:39,9.05,0.01,4,3620,中性盘
10:41:42,9.04,-0.01,83,75065,卖盘
10:41:45,9.05,0.01,12,10860,买盘
10:41:48,9.04,-0.01,93,84070,卖盘
10:41:51,9.06,0.02,13,11778,买盘
10:41:54,9.05,-0.01,1,905,卖盘
10:41:57,9.05,0.0,161,145745,卖盘
10:42:00,9.06,0.01,57,51618,买盘
10:42:03,9.05,-0.01,63,57047,卖盘
10:42:06,9.07,0.02,4,3628,中性盘
10:42:09,9.08,0.01,92,83506,买盘
10:42:12,9.07,-0.01,57,51749,卖盘
10:42:15,9.07,0.0,147,133147,买盘
10:42:18,9.06,-0.01,30,27180,中性盘
10:42:21,9.06,0.0,45,40770,买盘
10:42:24,9.07,0.01,13,11791,卖盘
10:42:27,9.08,0.01,106,96233,买盘
10:42:30,9.07,-0.01,319,289352,卖盘
10:42:33,9.07,0.0,110,99761,买盘
10:42:36,9.07,0.0,200,181400,买盘
10:42:39,9.08,0.01,92,83468,买盘
10:42:42,9.08,0.0,9,8167,买盘
10:42:45,9.06,-0.02,748,677819,卖盘
10:42:48,9.06,0.0,54,48924,买盘
10:42:54,9.06,0.0,52,47112,买盘
10:42:57,9.08,0.02,13,11797,买盘
10:43:00,9.07,-0.01,50,45350,中性盘
10:43:03,9.07,0.0,57,51661,卖盘
10:43:06,9.07,0.0,71,64397,买盘
10:43:09,9.07,0.0,132,119724,买盘
10:43:12,9.07,0.0,93,84351,买盘
10:43:15,9.07,0.0,31,28107,买盘
10:43:18,9.06,-0.01,175,158719,卖盘
10:43:21,9.07,0.01,109,98863,买盘
10:43:24,9.07,0.0,115,104305,买盘
10:43:27,9.07,0.0,173,156821,买盘
10:43:30,9.07,0.0,29,26275,买盘
10:43:33,9.07,0.0,179,162349,买盘
10:43:36,9.06,-0.01,423,383242,卖盘
10:43:39,9.06,0.0,216,195696,买盘
10:43:42,9.06,0.0,76,68856,买盘
10:43:45,9.06,0.0,396,358776,买盘
10:43:48,9.06,0.0,97,87882,买盘
10:43:51,9.06,0.0,52,47109,买盘
10:43:54,9.05,-0.01,1303,1179282,卖盘
10:43:57,9.05,0.0,41,37105,买盘
10:44:00,9.05,0.0,5,4525,买盘
10:44:03,9.04,-0.01,73,66030,卖盘
10:44:06,9.04,0.0,350,316698,卖盘
10:44:09,9.05,0.01,9,8138,买盘
10:44:12,9.05,0.0,310,280493,买盘
10:44:15,9.05,0.0,59,53395,买盘
10:44:18,9.05,0.0,25,22625,买盘
10:44:21,9.05,0.0,135,122075,买盘
10:44:24,9.04,-0.01,124,112147,卖盘
10:44:27,9.04,0.0,35,31640,买盘
10:44:30,9.04,0.0,121,109384,买盘
10:44:33,9.03,-0.01,359,324526,卖盘
10:44:36,9.04,0.01,31,28024,买盘
10:44:39,9.04,0.0,5,4520,买盘
10:44:42,9.03,-0.01,34,30714,卖盘
10:44:45,9.03,0.0,718,648439,卖盘
10:44:48,9.03,0.0,201,181503,买盘
10:44:51,9.03,0.0,99,89378,买盘
10:44:54,9.03,0.0,92,83076,买盘
10:44:57,9.03,0.0,24,21672,买盘
10:45:00,9.03,0.0,40,36120,买盘
10:45:03,9.04,0.01,171,154416,买盘
10:45:06,9.03,-0.01,1303,1175700,卖盘
10:45:09,9.04,0.01,67,60568,买盘
10:45:12,9.04,0.0,14,12656,买盘
10:45:15,9.03,-0.01,482,435389,卖盘
10:45:18,9.03,0.0,34,30702,买盘
10:45:21,9.03,0.0,81,73143,买盘
10:45:24,9.04,0.01,488,440198,买盘
10:45:27,9.03,-0.01,12,10837,中性盘
10:45:30,9.04,0.01,33,29828,买盘
10:45:33,9.04,0.0,60,54231,买盘
10:45:36,9.04,0.0,30,27120,卖盘
10:45:39,9.03,-0.01,1272,1148922,卖盘
10:45:42,9.03,0.0,69,62307,买盘
10:45:45,9.03,0.0,247,223041,买盘
10:45:48,9.03,0.0,141,127323,买盘
10:45:51,9.03,0.0,11,9933,买盘
10:45:54,9.02,-0.01,1089,982487,卖盘
10:45:57,9.02,0.0,172,155144,买盘
10:46:03,9.02,0.0,1014,914654,卖盘
10:46:06,9.02,0.0,480,432957,买盘
10:46:09,9.02,0.0,287,258874,买盘
10:46:12,9.02,0.0,86,77572,买盘
10:46:15,9.02,0.0,106,95588,买盘
10:46:18,9.03,0.01,135,121728,买盘
10:46:21,9.02,-0.01,100,90200,卖盘
10:46:24,9.02,0.0,1430,1289862,卖盘
10:46:30,9.03,0.01,2,1806,卖盘
10:46:33,9.03,0.0,1931,1740077,卖盘
10:46:36,9.03,0.0,201,181466,买盘
10:46:39,9.03,0.0,40,36120,买盘
10:46:42,9.03,0.0,85,76755,买盘
10:46:45,9.03,0.0,62,56026,买盘
10:46:48,9.02,-0.01,813,733423,卖盘
10:46:51,9.02,0.0,286,257972,买盘
10:46:54,9.02,0.0,8,7215,买盘
10:46:57,9.02,0.0,155,139772,买盘
10:47:00,9.02,0.0,98,88396,买盘
10:47:03,9.02,0.0,39,35178,买盘
10:47:06,9.02,0.0,78,70390,买盘
10:47:09,9.03,0.01,142,128157,中性盘
10:47:12,9.02,-0.01,1814,1634798,卖盘
10:47:15,9.02,0.0,104,93786,买盘
10:47:18,9.01,-0.01,166,149592,卖盘
10:47:21,9.01,0.0,56,50456,买盘
10:47:24,9.0,-0.01,629,566257,卖盘
10:47:27,9.0,0.0,515,463550,卖盘
10:47:30,9.01,0.01,268,241262,买盘
10:47:33,9.01,0.0,168,151238,买盘
10:47:36,9.01,0.0,1175,1057540,买盘
10:47:39,9.01,0.0,187,168487,买盘
10:47:42,9.01,0.0,1933,1739903,卖盘
10:47:45,9.02,0.01,104,93808,买盘
10:47:48,9.02,0.0,63,56826,卖盘
10:47:51,9.02,0.0,337,303740,卖盘
10:47:54,9.01,-0.01,379,341721,卖盘
10:47:57,9.01,0.0,273,245972,买盘
10:48:00,9.0,-0.01,748,673824,卖盘
10:48:03,9.01,0.01,31,27932,卖盘
10:48:06,9.02,0.01,100,90200,买盘
10:48:09,9.03,0.01,10,9029,卖盘
10:48:12,9.02,-0.01,188,169797,卖盘
10:48:15,9.02,0.0,460,415795,卖盘
10:48:18,9.02,0.0,34,30698,卖盘
10:48:21,9.03,0.01,66,59565,买盘
10:48:24,9.03,0.0,101,91154,买盘
10:48:27,9.03,0.0,201,181495,卖盘
10:48:30,9.03,0.0,47,42423,买盘
10:48:33,9.02,-0.01,225,203061,卖盘
10:48:36,9.02,0.0,45,40608,卖盘
10:48:39,9.03,0.01,929,838868,买盘
10:48:42,9.03,0.0,38,34314,买盘
10:48:45,9.02,-0.01,267,240862,卖盘
10:48:48,9.02,0.0,118,106436,买盘
10:48:51,9.02,0.0,144,129888,买盘
10:48:54,9.02,0.0,73,65846,买盘
10:48:57,9.02,0.0,350,315614,买盘
10:49:00,9.02,0.0,104,93808,买盘
10:49:03,9.02,0.0,172,155144,买盘
10:49:06,9.02,0.0,51,46001,买盘
10:49:09,9.03,0.01,19,17137,买盘
10:49:12,9.01,-0.02,1117,1006450,卖盘
10:49:15,9.01,0.0,39,35139,买盘
10:49:18,9.01,0.0,97,87397,买盘
10:49:21,9.01,0.0,552,496850,买盘
10:49:24,9.01,0.0,57,51356,买盘
10:49:27,9.01,0.0,98,88298,买盘
10:49:30,9.0,-0.01,80,72059,卖盘
10:49:33,9.01,0.01,166,149531,买盘
10:49:36,9.0,-0.01,1500,1350111,卖盘
10:49:39,9.0,0.0,166,149425,卖盘
10:49:42,9.01,0.01,63,56725,买盘
10:49:45,9.0,-0.01,2144,1929613,卖盘
10:49:48,9.0,0.0,199,179247,卖盘
10:49:51,9.0,0.0,221,198900,买盘
10:49:54,9.0,0.0,174,156490,买盘
10:49:57,8.99,-0.01,323,290395,卖盘
10:50:00,9.0,0.01,67,60285,买盘
10:50:03,9.0,0.0,25,22500,买盘
10:50:06,9.0,0.0,119,107057,买盘
10:50:09,9.0,0.0,25,22499,买盘
10:50:12,9.0,0.0,118,106207,买盘
10:50:15,9.0,0.0,121,108901,卖盘
10:50:18,9.0,0.0,35,31504,卖盘
10:50:21,9.0,0.0,23,20718,卖盘
10:50:24,9.01,0.01,50,45050,中性盘
10:50:27,9.01,0.0,63,56763,卖盘
10:50:30,9.01,0.0,137,123524,卖盘
10:50:33,9.02,0.01,24,21648,买盘
10:50:36,9.02,0.0,475,428137,买盘
10:50:39,9.02,0.0,259,233566,买盘
10:50:42,9.01,-0.01,84,75717,卖盘
10:50:45,9.01,0.0,55,49585,卖盘
10:50:48,9.02,0.01,29,26158,买盘
10:50:51,9.02,0.0,117,105521,买盘
10:50:54,9.02,0.0,39,35178,买盘
10:51:00,9.02,0.0,8,7216,买盘
10:51:03,9.02,0.0,45,40590,买盘
10:51:06,9.03,0.01,120,108341,买盘
10:51:09,9.02,-0.01,157,141665,卖盘
10:51:12,9.03,0.01,57,51471,买盘
10:51:15,9.03,0.0,54,48759,买盘
10:51:18,9.03,0.0,275,248325,买盘
10:51:21,9.06,0.03,508,458864,买盘
10:51:24,9.05,-0.01,5,4525,卖盘
10:51:27,9.06,0.01,100,90504,买盘
10:51:30,9.06,0.0,323,292608,买盘
10:51:33,9.06,0.0,50,45300,买盘
10:51:36,9.06,0.0,146,132292,买盘
10:51:39,9.05,-0.01,171,154825,卖盘
10:51:42,9.06,0.01,206,186454,买盘
10:51:45,9.07,0.01,81,73387,买盘
10:51:48,9.07,0.0,180,163250,买盘
10:51:51,9.07,0.0,72,65357,买盘
10:51:54,9.08,0.01,52,47216,买盘
10:51:57,9.09,0.01,380,345113,买盘
10:52:00,9.09,0.0,88,79992,买盘
10:52:03,9.09,0.0,180,163591,买盘
10:52:06,9.09,0.0,344,312179,买盘
10:52:09,9.07,-0.02,318,288631,卖盘
10:52:12,9.08,0.01,168,152406,买盘
10:52:15,9.08,0.0,338,306925,买盘
10:52:18,9.07,-0.01,752,681375,卖盘
10:52:21,9.06,-0.01,116,105087,中性盘
10:52:24,9.05,-0.01,86,77844,卖盘
10:52:27,9.06,0.01,16,14485,买盘
10:52:33,9.05,-0.01,361,327548,卖盘
10:52:36,9.06,0.01,479,433522,中性盘
10:52:39,9.07,0.01,5,4535,买盘
10:52:45,9.07,0.0,43,39001,买盘
10:52:48,9.07,0.0,349,316539,卖盘
10:52:51,9.07,0.0,119,107933,买盘
10:52:57,9.08,0.01,13,11804,买盘
10:53:00,9.07,-0.01,6,5442,卖盘
10:53:03,9.08,0.01,4,3632,买盘
10:53:06,9.07,-0.01,117,106210,卖盘
10:53:09,9.08,0.01,101,91708,买盘
10:53:12,9.08,0.0,11,9988,买盘
10:53:15,9.08,0.0,50,45400,买盘
10:53:18,9.08,0.0,99,89522,买盘
10:53:21,9.08,0.0,19,17252,买盘
10:53:24,9.08,0.0,42,38136,买盘
10:53:27,9.07,-0.01,540,489848,卖盘
10:53:30,9.07,0.0,122,110739,卖盘
10:53:33,9.08,0.01,132,119859,买盘
10:53:36,9.09,0.01,13,11809,买盘
10:53:39,9.08,-0.01,5,4543,卖盘
10:53:42,9.09,0.01,12,10906,买盘
10:53:45,9.09,0.0,66,59994,买盘
10:53:48,9.08,-0.01,75,68155,卖盘
10:53:51,9.09,0.01,15,13631,买盘
10:53:54,9.09,0.0,205,186200,买盘
10:53:57,9.09,0.0,22,20008,卖盘
10:54:00,9.09,0.0,437,397235,卖盘
10:54:03,9.1,0.01,17,15470,买盘
10:54:06,9.1,0.0,135,122850,买盘
10:54:09,9.1,0.0,15,13650,买盘
10:54:12,9.1,0.0,27,24570,买盘
10:54:15,9.1,0.0,135,122850,买盘
10:54:18,9.1,0.0,58,52780,买盘
10:54:21,9.09,-0.01,186,169230,卖盘
10:54:24,9.1,0.01,138,125580,买盘
10:54:27,9.1,0.0,1,910,卖盘
10:54:30,9.11,0.01,82,74671,买盘
10:54:33,9.11,0.0,46,41906,买盘
10:54:36,9.11,0.0,84,76467,买盘
10:54:39,9.11,0.0,669,608858,买盘
10:54:42,9.11,0.0,108,98388,买盘
10:54:45,9.11,0.0,22,20042,卖盘
10:54:48,9.11,0.0,117,106624,卖盘
10:54:51,9.12,0.01,89,81168,买盘
10:54:54,9.12,0.0,52,47417,买盘
10:54:57,9.12,0.0,1400,1275613,卖盘
10:55:00,9.1,-0.02,321,292405,中性盘
10:55:03,9.1,0.0,495,450350,买盘
10:55:06,9.06,-0.04,689,625182,卖盘
10:55:09,9.06,0.0,349,316006,买盘
10:55:12,9.05,-0.01,23,20815,买盘
10:55:15,9.05,0.0,34,30770,买盘
10:55:18,9.03,-0.02,504,455109,卖盘
10:55:21,9.04,0.01,507,457869,买盘
10:55:24,9.03,-0.01,61,55046,中性盘
10:55:27,9.02,-0.01,84,75843,卖盘
10:55:30,9.02,0.0,70,63140,买盘
10:55:33,9.02,0.0,23,20746,买盘
10:55:36,9.02,0.0,120,108240,买盘
10:55:39,9.02,0.0,40,36080,卖盘
10:55:42,9.01,-0.01,1005,905758,卖盘
10:55:45,9.01,0.0,10,9010,买盘
10:55:48,9.01,0.0,160,144160,买盘
10:55:51,9.01,0.0,35,31596,卖盘
10:55:54,9.01,0.0,792,713592,卖盘
10:55:57,9.0,-0.01,100,90095,卖盘
10:56:00,9.02,0.02,525,473030,买盘
10:56:03,9.0,-0.02,86,77416,卖盘
10:56:06,9.02,0.02,57,51407,买盘
10:56:09,9.02,0.0,15,13530,买盘
10:56:12,9.02,0.0,11,9922,买盘
10:56:15,9.02,0.0,1,902,买盘
10:56:18,9.02,0.0,57,51414,买盘
10:56:21,9.02,0.0,39,35178,买盘
10:56:24,9.01,-0.01,817,736421,卖盘
10:56:27,9.01,0.0,48,43248,买盘
10:56:30,9.01,0.0,40,36040,买盘
10:56:33,9.02,0.01,78,70288,买盘
10:56:39,9.01,-0.01,32,28832,卖盘
10:56:42,9.01,0.0,28,25234,卖盘
10:56:45,9.01,0.0,711,640666,卖盘
10:56:48,9.01,0.0,258,232419,买盘
10:56:51,9.01,0.0,58,52256,买盘
10:56:54,9.0,-0.01,65,58536,卖盘
10:56:57,9.02,0.02,1,902,买盘
10:57:00,9.01,-0.01,10,9010,卖盘
10:57:03,9.01,0.0,749,674767,卖盘
10:57:06,9.01,0.0,85,76585,买盘
10:57:09,9.01,0.0,1,901,买盘
10:57:12,9.01,0.0,53,47753,买盘
10:57:15,9.01,0.0,5,4505,买盘
10:57:18,9.01,0.0,1450,1305139,买盘
10:57:21,9.0,-0.01,2107,1896471,卖盘
10:57:24,9.0,0.0,791,711983,卖盘
10:57:27,9.0,0.0,334,300600,买盘
10:57:30,9.0,0.0,43,38700,买盘
10:57:33,9.0,0.0,63,56693,买盘
10:57:36,9.0,0.0,338,303922,买盘
10:57:39,9.0,0.0,145,130499,买盘
10:57:42,9.0,0.0,104,93600,买盘
10:57:45,8.99,-0.01,101,90880,卖盘
10:57:48,9.01,0.02,13,11712,买盘
10:57:51,8.99,-0.02,720,647376,卖盘
10:57:54,8.99,0.0,72,64728,买盘
10:57:57,8.98,-0.01,27,24255,卖盘
10:58:00,8.99,0.01,21,18879,买盘
10:58:03,9.0,0.01,24,21582,买盘
10:58:06,8.97,-0.03,1194,1072132,卖盘
10:58:09,8.98,0.01,107,96086,买盘
10:58:12,8.98,0.0,35,31421,买盘
10:58:15,8.98,0.0,17,15266,买盘
10:58:18,8.97,-0.01,132,118432,卖盘
10:58:21,8.98,0.01,56,50288,卖盘
10:58:24,8.99,0.01,193,173397,买盘
10:58:27,8.99,0.0,50,44950,买盘
10:58:30,9.0,0.01,461,414114,买盘
10:58:36,8.99,-0.01,13,11687,卖盘
10:58:39,9.0,0.01,20,18000,买盘
10:58:42,9.0,0.0,80,72000,买盘
10:58:45,9.0,0.0,49,44100,买盘
10:58:48,9.0,0.0,21,18917,卖盘
10:58:51,9.01,0.01,62,55812,买盘
10:58:54,9.01,0.0,17,15303,买盘
10:58:57,9.01,0.0,42,37842,买盘
10:59:00,9.02,0.01,69,62238,买盘
10:59:03,9.01,-0.01,41,36942,卖盘
10:59:06,9.02,0.01,76,68550,买盘
10:59:15,9.03,0.01,30,27090,买盘
10:59:18,9.0,-0.03,752,678220,卖盘
10:59:21,9.02,0.02,50,45022,买盘
10:59:24,9.01,-0.01,37,33337,中性盘
10:59:27,9.02,0.01,42,37833,买盘
10:59:30,9.01,-0.01,64,57714,中性盘
10:59:33,9.02,0.01,3,2706,买盘
10:59:36,9.02,0.0,241,217382,买盘
10:59:39,9.02,0.0,29,26155,买盘
10:59:42,9.02,0.0,8,7216,买盘
10:59:45,9.02,0.0,8,7213,买盘
10:59:48,9.02,0.0,172,155102,买盘
10:59:51,9.02,0.0,69,62238,买盘
10:59:54,9.02,0.0,385,347020,卖盘
10:59:57,9.02,0.0,33,29766,卖盘
11:00:00,9.01,-0.01,118,106390,卖盘
11:00:03,9.02,0.01,184,165796,买盘
11:00:06,9.01,-0.01,19,17125,卖盘
11:00:09,9.01,0.0,286,257668,卖盘
11:00:12,9.0,-0.01,190,171149,卖盘
11:00:15,9.01,0.01,86,77440,买盘
11:00:18,9.02,0.01,18,16228,买盘
11:00:21,9.02,0.0,58,52312,买盘
11:00:24,9.02,0.0,64,57678,买盘
11:00:27,9.01,-0.01,109,98213,卖盘
11:00:30,9.0,-0.01,395,356012,卖盘
11:00:33,8.99,-0.01,2019,1816731,卖盘
11:00:36,9.0,0.01,283,254482,买盘
11:00:39,8.99,-0.01,107,96276,卖盘
11:00:42,8.99,0.0,58,52187,卖盘
11:00:45,9.0,0.01,147,132211,买盘
11:00:48,8.99,-0.01,226,203174,卖盘
11:00:51,8.99,0.0,7,6293,买盘
11:00:54,8.99,0.0,234,210353,买盘
11:00:57,8.98,-0.01,1185,1064613,卖盘
11:01:00,8.98,0.0,497,446489,卖盘
11:01:03,8.98,0.0,624,560362,卖盘
11:01:06,8.97,-0.01,321,288091,卖盘
11:01:09,8.97,0.0,178,159704,卖盘
11:01:12,8.97,0.0,482,432430,卖盘
11:01:15,8.98,0.01,110,98780,买盘
11:01:18,8.97,-0.01,505,453019,卖盘
11:01:21,8.97,0.0,223,200031,买盘
11:01:24,8.97,0.0,106,95046,买盘
11:01:27,8.97,0.0,136,121972,买盘
11:01:30,8.97,0.0,29,26017,卖盘
11:01:33,8.98,0.01,22,19737,买盘
11:01:36,8.98,0.0,41,36778,买盘
11:01:39,8.97,-0.01,31,27833,卖盘
11:01:42,8.98,0.01,18,16164,买盘
11:01:45,8.98,0.0,305,273890,买盘
11:01:48,8.98,0.0,85,76308,买盘
11:01:51,8.98,0.0,98,88004,卖盘
11:01:54,8.98,0.0,64,57472,买盘
11:01:57,8.98,0.0,18,16157,买盘
11:02:00,8.98,0.0,21,18848,买盘
11:02:03,8.98,0.0,37,33226,买盘
11:02:06,8.98,0.0,21,18858,买盘
11:02:09,8.98,0.0,11,9878,买盘
11:02:15,8.98,0.0,156,140206,卖盘
11:02:18,8.99,0.01,19,17071,买盘
11:02:21,8.99,0.0,3,2697,买盘
11:02:24,8.99,0.0,105,94390,买盘
11:02:27,8.98,-0.01,218,195779,卖盘
11:02:30,8.99,0.01,32,28768,买盘
11:02:33,8.99,0.0,12,10788,买盘
11:02:36,8.99,0.0,49,44051,买盘
11:02:39,8.99,0.0,273,245430,买盘
11:02:42,8.99,0.0,23,20677,卖盘
11:02:45,8.99,0.0,6,5394,卖盘
11:02:48,8.99,0.0,38,34190,卖盘
11:02:51,9.0,0.01,216,194398,买盘
11:02:54,9.0,0.0,73,65700,买盘
11:02:57,9.0,0.0,11,9900,买盘
11:03:00,9.0,0.0,462,415800,买盘
11:03:03,9.0,0.0,106,95400,买盘
11:03:06,9.0,0.0,189,170100,买盘
11:03:09,9.0,0.0,27,24300,买盘
11:03:12,9.0,0.0,18,16200,买盘
11:03:15,8.99,-0.01,421,378792,卖盘
11:03:18,9.01,0.02,53,47744,买盘
11:03:21,9.01,0.0,7,6302,买盘
11:03:24,9.0,-0.01,35,31500,卖盘
11:03:27,9.0,0.0,136,122388,买盘
11:03:30,9.0,0.0,182,163686,买盘
11:03:33,9.0,0.0,70,63000,买盘
11:03:36,9.0,0.0,91,81890,买盘
11:03:39,9.0,0.0,30,27000,卖盘
11:03:42,9.01,0.01,2,1802,买盘
11:03:48,9.0,-0.01,207,186311,卖盘
11:03:51,9.0,0.0,108,97200,买盘
11:03:54,9.0,0.0,121,108900,买盘
11:03:57,9.0,0.0,145,130500,买盘
11:04:00,9.0,0.0,97,87300,买盘
11:04:03,9.0,0.0,110,98998,买盘
11:04:06,9.0,0.0,35,31500,买盘
11:04:09,9.0,0.0,199,179081,买盘
11:04:12,9.0,0.0,328,295194,买盘
11:04:15,8.99,-0.01,50,44985,卖盘
11:04:18,9.0,0.01,310,279000,买盘
11:04:24,9.0,0.0,8,7205,卖盘
11:04:27,9.0,0.0,12,10810,卖盘
11:04:30,9.0,0.0,39,35100,卖盘
11:04:33,9.01,0.01,1,901,买盘
11:04:36,8.99,-0.02,543,488354,卖盘
11:04:39,8.99,0.0,85,76361,买盘
11:04:42,8.99,0.0,59,53037,买盘
11:04:45,8.99,0.0,22,19778,买盘
11:04:48,8.99,0.0,156,140193,买盘
11:04:51,9.0,0.01,125,112385,买盘
11:04:54,8.99,-0.01,72,64728,卖盘
11:04:57,9.0,0.01,209,187991,买盘
11:05:00,9.0,0.0,16,14400,买盘
11:05:03,8.99,-0.01,9,8091,卖盘
11:05:06,8.99,0.0,40,35970,卖盘
11:05:09,8.99,0.0,13,11687,买盘
11:05:12,8.98,-0.01,50,44923,卖盘
11:05:15,8.97,-0.01,1396,1253604,卖盘
11:05:18,8.97,0.0,108,96976,卖盘
11:05:21,8.97,0.0,111,99567,卖盘
11:05:24,8.97,0.0,518,464646,卖盘
11:05:27,8.97,0.0,17,15249,卖盘
11:05:30,8.97,0.0,60,53828,卖盘
11:05:33,8.97,0.0,64,57439,卖盘
11:05:39,8.98,0.01,58,52084,买盘
11:05:42,8.98,0.0,40,35891,买盘
11:05:45,8.97,-0.01,330,295998,卖盘
11:05:48,8.97,0.0,100,89672,买盘
11:05:51,8.96,-0.01,105,94121,卖盘
11:05:54,8.97,0.01,90,80699,买盘
11:05:57,8.97,0.0,5,4485,买盘
11:06:00,8.97,0.0,3,2690,买盘
11:06:03,8.96,-0.01,787,705114,卖盘
11:06:06,8.95,-0.01,91,81469,卖盘
11:06:09,8.96,0.01,194,173681,买盘
11:06:12,8.95,-0.01,182,162890,卖盘
11:06:15,8.96,0.01,400,358039,买盘
11:06:18,8.95,-0.01,149,133464,卖盘
11:06:21,8.95,0.0,673,601818,卖盘
11:06:24,8.96,0.01,2026,1814330,买盘
11:06:27,8.96,0.0,79,70784,卖盘
11:06:30,8.96,0.0,289,259092,卖盘
11:06:33,8.96,0.0,40,35840,买盘
11:06:36,8.96,0.0,24,21484,买盘
11:06:39,8.95,-0.01,284,254364,卖盘
11:06:42,8.95,0.0,372,332945,卖盘
11:06:45,8.95,0.0,141,126195,买盘
11:06:48,8.95,0.0,92,82312,买盘
11:06:51,8.94,-0.01,176,157385,卖盘
11:06:54,8.94,0.0,156,139469,卖盘
11:06:57,8.94,0.0,372,332588,卖盘
11:07:00,8.94,0.0,124,110856,买盘
11:07:03,8.94,0.0,82,73308,买盘
11:07:06,8.94,0.0,1126,1006590,买盘
11:07:09,8.94,0.0,397,354888,买盘
11:07:12,8.93,-0.01,142,126918,卖盘
11:07:15,8.93,0.0,894,798352,卖盘
11:07:18,8.94,0.01,720,642983,买盘
11:07:21,8.94,0.0,43,38412,买盘
11:07:24,8.92,-0.02,395,352739,卖盘
11:07:27,8.93,0.01,3,2679,买盘
11:07:30,8.93,0.0,199,177707,买盘
11:07:33,8.92,-0.01,25,22309,卖盘
11:07:36,8.92,0.0,56,49953,卖盘
11:07:39,8.92,0.0,1468,1308956,卖盘
11:07:42,8.92,0.0,85,75820,买盘
11:07:45,8.92,0.0,12,10704,买盘
11:07:48,8.92,0.0,33,29431,买盘
11:07:51,8.91,-0.01,568,506128,卖盘
11:07:54,8.91,0.0,43,38310,买盘
11:07:57,8.9,-0.01,348,309969,卖盘
11:08:00,8.91,0.01,1251,1113585,卖盘
11:08:03,8.9,-0.01,74,65909,卖盘
11:08:06,8.9,0.0,1835,1634104,卖盘
11:08:09,8.9,0.0,109,97035,卖盘
11:08:12,8.9,0.0,193,171775,卖盘
11:08:15,8.9,0.0,220,195786,中性盘
11:08:18,8.9,0.0,646,574308,买盘
11:08:21,8.89,-0.01,476,423368,卖盘
11:08:24,8.88,-0.01,121,107561,卖盘
11:08:27,8.88,0.0,325,288885,卖盘
11:08:30,8.88,0.0,323,286834,卖盘
11:08:33,8.88,0.0,431,382850,卖盘
11:08:36,8.89,0.01,544,483119,买盘
11:08:39,8.89,0.0,125,111199,卖盘
11:08:42,8.89,0.0,40,35569,卖盘
11:08:45,8.9,0.01,311,276537,买盘
11:08:48,8.9,0.0,94,83652,买盘
11:08:51,8.9,0.0,20,17800,卖盘
11:08:54,8.9,0.0,60,53399,卖盘
11:08:57,8.9,0.0,86,76486,买盘
11:09:00,8.9,0.0,89,79210,买盘
11:09:03,8.91,0.01,374,332840,买盘
11:09:06,8.94,0.03,1091,972569,买盘
11:09:09,8.95,0.01,195,174414,买盘
11:09:12,8.96,0.01,32,28672,买盘
11:09:15,8.98,0.02,55,49376,买盘
11:09:18,8.96,-0.02,30,26902,卖盘
11:09:21,8.98,0.02,49,43999,买盘
11:09:24,8.98,0.0,36,32316,买盘
11:09:27,8.98,0.0,54,48478,买盘
11:09:33,8.96,-0.02,28,25089,卖盘
11:09:36,8.97,0.01,57,51114,买盘
11:09:39,8.98,0.01,366,328271,买盘
11:09:42,9.0,0.02,664,597668,买盘
11:09:45,8.98,-0.02,377,338799,卖盘
11:09:48,8.98,0.0,31,27820,买盘
11:09:51,8.98,0.0,10,8980,买盘
11:09:54,8.98,0.0,48,43126,买盘
11:09:57,8.98,0.0,49,44007,卖盘
11:10:00,8.98,0.0,7,6289,卖盘
11:10:03,8.98,0.0,33,29651,卖盘
11:10:06,8.98,0.0,172,154456,卖盘
11:10:09,8.98,0.0,90,80811,买盘
11:10:12,8.97,-0.01,83,74463,卖盘
11:10:15,8.98,0.01,316,283768,买盘
11:10:21,8.98,0.0,26,23348,买盘
11:10:24,8.98,0.0,63,56524,买盘
11:10:27,8.98,0.0,60,53880,买盘
11:10:30,8.98,0.0,41,36989,卖盘
11:10:33,8.98,0.0,62,55505,卖盘
11:10:36,8.99,0.01,18,16345,买盘
11:10:42,8.99,0.0,41,36829,买盘
11:10:45,8.99,0.0,45,40455,买盘
11:10:48,8.99,0.0,11,9889,卖盘
11:10:51,8.99,0.0,49,44024,买盘
11:10:54,8.99,0.0,57,51243,买盘
11:10:57,8.99,0.0,137,123163,买盘
11:11:00,8.99,0.0,155,139345,买盘
11:11:03,8.98,-0.01,126,113230,卖盘
11:11:06,8.99,0.01,66,59287,买盘
11:11:09,8.98,-0.01,98,88094,卖盘
11:11:12,8.99,0.01,24,21576,买盘
11:11:15,8.98,-0.01,136,122206,卖盘
11:11:18,8.99,0.01,87,78174,中性盘
11:11:21,9.0,0.01,432,388545,买盘
11:11:24,8.99,-0.01,53,47662,中性盘
11:11:27,9.0,0.01,17,15300,买盘
11:11:30,9.0,0.0,26,23400,卖盘
11:11:33,9.0,0.0,46,41400,卖盘
11:11:36,9.0,0.0,213,191562,买盘
11:11:39,9.0,0.0,4,3600,买盘
11:11:42,9.0,0.0,3,2698,买盘
11:11:45,8.98,-0.02,115,103303,卖盘
11:11:51,8.99,0.01,44,39582,买盘
11:11:54,9.0,0.01,114,102497,买盘
11:11:57,9.0,0.0,11,9898,买盘
11:12:00,8.99,-0.01,17,15283,卖盘
11:12:03,8.99,0.0,61,54839,卖盘
11:12:06,8.98,-0.01,487,437327,卖盘
11:12:09,8.96,-0.02,845,757739,卖盘
11:12:15,8.94,-0.02,24,21458,卖盘
11:12:18,8.95,0.01,10,8950,买盘
11:12:24,8.95,0.0,15,13420,买盘
11:12:27,8.94,-0.01,7,6258,卖盘
11:12:30,8.95,0.01,24,21480,买盘
11:12:33,8.94,-0.01,89,79607,卖盘
11:12:36,8.95,0.01,13,11635,买盘
11:12:39,8.95,0.0,46,41170,中性盘
11:12:42,8.96,0.01,68,60883,买盘
11:12:45,8.96,0.0,19,17014,买盘
11:12:48,8.95,-0.01,59,52799,中性盘
11:12:51,8.96,0.01,17,15227,买盘
11:12:54,8.96,0.0,20,17920,买盘
11:12:57,8.96,0.0,101,90434,买盘
11:13:00,8.96,0.0,57,51052,买盘
11:13:03,8.96,0.0,11,9853,买盘
11:13:06,8.96,0.0,68,60928,买盘
11:13:09,8.96,0.0,10,8960,卖盘
11:13:12,8.97,0.01,6,5381,买盘
11:13:18,8.97,0.0,895,802145,买盘
11:13:21,8.97,0.0,3,2691,卖盘
11:13:24,8.98,0.01,4,3591,买盘
11:13:27,8.97,-0.01,300,269106,卖盘
11:13:30,8.97,0.0,62,55666,卖盘
11:13:33,8.97,0.0,35,31405,中性盘
11:13:36,8.97,0.0,29,26035,中性盘
11:13:39,8.98,0.01,134,120332,买盘
11:13:42,8.98,0.0,113,101474,卖盘
11:13:48,8.99,0.01,70,62930,买盘
11:13:51,8.99,0.0,132,118668,买盘
11:13:54,8.98,-0.01,66,59322,卖盘
11:13:57,8.98,0.0,69,61974,卖盘
11:14:00,8.98,0.0,24,21552,卖盘
11:14:03,8.99,0.01,4,3596,买盘
11:14:06,8.98,-0.01,32,28756,卖盘
11:14:09,8.98,0.0,191,171518,卖盘
11:14:12,8.98,0.0,260,233679,买盘
11:14:15,8.98,0.0,9,8082,买盘
11:14:18,8.97,-0.01,49,43983,卖盘
11:14:21,8.97,0.0,7,6281,卖盘
11:14:24,8.98,0.01,20,17955,买盘
11:14:27,8.97,-0.01,32,28705,中性盘
11:14:30,8.97,0.0,169,151543,卖盘
11:14:36,8.98,0.01,71,63758,买盘
11:14:39,8.96,-0.02,122,109392,卖盘
11:14:42,8.97,0.01,15,13460,买盘
11:14:45,8.97,0.0,1,897,卖盘
11:14:48,8.97,0.0,36,32303,卖盘
11:14:51,8.97,0.0,13,11661,卖盘
11:14:54,8.98,0.01,18,16164,买盘
11:14:57,8.98,0.0,50,44900,买盘
11:15:00,8.98,0.0,26,23348,买盘
11:15:03,8.98,0.0,29,26042,买盘
11:15:06,8.98,0.0,18,16164,买盘
11:15:09,8.98,0.0,430,386140,买盘
11:15:12,8.98,0.0,1,898,卖盘
11:15:21,8.98,0.0,200,179600,卖盘
11:15:24,8.98,0.0,22,19756,卖盘
11:15:27,8.99,0.01,25,22475,买盘
11:15:30,8.99,0.0,1,899,买盘
11:15:33,8.99,0.0,48,43152,买盘
11:15:36,8.99,0.0,180,161720,买盘
11:15:39,8.99,0.0,66,59334,买盘
11:15:42,8.99,0.0,80,71919,买盘
11:15:45,8.99,0.0,26,23374,买盘
11:15:48,8.99,0.0,250,224750,买盘
11:15:54,9.0,0.01,71,63900,买盘
11:16:00,9.0,0.0,166,149400,买盘
11:16:03,9.0,0.0,131,117900,买盘
11:16:06,9.0,0.0,20,18000,买盘
11:16:09,9.0,0.0,520,468000,买盘
11:16:15,9.0,0.0,54,48652,卖盘
11:16:18,9.01,0.01,19,17119,买盘
11:16:21,9.01,0.0,72,64817,买盘
11:16:24,9.01,0.0,10,9010,买盘
11:16:27,9.01,0.0,331,298231,买盘
11:16:30,9.02,0.01,41,36979,买盘
11:16:33,9.02,0.0,7,6314,买盘
11:16:36,9.02,0.0,78,70356,买盘
11:16:39,9.02,0.0,56,50512,买盘
11:16:42,9.02,0.0,14,12628,买盘
11:16:45,9.01,-0.01,477,429795,卖盘
11:16:48,9.0,-0.01,2125,1913014,卖盘
11:16:51,9.0,0.0,16,14400,买盘
11:16:54,9.02,0.02,685,617607,买盘
11:17:00,9.01,-0.01,1,901,买盘
11:17:03,9.01,0.0,3,2703,买盘
11:17:06,9.01,0.0,301,271313,买盘
11:17:09,9.01,0.0,27,24327,卖盘
11:17:12,9.02,0.01,46,41492,买盘
11:17:15,9.02,0.0,95,85685,买盘
11:17:21,9.02,0.0,11,9921,买盘
11:17:24,9.02,0.0,47,42394,买盘
11:17:27,9.02,0.0,41,36962,买盘
11:17:30,9.02,0.0,88,79376,买盘
11:17:33,9.01,-0.01,47,42365,卖盘
11:17:36,9.02,0.01,43,38754,买盘
11:17:39,9.02,0.0,19,17135,买盘
11:17:42,9.02,0.0,201,181032,买盘
11:17:45,9.01,-0.01,62,55862,买盘
11:17:48,9.02,0.01,138,124353,买盘
11:17:51,9.01,-0.01,57,51377,卖盘
11:17:54,9.01,0.0,4,3604,卖盘
11:17:57,9.02,0.01,20,18022,买盘
11:18:00,9.01,-0.01,128,115346,卖盘
11:18:03,9.03,0.02,659,594670,买盘
11:18:06,9.02,-0.01,91,82124,卖盘
11:18:12,9.01,-0.01,5,4505,卖盘
11:18:15,9.02,0.01,67,60434,买盘
11:18:18,9.02,0.0,29,26139,买盘
11:18:21,9.01,-0.01,8,7208,卖盘
11:18:24,9.02,0.01,4,3608,买盘
11:18:27,9.02,0.0,1,902,买盘
11:18:30,9.02,0.0,26,23448,买盘
11:18:33,9.01,-0.01,26,23429,卖盘
11:18:36,9.01,0.0,119,107249,卖盘
11:18:39,9.02,0.01,136,122665,买盘
11:18:42,9.01,-0.01,38,34262,卖盘
11:18:45,9.02,0.01,5,4510,买盘
11:18:48,9.02,0.0,5,4510,买盘
11:18:51,9.02,0.0,32,28858,买盘
11:18:54,9.02,0.0,224,201898,买盘
11:18:57,9.02,0.0,73,65831,买盘
11:19:00,9.02,0.0,43,38786,买盘
11:19:03,9.02,0.0,283,255110,卖盘
11:19:06,9.01,-0.01,10,9010,买盘
11:19:09,8.99,-0.02,612,550736,卖盘
11:19:12,8.99,0.0,29,26079,卖盘
11:19:15,9.01,0.02,38,34236,买盘
11:19:18,9.0,-0.01,6,5400,中性盘
11:19:21,9.0,0.0,7,6300,卖盘
11:19:24,9.01,0.01,74,66674,买盘
11:19:30,9.01,0.0,2,1802,买盘
11:19:33,9.01,0.0,22,19822,买盘
11:19:36,9.01,0.0,1,901,买盘
11:19:39,9.0,-0.01,39,35124,卖盘
11:19:42,9.01,0.01,56,50449,买盘
11:19:45,9.01,0.0,37,33337,买盘
11:19:48,9.01,0.0,50,45050,买盘
11:19:51,9.01,0.0,23,20723,买盘
11:19:54,9.01,0.0,152,136952,买盘
11:19:57,9.01,0.0,227,204327,买盘
11:20:00,9.0,-0.01,185,166544,卖盘
11:20:03,9.0,0.0,11,9900,买盘
11:20:06,9.0,0.0,10,9000,买盘
11:20:09,9.0,0.0,100,89992,买盘
11:20:12,9.0,0.0,12,10800,买盘
11:20:18,9.0,0.0,132,118800,买盘
11:20:21,8.99,-0.01,96,86304,卖盘
11:20:24,9.0,0.01,44,39572,买盘
11:20:27,9.0,0.0,25,22485,买盘
11:20:30,8.99,-0.01,8,7192,卖盘
11:20:36,9.0,0.01,23,20699,买盘
11:20:39,9.0,0.0,21,18900,买盘
11:20:42,9.0,0.0,16,14400,买盘
11:20:45,9.0,0.0,1,900,买盘
11:20:48,8.99,-0.01,110,98900,卖盘
11:20:51,8.98,-0.01,331,297549,卖盘
11:20:54,8.99,0.01,95,85333,买盘
11:20:57,8.99,0.0,27,24273,买盘
11:21:00,8.98,-0.01,110,98783,卖盘
11:21:03,8.98,0.0,50,44918,卖盘
11:21:06,8.98,0.0,17,15266,卖盘
11:21:09,8.98,0.0,11,9878,卖盘
11:21:12,8.98,0.0,1,898,卖盘
11:21:15,8.98,0.0,79,70942,卖盘
11:21:18,8.97,-0.01,244,218913,卖盘
11:21:21,8.98,0.01,122,109459,买盘
11:21:27,8.97,-0.01,214,191958,卖盘
11:21:30,8.97,0.0,104,93287,卖盘
11:21:36,8.96,-0.01,389,348526,卖盘
11:21:39,8.95,-0.01,144,129016,卖盘
11:21:42,8.95,0.0,33,29535,卖盘
11:21:45,8.96,0.01,11,9856,买盘
11:21:48,8.96,0.0,216,193336,买盘
11:21:51,8.96,0.0,19,17011,买盘
11:21:54,8.96,0.0,17,15232,买盘
11:21:57,8.96,0.0,1,896,买盘
11:22:00,8.96,0.0,92,82432,买盘
11:22:03,8.97,0.01,60,53762,买盘
11:22:06,8.96,-0.01,110,98560,卖盘
11:22:09,8.96,0.0,2,1792,卖盘
11:22:12,8.97,0.01,5,4485,买盘
11:22:15,8.97,0.0,19,17043,买盘
11:22:18,8.97,0.0,31,27797,买盘
11:22:24,8.97,0.0,97,87009,买盘
11:22:30,8.97,0.0,170,152495,卖盘
11:22:33,8.97,0.0,12,10764,卖盘
11:22:36,8.97,0.0,103,92394,卖盘
11:22:39,8.96,-0.01,86,77056,卖盘
11:22:42,8.97,0.01,90,80705,买盘
11:22:45,8.96,-0.01,34,30494,卖盘
11:22:48,8.96,0.0,4,3584,卖盘
11:22:51,8.97,0.01,122,109334,买盘
11:22:54,8.96,-0.01,20,17920,卖盘
11:23:00,8.96,0.0,269,241024,卖盘
11:23:03,8.97,0.01,86,77142,买盘
11:23:06,8.97,0.0,35,31395,买盘
11:23:12,8.97,0.0,81,72657,买盘
11:23:15,8.97,0.0,24,21525,买盘
11:23:18,8.97,0.0,1,897,买盘
11:23:21,8.97,0.0,24,21518,买盘
11:23:24,8.97,0.0,9,8073,买盘
11:23:27,8.97,0.0,14,12558,买盘
11:23:30,8.97,0.0,22,19734,买盘
11:23:33,8.97,0.0,134,120198,买盘
11:23:36,8.97,0.0,5,4485,卖盘
11:23:39,8.97,0.0,32,28731,卖盘
11:23:42,8.98,0.01,50,44900,买盘
11:23:45,8.98,0.0,136,122128,买盘
11:23:51,8.98,0.0,54,48502,卖盘
11:23:54,8.99,0.01,4,3596,买盘
11:23:57,8.99,0.0,1,899,买盘
11:24:00,8.99,0.0,133,119566,买盘
11:24:06,9.0,0.01,6,5395,买盘
11:24:09,9.0,0.0,102,91800,买盘
11:24:12,9.0,0.0,1,900,卖盘
11:24:18,9.01,0.01,88,79294,买盘
11:24:21,9.01,0.0,10,9010,卖盘
11:24:24,9.02,0.01,5,4510,买盘
11:24:27,9.01,-0.01,145,130713,卖盘
11:24:30,9.01,0.0,309,278709,卖盘
11:24:33,9.01,0.0,18,16233,卖盘
11:24:39,9.01,0.0,548,493843,卖盘
11:24:42,9.01,0.0,6,5406,买盘
11:24:45,9.01,0.0,55,49555,买盘
11:24:48,9.01,0.0,49,44149,买盘
11:24:51,9.01,0.0,28,25218,买盘
11:24:54,9.0,-0.01,143,128725,卖盘
11:24:57,9.0,0.0,82,73797,卖盘
11:25:00,8.99,-0.01,81,72819,卖盘
11:25:03,9.0,0.01,62,55784,买盘
11:25:06,9.0,0.0,114,102600,买盘
11:25:09,9.0,0.0,40,36000,买盘
11:25:12,9.0,0.0,51,45890,卖盘
11:25:15,9.01,0.01,50,45025,买盘
11:25:18,9.01,0.0,3,2702,买盘
11:25:21,9.01,0.0,10,9010,买盘
11:25:30,9.01,0.0,41,36941,买盘
11:25:33,9.0,-0.01,2,1801,卖盘
11:25:39,9.01,0.01,435,391935,买盘
11:25:42,9.01,0.0,53,47753,卖盘
11:25:45,9.01,0.0,4,3604,卖盘
11:25:48,9.01,0.0,17,15322,卖盘
11:25:51,9.01,0.0,8,7209,卖盘
11:25:57,9.02,0.01,14,12628,买盘
11:26:00,9.01,-0.01,100,90100,卖盘
11:26:03,9.02,0.01,74,66748,买盘
11:26:06,9.01,-0.01,8,7208,卖盘
11:26:09,9.01,0.0,32,28852,卖盘
11:26:12,9.02,0.01,5,4510,买盘
11:26:15,9.02,0.0,398,358871,买盘
11:26:18,9.03,0.01,2,1806,买盘
11:26:21,9.02,-0.01,14,12628,卖盘
11:26:24,9.03,0.01,17,15351,买盘
11:26:27,9.03,0.0,5,4515,买盘
11:26:30,9.03,0.0,10,9030,买盘
11:26:33,9.02,-0.01,69,62230,卖盘
11:26:36,9.01,-0.01,6,5406,卖盘
11:26:39,9.01,0.0,3,2703,买盘
11:26:42,9.01,0.0,6,5406,买盘
11:26:45,9.01,0.0,51,45946,买盘
11:26:51,9.01,0.0,76,68521,卖盘
11:26:54,9.02,0.01,5,4510,买盘
11:26:57,9.02,0.0,1,902,买盘
11:27:03,9.02,0.0,146,131692,买盘
11:27:06,9.02,0.0,25,22550,买盘
11:27:09,9.02,0.0,6,5412,买盘
11:27:12,9.01,-0.01,15,13525,卖盘
11:27:15,9.02,0.01,7,6314,买盘
11:27:18,9.02,0.0,282,254364,买盘
11:27:21,9.02,0.0,216,194835,卖盘
11:27:27,9.02,0.0,4,3608,买盘
11:27:30,9.03,0.01,293,264479,买盘
11:27:36,9.03,0.0,2,1806,买盘
11:27:39,9.03,0.0,109,98427,买盘
11:27:45,9.02,-0.01,9,8124,卖盘
11:27:48,9.03,0.01,233,210399,买盘
11:27:51,9.03,0.0,39,35250,卖盘
11:27:54,9.04,0.01,25,22600,买盘
11:27:57,9.04,0.0,3,2711,买盘
11:28:00,9.02,-0.02,494,446081,卖盘
11:28:03,9.02,0.0,299,269762,卖盘
11:28:06,9.03,0.01,319,288127,买盘
11:28:09,9.03,0.0,2,1806,买盘
11:28:12,9.03,0.0,161,145383,买盘
11:28:15,9.04,0.01,119,107576,买盘
11:28:21,9.04,0.0,170,153530,买盘
11:28:24,9.04,0.0,25,22600,买盘
11:28:27,9.05,0.01,103,93115,买盘
11:28:30,9.05,0.0,89,80545,买盘
11:28:33,9.05,0.0,57,51585,买盘
11:28:36,9.05,0.0,92,83257,买盘
11:28:39,9.05,0.0,25,22625,买盘
11:28:42,9.04,-0.01,15,13565,卖盘
11:28:45,9.05,0.01,44,39786,买盘
11:28:48,9.03,-0.02,26,23495,卖盘
11:28:51,9.03,0.0,216,195048,卖盘
11:28:54,9.02,-0.01,92,83009,卖盘
11:28:57,9.02,0.0,170,153466,买盘
11:29:00,9.02,0.0,35,31570,买盘
11:29:03,9.02,0.0,144,129765,买盘
11:29:06,9.02,0.0,7,6314,买盘
11:29:09,9.02,0.0,125,112750,买盘
11:29:12,9.02,0.0,9,8118,买盘
11:29:15,9.02,0.0,51,45992,买盘
11:29:18,9.02,0.0,10,9020,买盘
11:29:21,9.02,0.0,11,9922,买盘
11:29:24,9.02,0.0,68,61336,买盘
11:29:27,9.01,-0.01,65,58579,卖盘
11:29:30,9.01,0.0,21,18921,卖盘
11:29:33,9.02,0.01,189,170478,买盘
11:29:36,9.02,0.0,10,9020,卖盘
11:29:42,9.03,0.01,124,111932,买盘
11:29:45,9.03,0.0,25,22555,买盘
11:29:48,9.02,-0.01,55,49657,卖盘
11:29:51,9.02,0.0,60,54120,卖盘
11:29:54,9.01,-0.01,57,51399,卖盘
11:29:57,9.02,0.01,97,87494,买盘
11:30:00,9.02,0.0,197,177677,买盘
13:00:00,9.03,0.01,6,5418,买盘
13:00:03,9.03,0.0,458,413583,买盘
13:00:06,9.03,0.0,1020,921856,卖盘
13:00:09,9.03,0.0,734,663010,卖盘
13:00:12,9.06,0.03,488,441129,买盘
13:00:15,9.06,0.0,636,576216,买盘
13:00:18,9.06,0.0,295,266926,买盘
13:00:21,9.06,0.0,58,52548,买盘
13:00:24,9.06,0.0,69,62497,买盘
13:00:27,9.06,0.0,17,15402,买盘
13:00:30,9.06,0.0,105,95130,买盘
13:00:33,9.06,0.0,171,155006,买盘
13:00:36,9.06,0.0,458,414788,卖盘
13:00:39,9.05,-0.01,178,161229,卖盘
13:00:42,9.07,0.02,227,205782,买盘
13:00:45,9.06,-0.01,116,105168,卖盘
13:00:48,9.06,0.0,31,28086,买盘
13:00:51,9.04,-0.02,285,257805,卖盘
13:00:54,9.04,0.0,141,127464,买盘
13:00:57,9.04,0.0,169,152771,买盘
13:01:00,9.04,0.0,121,109384,买盘
13:01:03,9.04,0.0,284,256739,买盘
13:01:06,9.04,0.0,12,10848,卖盘
13:01:09,9.05,0.01,693,627107,买盘
13:01:15,9.06,0.01,119,107739,买盘
13:01:18,9.06,0.0,219,198414,买盘
13:01:21,9.06,0.0,313,283571,买盘
13:01:27,9.07,0.01,26,23582,买盘
13:01:30,9.07,0.0,336,304710,买盘
13:01:33,9.08,0.01,157,142499,买盘
13:01:36,9.08,0.0,44,39952,卖盘
13:01:39,9.09,0.01,364,330816,买盘
13:01:42,9.09,0.0,68,61812,买盘
13:01:45,9.09,0.0,506,459954,买盘
13:01:48,9.1,0.01,269,244609,买盘
13:01:51,9.1,0.0,663,603330,买盘
13:01:54,9.11,0.01,16,14571,买盘
13:01:57,9.11,0.0,188,171144,买盘
13:02:00,9.1,-0.01,446,406112,卖盘
13:02:03,9.11,0.01,178,162136,买盘
13:02:06,9.11,0.0,112,102032,买盘
13:02:09,9.11,0.0,506,460563,买盘
13:02:12,9.09,-0.02,1338,1218176,卖盘
13:02:15,9.11,0.02,111,101121,卖盘
13:02:18,9.12,0.01,142,129456,买盘
13:02:21,9.12,0.0,300,273589,买盘
13:02:24,9.12,0.0,61,55632,买盘
13:02:27,9.11,-0.01,84,76568,卖盘
13:02:30,9.12,0.01,158,144068,买盘
13:02:33,9.12,0.0,84,76608,买盘
13:02:36,9.11,-0.01,347,316131,卖盘
13:02:39,9.12,0.01,543,495179,买盘
13:02:42,9.12,0.0,201,183313,卖盘
13:02:45,9.13,0.01,419,382495,买盘
13:02:48,9.12,-0.01,710,648008,卖盘
13:02:51,9.13,0.01,213,194364,买盘
13:02:54,9.13,0.0,611,557353,买盘
13:02:57,9.13,0.0,63,57477,买盘
13:03:00,9.13,0.0,189,172497,买盘
13:03:03,9.12,-0.01,99,90358,卖盘
13:03:06,9.12,0.0,2165,1978408,卖盘
13:03:09,9.11,-0.01,371,338703,卖盘
13:03:12,9.18,0.07,1488,1362488,买盘
13:03:15,9.13,-0.05,214,196219,卖盘
13:03:18,9.16,0.03,27,24736,买盘
13:03:21,9.17,0.01,22,20174,买盘
13:03:24,9.16,-0.01,575,526699,卖盘
13:03:27,9.16,0.0,260,238266,买盘
13:03:30,9.18,0.02,75,68807,买盘
13:03:33,9.18,0.0,47,43125,买盘
13:03:36,9.18,0.0,217,199216,买盘
13:03:39,9.19,0.01,862,791653,买盘
13:03:42,9.19,0.0,297,272913,买盘
13:03:45,9.19,0.0,1094,1005353,买盘
13:03:48,9.2,0.01,18,16550,买盘
13:03:51,9.2,0.0,205,188598,买盘
13:03:54,9.2,0.0,309,284280,买盘
13:03:57,9.21,0.01,1501,1380202,买盘
13:04:00,9.2,-0.01,409,376011,卖盘
13:04:03,9.2,0.0,336,309713,卖盘
13:04:06,9.18,-0.02,1820,1672515,卖盘
13:04:09,9.2,0.02,1281,1177368,买盘
13:04:12,9.19,-0.01,186,170649,中性盘
13:04:15,9.18,-0.01,124,113864,中性盘
13:04:18,9.17,-0.01,221,202754,卖盘
13:04:21,9.16,-0.01,73,66985,卖盘
13:04:24,9.18,0.02,156,143096,买盘
13:04:27,9.16,-0.02,164,150489,卖盘
13:04:30,9.16,0.0,203,186252,卖盘
13:04:33,9.17,0.01,141,129246,中性盘
13:04:36,9.16,-0.01,347,317860,卖盘
13:04:39,9.18,0.02,257,235785,买盘
13:04:42,9.17,-0.01,138,126524,卖盘
13:04:45,9.17,0.0,165,151417,卖盘
13:04:48,9.17,0.0,177,162311,卖盘
13:04:51,9.17,0.0,24,22008,买盘
13:04:54,9.15,-0.02,52,47617,卖盘
13:04:57,9.15,0.0,131,119983,卖盘
13:05:00,9.16,0.01,353,323056,买盘
13:05:03,9.14,-0.02,160,146302,卖盘
13:05:06,9.16,0.02,1071,981432,买盘
13:05:09,9.19,0.03,1436,1317362,买盘
13:05:12,9.19,0.0,98,90062,买盘
13:05:15,9.18,-0.01,34,31182,买盘
13:05:18,9.19,0.01,63,57954,中性盘
13:05:21,9.2,0.01,78,71661,买盘
13:05:24,9.19,-0.01,786,722954,买盘
13:05:27,9.19,0.0,179,164610,买盘
13:05:30,9.19,0.0,87,79957,买盘
13:05:33,9.19,0.0,113,103947,卖盘
13:05:36,9.19,0.0,29,26674,卖盘
13:05:39,9.19,0.0,52,47835,卖盘
13:05:42,9.2,0.01,298,274147,买盘
13:05:45,9.21,0.01,241,221740,买盘
13:05:48,9.2,-0.01,60,55098,卖盘
13:05:51,9.21,0.01,215,198015,买盘
13:05:54,9.2,-0.01,407,374796,卖盘
13:05:57,9.21,0.01,754,693886,买盘
13:06:00,9.19,-0.02,643,591375,卖盘
13:06:03,9.2,0.01,345,317365,买盘
13:06:06,9.19,-0.01,426,391409,卖盘
13:06:09,9.17,-0.02,451,414601,卖盘
13:06:12,9.19,0.02,55,50501,买盘
13:06:15,9.2,0.01,88,80930,买盘
13:06:18,9.19,-0.01,189,173725,卖盘
13:06:21,9.2,0.01,436,401378,买盘
13:06:24,9.2,0.0,158,145323,卖盘
13:06:27,9.21,0.01,187,172192,买盘
13:06:30,9.22,0.01,58,53408,买盘
13:06:33,9.22,0.0,64,58940,买盘
13:06:36,9.19,-0.03,548,504154,卖盘
13:06:39,9.21,0.02,88,80986,买盘
13:06:42,9.21,0.0,354,325879,买盘
13:06:45,9.21,0.0,72,66313,卖盘
13:06:48,9.22,0.01,141,129871,买盘
13:06:51,9.21,-0.01,32,29494,卖盘
13:06:54,9.21,0.0,208,191593,卖盘
13:06:57,9.21,0.0,214,197230,卖盘
13:07:00,9.22,0.01,199,183358,买盘
13:07:03,9.22,0.0,161,148414,买盘
13:07:06,9.21,-0.01,986,908095,卖盘
13:07:09,9.27,0.06,3025,2797127,买盘
13:07:12,9.26,-0.01,41,37962,卖盘
13:07:15,9.26,0.0,26,24076,买盘
13:07:18,9.27,0.01,257,238295,买盘
13:07:21,9.28,0.01,30,27830,买盘
13:07:24,9.28,0.0,146,135237,买盘
13:07:27,9.29,0.01,103,95617,买盘
13:07:30,9.29,0.0,181,168076,买盘
13:07:33,9.29,0.0,423,392823,买盘
13:07:36,9.28,-0.01,320,297238,卖盘
13:07:39,9.3,0.02,151,140266,买盘
13:07:42,9.3,0.0,711,660592,买盘
13:07:45,9.3,0.0,312,290014,买盘
13:07:48,9.3,0.0,659,612819,买盘
13:07:51,9.3,0.0,163,151567,买盘
13:07:54,9.3,0.0,430,399784,买盘
13:07:57,9.3,0.0,305,283545,买盘
13:08:00,9.3,0.0,170,158053,买盘
13:08:03,9.3,0.0,809,752310,买盘
13:08:06,9.28,-0.02,1439,1335716,卖盘
13:08:09,9.28,0.0,344,319271,卖盘
13:08:12,9.25,-0.03,108,100152,卖盘
13:08:15,9.25,0.0,27,24996,买盘
13:08:18,9.23,-0.02,35,32305,卖盘
13:08:21,9.22,-0.01,251,232414,卖盘
13:08:24,9.21,-0.01,140,129085,卖盘
13:08:27,9.23,0.02,40,36895,中性盘
13:08:30,9.27,0.04,210,194166,买盘
13:08:33,9.27,0.0,49,45289,买盘
13:08:36,9.26,-0.01,1,926,中性盘
13:08:39,9.25,-0.01,8,7410,卖盘
13:08:42,9.25,0.0,269,249199,卖盘
13:08:45,9.26,0.01,78,72220,买盘
13:08:48,9.27,0.01,124,114841,买盘
13:08:51,9.26,-0.01,44,40786,卖盘
13:08:54,9.26,0.0,114,105624,卖盘
13:08:57,9.26,0.0,281,260330,卖盘
13:09:00,9.27,0.01,55,50958,买盘
13:09:03,9.26,-0.01,44,40762,卖盘
13:09:06,9.23,-0.03,661,611244,卖盘
13:09:09,9.22,-0.01,37,34122,卖盘
13:09:12,9.22,0.0,36,33193,中性盘
13:09:15,9.22,0.0,55,50690,买盘
13:09:18,9.22,0.0,242,223118,买盘
13:09:21,9.22,0.0,151,139340,卖盘
13:09:24,9.22,0.0,38,35044,卖盘
13:09:27,9.22,0.0,248,228677,卖盘
13:09:30,9.23,0.01,49,45186,买盘
13:09:33,9.24,0.01,17,15707,买盘
13:09:36,9.24,0.0,139,128418,买盘
13:09:39,9.24,0.0,74,68382,卖盘
13:09:42,9.24,0.0,3,2772,卖盘
13:09:45,9.24,0.0,28,25872,卖盘
13:09:48,9.25,0.01,264,244022,买盘
13:09:51,9.23,-0.02,152,140484,卖盘
13:09:54,9.23,0.0,213,196762,卖盘
13:09:57,9.23,0.0,313,288899,买盘
13:10:00,9.23,0.0,52,47980,买盘
13:10:03,9.23,0.0,34,31403,卖盘
13:10:06,9.25,0.02,392,362218,买盘
13:10:09,9.25,0.0,490,453247,买盘
13:10:12,9.28,0.03,1225,1135522,买盘
13:10:15,9.27,-0.01,100,92774,卖盘
13:10:18,9.29,0.02,390,361668,买盘
13:10:21,9.28,-0.01,16,14848,卖盘
13:10:24,9.28,0.0,184,170931,卖盘
13:10:27,9.28,0.0,73,67770,卖盘
13:10:30,9.29,0.01,247,229434,买盘
13:10:33,9.28,-0.01,90,83547,卖盘
13:10:36,9.27,-0.01,502,465982,卖盘
13:10:39,9.27,0.0,339,314422,卖盘
13:10:42,9.27,0.0,10,9270,买盘
13:10:45,9.27,0.0,62,57222,买盘
13:10:48,9.26,-0.01,169,156587,卖盘
13:10:51,9.27,0.01,2,1854,卖盘
13:10:54,9.26,-0.01,584,540828,卖盘
13:10:57,9.25,-0.01,116,107319,卖盘
13:11:00,9.26,0.01,696,644065,买盘
13:11:03,9.25,-0.01,122,112858,卖盘
13:11:06,9.25,0.0,68,62900,买盘
13:11:09,9.25,0.0,49,45300,买盘
13:11:12,9.24,-0.01,552,510477,卖盘
13:11:15,9.24,0.0,97,89654,买盘
13:11:18,9.24,0.0,70,64680,卖盘
13:11:21,9.25,0.01,6,5545,买盘
13:11:24,9.24,-0.01,114,105409,卖盘
13:11:27,9.25,0.01,51,47174,买盘
13:11:30,9.25,0.0,86,79545,买盘
13:11:36,9.26,0.01,47,43478,买盘
13:11:39,9.26,0.0,40,37016,买盘
13:11:42,9.26,0.0,400,369969,买盘
13:11:45,9.26,0.0,15,13891,卖盘
13:11:48,9.27,0.01,28,25935,买盘
13:11:51,9.27,0.0,269,249353,买盘
13:11:54,9.27,0.0,115,106553,买盘
13:11:57,9.26,-0.01,324,300408,卖盘
13:12:00,9.28,0.02,764,708966,买盘
13:12:03,9.28,0.0,14,12992,买盘
13:12:06,9.28,0.0,132,122470,买盘
13:12:09,9.27,-0.01,78,72312,卖盘
13:12:12,9.28,0.01,44,40804,买盘
13:12:15,9.27,-0.01,15,13905,卖盘
13:12:18,9.27,0.0,183,169710,买盘
13:12:21,9.27,0.0,142,131600,买盘
13:12:24,9.25,-0.02,47,43781,卖盘
13:12:27,9.25,0.0,128,118421,卖盘
13:12:30,9.25,0.0,229,211820,卖盘
13:12:33,9.24,-0.01,23,21270,卖盘
13:12:36,9.24,0.0,121,111884,卖盘
13:12:39,9.24,0.0,19,17556,卖盘
13:12:42,9.23,-0.01,169,156059,卖盘
13:12:45,9.23,0.0,198,182758,卖盘
13:12:48,9.24,0.01,222,205065,买盘
13:12:51,9.24,0.0,342,316071,买盘
13:12:54,9.24,0.0,177,163588,卖盘
13:12:57,9.23,-0.01,157,145055,卖盘
13:13:00,9.24,0.01,11,10169,中性盘
13:13:03,9.27,0.03,1247,1156952,买盘
13:13:06,9.29,0.02,384,356982,买盘
13:13:09,9.27,-0.02,82,76093,卖盘
13:13:15,9.28,0.01,22,20416,买盘
13:13:18,9.28,0.0,28,25967,买盘
13:13:21,9.26,-0.02,221,204940,卖盘
13:13:24,9.28,0.02,377,349841,买盘
13:13:27,9.28,0.0,353,327534,买盘
13:13:30,9.28,0.0,125,115973,买盘
13:13:33,9.28,0.0,28,25984,卖盘
13:13:36,9.28,0.0,171,158785,卖盘
13:13:39,9.29,0.01,831,771985,买盘
13:13:42,9.29,0.0,196,182114,卖盘
13:13:45,9.29,0.0,79,73396,卖盘
13:13:48,9.3,0.01,588,546698,买盘
13:13:51,9.29,-0.01,369,343101,卖盘
13:13:54,9.3,0.01,37,34398,买盘
13:13:57,9.3,0.0,97,90197,买盘
13:14:00,9.3,0.0,852,792149,买盘
13:14:03,9.29,-0.01,68,63172,卖盘
13:14:06,9.27,-0.02,555,515311,卖盘
13:14:09,9.28,0.01,252,233571,买盘
13:14:12,9.26,-0.02,83,76894,卖盘
13:14:15,9.28,0.02,103,95508,买盘
13:14:18,9.26,-0.02,21,19456,卖盘
13:14:21,9.27,0.01,46,42652,卖盘
13:14:24,9.26,-0.01,62,57451,卖盘
13:14:27,9.28,0.02,211,195768,买盘
13:14:30,9.28,0.0,30,27845,卖盘
13:14:33,9.28,0.0,99,91884,卖盘
13:14:36,9.29,0.01,79,73319,买盘
13:14:39,9.29,0.0,628,583290,买盘
13:14:42,9.29,0.0,153,142116,买盘
13:14:45,9.29,0.0,5,4645,买盘
13:14:48,9.29,0.0,47,43663,卖盘
13:14:51,9.29,0.0,26,24154,买盘
13:14:54,9.28,-0.01,49,45473,卖盘
13:14:57,9.29,0.01,14,13006,买盘
13:15:00,9.28,-0.01,203,188575,卖盘
13:15:03,9.28,0.0,559,518802,卖盘
13:15:06,9.28,0.0,286,265420,卖盘
13:15:09,9.28,0.0,10,9280,买盘
13:15:12,9.26,-0.02,63,58404,卖盘
13:15:15,9.27,0.01,92,85284,买盘
13:15:18,9.26,-0.01,54,50009,卖盘
13:15:21,9.26,0.0,127,117602,卖盘
13:15:24,9.27,0.01,55,50968,买盘
13:15:27,9.26,-0.01,13,12041,卖盘
13:15:30,9.25,-0.01,85,78739,卖盘
13:15:33,9.25,0.0,69,63856,卖盘
13:15:36,9.26,0.01,56,51826,买盘
13:15:39,9.26,0.0,221,204671,买盘
13:15:42,9.25,-0.01,66,61104,卖盘
13:15:45,9.25,0.0,458,423692,卖盘
13:15:48,9.25,0.0,204,188705,卖盘
13:15:51,9.24,-0.01,92,85347,卖盘
13:15:54,9.25,0.01,522,483281,买盘
13:15:57,9.25,0.0,125,115638,卖盘
13:16:00,9.25,0.0,418,386507,卖盘
13:16:03,9.27,0.02,845,782296,买盘
13:16:06,9.3,0.03,1177,1092976,买盘
13:16:09,9.3,0.0,2255,2096659,买盘
13:16:12,9.3,0.0,355,330092,买盘
13:16:15,9.3,0.0,188,174816,买盘
13:16:18,9.3,0.0,1317,1224310,买盘
13:16:21,9.31,0.01,2651,2465001,买盘
13:16:24,9.3,-0.01,595,553871,卖盘
13:16:27,9.31,0.01,599,557596,买盘
13:16:30,9.31,0.0,458,426394,买盘
13:16:33,9.32,0.01,71,66115,买盘
13:16:36,9.32,0.0,240,223616,买盘
13:16:39,9.33,0.01,1341,1250936,买盘
13:16:42,9.33,0.0,57,53181,卖盘
13:16:45,9.33,0.0,656,612897,卖盘
13:16:48,9.34,0.01,31,28931,买盘
13:16:51,9.35,0.01,236,220648,买盘
13:16:54,9.35,0.0,42,39256,买盘
13:16:57,9.35,0.0,249,232808,买盘
13:17:00,9.35,0.0,607,567290,买盘
13:17:03,9.35,0.0,331,309594,买盘
13:17:06,9.35,0.0,1322,1236822,卖盘
13:17:09,9.36,0.01,827,773976,买盘
13:17:12,9.37,0.01,203,190147,买盘
13:17:15,9.38,0.01,121,113469,买盘
13:17:18,9.37,-0.01,250,234318,卖盘
13:17:21,9.38,0.01,389,364833,买盘
13:17:24,9.37,-0.01,399,373970,卖盘
13:17:27,9.37,0.0,639,598527,买盘
13:17:30,9.37,0.0,525,491749,买盘
13:17:33,9.36,-0.01,144,134854,中性盘
13:17:36,9.36,0.0,508,475975,卖盘
13:17:39,9.34,-0.02,239,223814,卖盘
13:17:42,9.37,0.03,109,101585,买盘
13:17:45,9.4,0.03,6148,5774989,买盘
13:17:48,9.37,-0.03,238,222712,买盘
13:17:51,9.37,0.0,97,90844,买盘
13:17:54,9.37,0.0,110,103107,买盘
13:17:57,9.38,0.01,139,130266,买盘
13:18:00,9.39,0.01,181,169906,买盘
13:18:03,9.4,0.01,450,422555,买盘
13:18:06,9.39,-0.01,636,597660,卖盘
13:18:09,9.39,0.0,1110,1042526,卖盘
13:18:12,9.37,-0.02,1337,1253972,卖盘
13:18:15,9.37,0.0,624,585308,买盘
13:18:18,9.36,-0.01,145,135792,卖盘
13:18:21,9.39,0.03,371,347727,买盘
13:18:24,9.39,0.0,91,85355,买盘
13:18:27,9.39,0.0,144,135131,买盘
13:18:30,9.37,-0.02,319,299270,卖盘
13:18:33,9.37,0.0,114,106891,卖盘
13:18:36,9.37,0.0,241,225984,卖盘
13:18:39,9.38,0.01,69,64784,买盘
13:18:42,9.37,-0.01,356,333921,卖盘
13:18:45,9.37,0.0,423,396465,卖盘
13:18:48,9.35,-0.02,415,388343,卖盘
13:18:51,9.34,-0.01,348,325535,卖盘
13:18:54,9.35,0.01,166,155045,买盘
13:18:57,9.36,0.01,52,48633,买盘
13:19:00,9.36,0.0,32,29933,买盘
13:19:03,9.35,-0.01,87,81412,卖盘
13:19:06,9.35,0.0,173,161747,卖盘
13:19:09,9.35,0.0,1471,1372900,买盘
13:19:12,9.32,-0.03,652,607673,卖盘
13:19:15,9.31,-0.01,70,64895,卖盘
13:19:18,9.32,0.01,69,64278,买盘
13:19:21,9.32,0.0,12,11184,买盘
13:19:24,9.31,-0.01,34,31406,卖盘
13:19:27,9.32,0.01,158,147249,买盘
13:19:30,9.32,0.0,47,43759,买盘
13:19:33,9.32,0.0,64,59608,买盘
13:19:36,9.31,-0.01,664,618379,卖盘
13:19:39,9.32,0.01,318,296110,买盘
13:19:42,9.31,-0.01,436,405977,中性盘
13:19:45,9.31,0.0,19,17696,卖盘
13:19:48,9.32,0.01,125,116437,买盘
13:19:51,9.31,-0.01,200,186200,卖盘
13:19:54,9.3,-0.01,28,26050,卖盘
13:19:57,9.31,0.01,2,1862,买盘
13:20:00,9.31,0.0,157,146162,买盘
13:20:03,9.35,0.04,1179,1100845,买盘
13:20:06,9.36,0.01,417,390516,买盘
13:20:09,9.36,0.0,14,13104,卖盘
13:20:12,9.36,0.0,67,62638,卖盘
13:20:15,9.36,0.0,113,105834,买盘
13:20:18,9.36,0.0,151,141296,买盘
13:20:21,9.36,0.0,457,427729,买盘
13:20:24,9.35,-0.01,156,146002,卖盘
13:20:27,9.36,0.01,89,83301,买盘
13:20:30,9.34,-0.02,174,162710,卖盘
13:20:33,9.32,-0.02,158,147569,卖盘
13:20:36,9.33,0.01,249,232022,买盘
13:20:39,9.35,0.02,506,472676,买盘
13:20:42,9.35,0.0,29,27107,买盘
13:20:45,9.34,-0.01,47,43907,卖盘
13:20:48,9.35,0.01,33,30851,买盘
13:20:51,9.35,0.0,452,422538,卖盘
13:20:54,9.33,-0.02,165,154005,卖盘
13:20:57,9.33,0.0,39,36387,买盘
13:21:00,9.33,0.0,119,110984,买盘
13:21:03,9.33,0.0,67,62511,卖盘
13:21:06,9.34,0.01,583,544434,买盘
13:21:09,9.32,-0.02,185,172620,卖盘
13:21:12,9.32,0.0,37,34499,卖盘
13:21:15,9.32,0.0,849,792047,卖盘
13:21:18,9.33,0.01,140,130607,买盘
13:21:21,9.33,0.0,10,9330,卖盘
13:21:24,9.33,0.0,215,200595,卖盘
13:21:27,9.33,0.0,198,184668,买盘
13:21:30,9.32,-0.01,30,27982,卖盘
13:21:33,9.33,0.01,336,313479,买盘
13:21:36,9.33,0.0,52,48555,卖盘
13:21:39,9.33,0.0,13,12129,卖盘
13:21:42,9.34,0.01,35,32687,买盘
13:21:45,9.33,-0.01,2,1866,卖盘
13:21:48,9.34,0.01,150,139953,买盘
13:21:51,9.34,0.0,254,237156,买盘
13:21:54,9.34,0.0,42,39207,买盘
13:21:57,9.34,0.0,67,62573,买盘
13:22:00,9.33,-0.01,12,11204,卖盘
13:22:03,9.33,0.0,163,152149,卖盘
13:22:06,9.33,0.0,35,32652,买盘
13:22:09,9.33,0.0,5,4663,买盘
13:22:12,9.33,0.0,110,102576,买盘
13:22:15,9.32,-0.01,158,147392,卖盘
13:22:18,9.33,0.01,181,168870,买盘
13:22:21,9.33,0.0,154,143682,卖盘
13:22:24,9.33,0.0,110,102641,卖盘
13:22:27,9.34,0.01,23,21469,买盘
13:22:30,9.34,0.0,487,454660,买盘
13:22:33,9.34,0.0,10,9340,卖盘
13:22:36,9.34,0.0,27,25218,卖盘
13:22:39,9.34,0.0,7,6539,卖盘
13:22:42,9.33,-0.01,81,75658,卖盘
13:22:45,9.35,0.02,187,174750,买盘
13:22:48,9.34,-0.01,53,49470,中性盘
13:22:51,9.33,-0.01,7,6537,卖盘
13:22:54,9.33,0.0,26,24272,卖盘
13:22:57,9.32,-0.01,191,178196,卖盘
13:23:00,9.31,-0.01,746,695458,卖盘
13:23:03,9.32,0.01,313,291972,买盘
13:23:06,9.32,0.0,92,85668,买盘
13:23:09,9.31,-0.01,131,121912,卖盘
13:23:12,9.32,0.01,48,44733,买盘
13:23:15,9.31,-0.01,170,158318,卖盘
13:23:18,9.31,0.0,3,2793,卖盘
13:23:21,9.31,0.0,10,9310,卖盘
13:23:24,9.32,0.01,116,108100,买盘
13:23:27,9.33,0.01,191,178077,买盘
13:23:30,9.33,0.0,151,140883,卖盘
13:23:33,9.33,0.0,55,51365,卖盘
13:23:36,9.34,0.01,64,59726,买盘
13:23:39,9.33,-0.01,36,33593,卖盘
13:23:42,9.34,0.01,269,251236,买盘
13:23:45,9.33,-0.01,136,126888,卖盘
13:23:48,9.33,0.0,1,933,卖盘
13:23:51,9.33,0.0,177,165208,卖盘
13:23:54,9.34,0.01,65,60705,买盘
13:23:57,9.33,-0.01,220,205325,卖盘
13:24:00,9.34,0.01,239,223007,买盘
13:24:03,9.33,-0.01,64,59712,买盘
13:24:06,9.33,0.0,41,38221,买盘
13:24:09,9.33,0.0,64,59712,买盘
13:24:12,9.33,0.0,22,20524,买盘
13:24:15,9.33,0.0,18,16794,买盘
13:24:18,9.33,0.0,85,79224,买盘
13:24:21,9.33,0.0,12,11196,买盘
13:24:24,9.33,0.0,13,12126,买盘
13:24:27,9.33,0.0,32,29836,买盘
13:24:30,9.33,0.0,215,200487,买盘
13:24:33,9.32,-0.01,19,17708,买盘
13:24:36,9.31,-0.01,222,206672,卖盘
13:24:42,9.3,-0.01,56,52135,卖盘
13:24:45,9.31,0.01,119,110789,中性盘
13:24:48,9.35,0.04,2097,1957333,买盘
13:24:51,9.34,-0.01,78,72859,卖盘
13:24:54,9.35,0.01,45,42075,买盘
13:24:57,9.35,0.0,41,38315,买盘
13:25:00,9.34,-0.01,77,71923,卖盘
13:25:03,9.34,0.0,28,26179,卖盘
13:25:06,9.34,0.0,41,38294,卖盘
13:25:09,9.35,0.01,84,78472,买盘
13:25:12,9.34,-0.01,147,137340,卖盘
13:25:15,9.34,0.0,1,934,买盘
13:25:18,9.34,0.0,18,16807,买盘
13:25:21,9.34,0.0,87,81258,买盘
13:25:24,9.34,0.0,93,86849,买盘
13:25:27,9.34,0.0,31,28954,卖盘
13:25:30,9.34,0.0,108,100872,卖盘
13:25:33,9.34,0.0,55,51370,卖盘
13:25:36,9.34,0.0,80,74740,卖盘
13:25:39,9.34,0.0,10,9340,卖盘
13:25:42,9.35,0.01,28,26177,买盘
13:25:45,9.34,-0.01,202,188676,卖盘
13:25:48,9.34,0.0,56,52304,卖盘
13:25:51,9.35,0.01,354,330489,买盘
13:25:54,9.34,-0.01,304,283955,买盘
13:25:57,9.34,0.0,7,6538,买盘
13:26:00,9.34,0.0,138,128892,买盘
13:26:03,9.34,0.0,200,186800,卖盘
13:26:06,9.35,0.01,20,18690,买盘
13:26:09,9.35,0.0,942,880600,买盘
13:26:12,9.35,0.0,166,155198,买盘
13:26:15,9.34,-0.01,442,413260,卖盘
13:26:18,9.35,0.01,925,864875,买盘
13:26:21,9.36,0.01,344,321662,买盘
13:26:24,9.36,0.0,129,120703,买盘
13:26:27,9.36,0.0,35,32760,买盘
13:26:30,9.36,0.0,5,4680,买盘
13:26:33,9.36,0.0,155,145078,买盘
13:26:36,9.36,0.0,261,244256,买盘
13:26:39,9.36,0.0,282,263941,买盘
13:26:42,9.36,0.0,26,24325,买盘
13:26:45,9.36,0.0,51,47736,买盘
13:26:48,9.38,0.02,2284,2141423,买盘
13:26:51,9.36,-0.02,67,62763,中性盘
13:26:54,9.37,0.01,2,1874,中性盘
13:26:57,9.37,0.0,51,47787,卖盘
13:27:00,9.38,0.01,208,195054,买盘
13:27:03,9.37,-0.01,46,43102,买盘
13:27:06,9.37,0.0,216,202432,买盘
13:27:09,9.38,0.01,96,90038,买盘
13:27:12,9.37,-0.01,2154,2020893,卖盘
13:27:15,9.39,0.02,196,183935,买盘
13:27:18,9.38,-0.01,94,88175,卖盘
13:27:21,9.39,0.01,67,62883,买盘
13:27:24,9.39,0.0,85,79738,买盘
13:27:27,9.39,0.0,144,135166,买盘
13:27:30,9.38,-0.01,76,71356,卖盘
13:27:33,9.39,0.01,286,268515,买盘
13:27:36,9.38,-0.01,112,105109,卖盘
13:27:39,9.38,0.0,177,166200,卖盘
13:27:42,9.39,0.01,29,27218,买盘
13:27:45,9.38,-0.01,377,353972,卖盘
13:27:48,9.39,0.01,700,657290,买盘
13:27:51,9.39,0.0,107,100278,买盘
13:27:54,9.39,0.0,95,89205,卖盘
13:27:57,9.4,0.01,996,936203,买盘
13:28:00,9.39,-0.01,215,201962,卖盘
13:28:03,9.4,0.01,151,141940,买盘
13:28:06,9.39,-0.01,396,372050,卖盘
13:28:09,9.39,0.0,356,334412,卖盘
13:28:12,9.4,0.01,226,212414,买盘
13:28:15,9.4,0.0,129,121184,买盘
13:28:18,9.4,0.0,384,360870,买盘
13:28:21,9.4,0.0,473,444576,买盘
13:28:24,9.39,-0.01,325,305451,卖盘
13:28:27,9.4,0.01,96,90240,买盘
13:28:30,9.4,0.0,204,191713,买盘
13:28:33,9.39,-0.01,596,559871,卖盘
13:28:36,9.36,-0.03,1163,1090399,卖盘
13:28:39,9.39,0.03,1104,1034642,买盘
13:28:42,9.4,0.01,306,287435,买盘
13:28:45,9.4,0.0,516,484842,买盘
13:28:48,9.39,-0.01,337,316498,卖盘
13:28:51,9.39,0.0,225,211289,卖盘
13:28:54,9.39,0.0,175,164337,卖盘
13:28:57,9.39,0.0,325,305333,卖盘
13:29:00,9.4,0.01,831,781058,买盘
13:29:03,9.4,0.0,273,256412,买盘
13:29:06,9.4,0.0,183,172004,买盘
13:29:09,9.39,-0.01,17,15967,卖盘
13:29:12,9.4,0.01,53,49811,买盘
13:29:15,9.39,-0.01,27,25369,卖盘
13:29:18,9.39,0.0,29,27251,卖盘
13:29:21,9.4,0.01,66,61990,买盘
13:29:24,9.39,-0.01,53,49784,卖盘
13:29:27,9.39,0.0,175,164351,卖盘
13:29:30,9.4,0.01,505,474231,买盘
13:29:33,9.39,-0.01,121,113619,卖盘
13:29:36,9.38,-0.01,155,145450,卖盘
13:29:39,9.38,0.0,535,502371,卖盘
13:29:42,9.39,0.01,125,117350,买盘
13:29:45,9.38,-0.01,36,33768,卖盘
13:29:48,9.38,0.0,62,58150,买盘
13:29:51,9.38,0.0,239,224181,买盘
13:29:54,9.38,0.0,96,90044,买盘
13:29:57,9.38,0.0,119,111623,卖盘
13:30:00,9.38,0.0,152,142576,卖盘
13:30:03,9.38,0.0,114,106948,卖盘
13:30:06,9.38,0.0,58,54414,卖盘
13:30:09,9.37,-0.01,27,25316,卖盘
13:30:12,9.38,0.01,27,25323,买盘
13:30:15,9.37,-0.01,311,291412,卖盘
13:30:18,9.37,0.0,72,67461,买盘
13:30:21,9.37,0.0,206,193022,买盘
13:30:24,9.37,0.0,72,67461,买盘
13:30:27,9.36,-0.01,730,683440,卖盘
13:30:30,9.37,0.01,175,163827,买盘
13:30:33,9.36,-0.01,66,61776,卖盘
13:30:36,9.36,0.0,479,448407,卖盘
13:30:39,9.37,0.01,110,102980,买盘
13:30:42,9.35,-0.02,12,11221,卖盘
13:30:45,9.35,0.0,20,18700,卖盘
13:30:48,9.35,0.0,34,31790,卖盘
13:30:51,9.36,0.01,78,72968,买盘
13:30:54,9.35,-0.01,58,54230,卖盘
13:30:57,9.34,-0.01,51,47686,卖盘
13:31:00,9.34,0.0,100,93410,卖盘
13:31:03,9.34,0.0,49,45806,卖盘
13:31:06,9.34,0.0,181,169032,卖盘
13:31:09,9.34,0.0,525,490581,买盘
13:31:12,9.39,0.05,1905,1785301,买盘
13:31:15,9.38,-0.01,183,171654,卖盘
13:31:18,9.38,0.0,36,33768,卖盘
13:31:21,9.39,0.01,72,67549,买盘
13:31:24,9.39,0.0,42,39419,买盘
13:31:27,9.37,-0.02,113,105975,卖盘
13:31:30,9.38,0.01,62,58181,买盘
13:31:33,9.38,0.0,121,113552,卖盘
13:31:36,9.38,0.0,152,142689,卖盘
13:31:39,9.39,0.01,178,167045,买盘
13:31:42,9.37,-0.02,275,257893,卖盘
13:31:45,9.38,0.01,409,383641,买盘
13:31:48,9.38,0.0,35,32807,买盘
13:31:51,9.37,-0.01,161,150987,卖盘
13:31:54,9.37,0.0,32,30002,卖盘
13:31:57,9.38,0.01,119,111521,买盘
13:32:00,9.36,-0.02,424,397185,卖盘
13:32:03,9.36,0.0,26,24336,买盘
13:32:06,9.36,0.0,57,53299,买盘
13:32:09,9.37,0.01,37,34657,买盘
13:32:12,9.37,0.0,84,78646,买盘
13:32:15,9.36,-0.01,145,135748,卖盘
13:32:21,9.36,0.0,77,72075,卖盘
13:32:24,9.36,0.0,450,421423,卖盘
13:32:27,9.36,0.0,34,31851,卖盘
13:32:30,9.36,0.0,168,157325,卖盘
13:32:33,9.36,0.0,63,59025,卖盘
13:32:36,9.36,0.0,23,21548,卖盘
13:32:39,9.35,-0.01,274,256429,卖盘
13:32:42,9.35,0.0,76,71060,卖盘
13:32:45,9.36,0.01,14,13101,买盘
13:32:48,9.35,-0.01,69,64520,卖盘
13:32:54,9.34,-0.01,74,69125,卖盘
13:32:57,9.35,0.01,2,1870,买盘
13:33:00,9.34,-0.01,14,13076,卖盘
13:33:03,9.34,0.0,3,2803,卖盘
13:33:06,9.34,0.0,496,463280,卖盘
13:33:09,9.34,0.0,30,28020,买盘
13:33:12,9.34,0.0,147,137298,买盘
13:33:18,9.34,0.0,323,301469,买盘
13:33:21,9.34,0.0,38,35455,买盘
13:33:24,9.33,-0.01,33,30789,卖盘
13:33:27,9.34,0.01,16,14931,买盘
13:33:30,9.34,0.0,208,194094,买盘
13:33:33,9.34,0.0,212,197907,买盘
13:33:36,9.33,-0.01,159,148353,卖盘
13:33:39,9.33,0.0,72,67226,卖盘
13:33:42,9.33,0.0,99,92404,卖盘
13:33:48,9.33,0.0,74,69042,卖盘
13:33:51,9.34,0.01,457,426828,买盘
13:33:54,9.33,-0.01,72,67245,卖盘
13:33:57,9.33,0.0,84,78451,卖盘
13:34:00,9.34,0.01,51,47594,买盘
13:34:03,9.33,-0.01,360,335891,卖盘
13:34:06,9.34,0.01,89,83116,买盘
13:34:09,9.36,0.02,1055,986356,买盘
13:34:12,9.37,0.01,291,272528,买盘
13:34:15,9.37,0.0,104,97448,卖盘
13:34:18,9.37,0.0,5,4685,卖盘
13:34:21,9.37,0.0,133,124635,卖盘
13:34:24,9.37,0.0,176,164912,卖盘
13:34:27,9.37,0.0,5,4685,卖盘
13:34:30,9.37,0.0,243,227693,卖盘
13:34:33,9.37,0.0,134,125508,卖盘
13:34:36,9.37,0.0,54,50579,买盘
13:34:39,9.37,0.0,189,177161,买盘
13:34:42,9.37,0.0,190,178158,卖盘
13:34:45,9.37,0.0,169,158381,卖盘
13:34:48,9.37,0.0,215,201602,卖盘
13:34:51,9.37,0.0,11,10317,卖盘
13:34:54,9.37,0.0,925,866774,卖盘
13:34:57,9.38,0.01,595,557888,买盘
13:35:00,9.38,0.0,19,17817,买盘
13:35:03,9.37,-0.01,357,334528,卖盘
13:35:06,9.39,0.02,2001,1877751,买盘
13:35:09,9.4,0.01,1996,1875233,买盘
13:35:12,9.39,-0.01,30,28170,卖盘
13:35:15,9.4,0.01,1548,1455100,买盘
13:35:18,9.4,0.0,1838,1727581,买盘
13:35:21,9.41,0.01,3128,2941491,买盘
13:35:24,9.42,0.01,2023,1903946,买盘
13:35:27,9.42,0.0,760,715816,买盘
13:35:30,9.42,0.0,803,756396,买盘
13:35:33,9.42,0.0,954,898637,买盘
13:35:36,9.42,0.0,764,719471,买盘
13:35:39,9.42,0.0,278,261696,买盘
13:35:42,9.42,0.0,136,128094,买盘
13:35:45,9.42,0.0,339,319259,买盘
13:35:48,9.42,0.0,284,267503,买盘
13:35:51,9.42,0.0,485,456672,买盘
13:35:54,9.42,0.0,501,471926,买盘
13:35:57,9.42,0.0,1796,1691831,买盘
13:36:00,9.42,0.0,695,654675,买盘
13:36:03,9.42,0.0,327,307918,买盘
13:36:06,9.42,0.0,995,937192,买盘
13:36:09,9.42,0.0,1740,1639018,买盘
13:36:12,9.42,0.0,387,364331,买盘
13:36:15,9.42,0.0,522,491680,买盘
13:36:18,9.42,0.0,135,127151,买盘
13:36:21,9.41,-0.01,298,280686,卖盘
13:36:24,9.42,0.01,764,719414,买盘
13:36:27,9.42,0.0,310,291915,买盘
13:36:30,9.41,-0.01,194,182718,卖盘
13:36:33,9.42,0.01,139,130933,买盘
13:36:36,9.42,0.0,137,129053,买盘
13:36:39,9.41,-0.01,354,333355,卖盘
13:36:42,9.42,0.01,107,100734,买盘
13:36:45,9.41,-0.01,161,151557,卖盘
13:36:48,9.41,0.0,143,134653,卖盘
13:36:51,9.41,0.0,197,185391,卖盘
13:36:54,9.41,0.0,217,204288,卖盘
13:36:57,9.41,0.0,150,141179,卖盘
13:37:00,9.41,0.0,354,333122,卖盘
13:37:03,9.41,0.0,261,245601,买盘
13:37:06,9.41,0.0,380,357257,买盘
13:37:09,9.41,0.0,479,450599,买盘
13:37:12,9.41,0.0,85,79938,买盘
13:37:15,9.4,-0.01,57,53607,卖盘
13:37:18,9.4,0.0,78,73340,卖盘
13:37:21,9.4,0.0,145,136315,卖盘
13:37:24,9.41,0.01,17,15991,买盘
13:37:27,9.4,-0.01,244,229360,卖盘
13:37:30,9.4,0.0,16,15040,买盘
13:37:33,9.4,0.0,15,14100,买盘
13:37:36,9.4,0.0,46,43232,买盘
13:37:39,9.39,-0.01,269,252725,卖盘
13:37:42,9.4,0.01,3,2820,买盘
13:37:45,9.39,-0.01,76,71431,卖盘
13:37:48,9.4,0.01,578,543309,买盘
13:37:51,9.39,-0.01,19,17844,卖盘
13:37:54,9.4,0.01,47,44180,买盘
13:37:57,9.39,-0.01,24,22543,卖盘
13:38:00,9.4,0.01,56,52627,买盘
13:38:03,9.39,-0.01,15,14085,卖盘
13:38:06,9.39,0.0,77,72365,卖盘
13:38:09,9.39,0.0,78,73295,卖盘
13:38:12,9.4,0.01,115,108039,买盘
13:38:15,9.4,0.0,4,3760,买盘
13:38:18,9.39,-0.01,148,138977,卖盘
13:38:21,9.4,0.01,154,144723,买盘
13:38:24,9.4,0.0,94,88301,买盘
13:38:27,9.39,-0.01,61,57279,卖盘
13:38:30,9.4,0.01,49,46040,买盘
13:38:33,9.4,0.0,45,42266,买盘
13:38:36,9.39,-0.01,139,130522,卖盘
13:38:39,9.39,0.0,19,17841,买盘
13:38:42,9.38,-0.01,125,117304,卖盘
13:38:45,9.38,0.0,101,94738,卖盘
13:38:48,9.38,0.0,13,12204,卖盘
13:38:54,9.38,0.0,93,87234,卖盘
13:38:57,9.39,0.01,105,98571,买盘
13:39:00,9.39,0.0,168,157740,买盘
13:39:03,9.38,-0.01,60,56280,卖盘
13:39:06,9.38,0.0,51,47868,卖盘
13:39:09,9.38,0.0,80,75070,卖盘
13:39:12,9.38,0.0,40,37520,卖盘
13:39:15,9.39,0.01,8,7507,买盘
13:39:18,9.38,-0.01,103,96711,卖盘
13:39:21,9.39,0.01,20,18780,买盘
13:39:24,9.38,-0.01,14,13132,卖盘
13:39:27,9.39,0.01,33,30987,买盘
13:39:30,9.39,0.0,37,34735,买盘
13:39:33,9.39,0.0,3,2817,买盘
13:39:36,9.39,0.0,612,574646,买盘
13:39:39,9.41,0.02,1655,1555771,买盘
13:39:42,9.41,0.0,744,700104,买盘
13:39:45,9.41,0.0,855,804552,买盘
13:39:48,9.42,0.01,585,551066,买盘
13:39:51,9.42,0.0,188,177057,买盘
13:39:54,9.42,0.0,532,500913,买盘
13:39:57,9.42,0.0,407,383292,买盘
13:40:00,9.42,0.0,100,94178,买盘
13:40:03,9.42,0.0,179,168604,买盘
13:40:06,9.41,-0.01,990,930962,卖盘
13:40:09,9.42,0.01,202,190120,买盘
13:40:12,9.41,-0.01,67,63077,卖盘
