成交时间,成交价格,价格变动,成交量,成交金额,性质
09:25:02,12.31,0.01,4466,5497646,买盘
09:30:02,12.46,0.15,1587,1976523,买盘
09:30:05,12.48,0.02,610,762289,中性盘
09:30:08,12.45,-0.03,1587,1985961,卖盘
09:30:11,12.63,0.18,958,1204181,买盘
09:30:14,12.46,-0.17,1121,1406214,卖盘
09:30:17,12.75,0.29,844,1068479,买盘
09:30:20,12.79,0.04,240,306415,买盘
09:30:23,12.94,0.15,455,586298,买盘
09:30:26,12.97,0.03,407,527445,买盘
09:30:29,12.99,0.02,753,977877,买盘
09:30:32,13.03,0.04,2437,3170735,买盘
09:30:35,12.97,-0.06,3366,4370152,卖盘
09:30:38,12.9,-0.07,3539,4586229,卖盘
09:30:41,12.99,0.09,1037,1342590,买盘
09:30:44,13.04,0.05,6242,8125657,买盘
09:30:47,13.04,0.0,864,1126134,卖盘
09:30:50,13.04,0.0,1151,1500904,卖盘
09:30:53,13.04,0.0,1494,1948176,卖盘
09:30:56,13.04,0.0,7644,9967776,卖盘
09:30:59,13.04,0.0,3995,5209264,卖盘
09:31:02,13.04,0.0,2305,3004507,买盘
09:31:05,13.04,0.0,2728,3557312,卖盘
09:31:08,13.04,0.0,1729,2254446,卖盘
09:31:11,13.0,-0.04,1075,1399734,卖盘
09:31:14,12.98,-0.02,1136,1474748,卖盘
09:31:17,12.96,-0.02,274,355218,卖盘
09:31:20,12.94,-0.02,800,1034869,卖盘
09:31:23,12.9,-0.04,384,495957,卖盘
09:31:26,12.89,-0.01,951,1221243,卖盘
09:31:29,12.78,-0.11,114,146048,卖盘
09:31:32,12.77,-0.01,185,236247,卖盘
09:31:35,12.78,0.01,661,844589,买盘
09:31:38,12.81,0.03,706,901815,买盘
09:31:41,12.85,0.04,1756,2255596,中性盘
09:31:44,12.85,0.0,1121,1437718,买盘
09:31:47,12.83,-0.02,1133,1453567,卖盘
09:31:50,12.87,0.04,352,451919,买盘
09:31:53,12.85,-0.02,438,563704,中性盘
09:31:56,12.85,0.0,587,753499,买盘
09:31:59,12.8,-0.05,749,961623,卖盘
09:32:02,12.8,0.0,698,895672,卖盘
09:32:05,12.85,0.05,844,1081391,买盘
09:32:08,12.85,0.0,374,480755,卖盘
09:32:11,12.87,0.02,1120,1441270,买盘
09:32:14,12.9,0.03,918,1183721,买盘
09:32:17,12.87,-0.03,1195,1545259,卖盘
09:32:20,12.97,0.1,506,655531,买盘
09:32:23,12.96,-0.01,1118,1450167,中性盘
09:32:26,12.98,0.02,970,1258752,买盘
09:32:29,12.91,-0.07,1580,2044067,卖盘
09:32:32,12.9,-0.01,415,538185,中性盘
09:32:35,12.95,0.05,412,531387,买盘
09:32:38,12.9,-0.05,960,1237066,卖盘
09:32:41,12.94,0.04,252,325228,买盘
09:32:44,12.92,-0.02,563,728099,买盘
09:32:47,12.92,0.0,782,1010221,买盘
09:32:50,12.94,0.02,338,436912,买盘
09:32:53,12.92,-0.02,350,452825,卖盘
09:32:56,12.9,-0.02,928,1199163,卖盘
09:32:59,12.92,0.02,747,963862,买盘
09:33:02,12.9,-0.02,323,416883,中性盘
09:33:05,12.86,-0.04,439,564948,卖盘
09:33:08,12.87,0.01,209,268702,买盘
09:33:11,12.86,-0.01,303,389310,卖盘
09:33:14,12.85,-0.01,206,264480,中性盘
09:33:17,12.83,-0.02,189,242607,中性盘
09:33:20,12.82,-0.01,284,363792,中性盘
09:33:23,12.79,-0.03,1607,2056807,卖盘
09:33:26,12.8,0.01,226,289125,买盘
09:33:29,12.79,-0.01,276,353083,中性盘
09:33:32,12.78,-0.01,286,365683,卖盘
09:33:35,12.77,-0.01,75,95824,卖盘
09:33:38,12.75,-0.02,100,127632,卖盘
09:33:41,12.74,-0.01,183,233371,卖盘
09:33:44,12.73,-0.01,143,182036,卖盘
09:33:47,12.7,-0.03,654,830950,卖盘
09:33:50,12.69,-0.01,147,186704,卖盘
09:33:53,12.69,0.0,110,139530,买盘
09:33:56,12.68,-0.01,179,226967,卖盘
09:33:59,12.68,0.0,441,558656,买盘
09:34:02,12.66,-0.02,539,682715,卖盘
09:34:05,12.66,0.0,725,918163,卖盘
09:34:08,12.66,0.0,1395,1766967,卖盘
09:34:11,12.66,0.0,956,1210797,买盘
09:34:14,12.66,0.0,816,1033968,卖盘
09:34:17,12.68,0.02,104,131760,买盘
09:34:20,12.69,0.01,134,169784,买盘
09:34:23,12.68,-0.01,169,214475,卖盘
09:34:26,12.68,0.0,141,178895,卖盘
09:34:29,12.7,0.02,386,489979,买盘
09:34:32,12.7,0.0,225,285715,买盘
09:34:35,12.72,0.02,169,214690,买盘
09:34:38,12.72,0.0,142,180529,买盘
09:34:41,12.72,0.0,209,265839,买盘
09:34:44,12.72,0.0,93,118285,买盘
09:34:47,12.71,-0.01,202,256714,中性盘
09:34:50,12.7,-0.01,339,430493,卖盘
09:34:53,12.7,0.0,337,427874,买盘
09:34:56,12.71,0.01,204,259126,买盘
09:34:59,12.7,-0.01,76,96554,卖盘
09:35:02,12.7,0.0,254,322579,卖盘
09:35:05,12.7,0.0,260,330189,卖盘
09:35:08,12.69,-0.01,291,369673,卖盘
09:35:11,12.69,0.0,121,153627,卖盘
09:35:14,12.7,0.01,208,264157,买盘
09:35:17,12.7,0.0,75,95243,卖盘
09:35:20,12.7,0.0,270,342844,卖盘
09:35:23,12.69,-0.01,257,326294,卖盘
09:35:26,12.69,0.0,108,137023,买盘
09:35:29,12.66,-0.03,1755,2223661,卖盘
09:35:32,12.65,-0.01,175,221294,中性盘
09:35:35,12.62,-0.03,81,102251,卖盘
09:35:38,12.6,-0.02,741,934310,卖盘
09:35:41,12.6,0.0,103,129835,卖盘
09:35:44,12.6,0.0,96,120972,卖盘
09:35:47,12.59,-0.01,98,123518,卖盘
09:35:50,12.59,0.0,134,168793,卖盘
09:35:53,12.59,0.0,126,158644,卖盘
09:35:56,12.58,-0.01,265,333569,卖盘
09:35:59,12.57,-0.01,82,103109,卖盘
09:36:02,12.58,0.01,138,173489,买盘
09:36:05,12.58,0.0,35,44021,买盘
09:36:08,12.57,-0.01,761,957558,卖盘
09:36:11,12.6,0.03,467,588226,买盘
09:36:14,12.62,0.02,334,420633,买盘
09:36:17,12.62,0.0,382,480870,买盘
09:36:20,12.62,0.0,149,187998,买盘
09:36:23,12.6,-0.02,304,383604,卖盘
09:36:26,12.6,0.0,150,189158,卖盘
09:36:29,12.62,0.02,181,228155,买盘
09:36:32,12.62,0.0,101,127296,买盘
09:36:35,12.61,-0.01,149,187904,中性盘
09:36:38,12.61,0.0,102,128563,卖盘
09:36:41,12.61,0.0,94,118499,买盘
09:36:44,12.61,0.0,172,216764,买盘
09:36:47,12.6,-0.01,252,317472,卖盘
09:36:50,12.61,0.01,104,131121,买盘
09:36:53,12.61,0.0,37,46652,买盘
09:36:56,12.59,-0.02,453,570669,卖盘
09:36:59,12.6,0.01,114,143604,买盘
09:37:02,12.6,0.0,46,57960,买盘
09:37:05,12.59,-0.01,120,151076,中性盘
09:37:08,12.59,0.0,31,39029,买盘
09:37:11,12.58,-0.01,139,174893,卖盘
09:37:14,12.58,0.0,260,327031,卖盘
09:37:17,12.58,0.0,38,47790,买盘
09:37:20,12.57,-0.01,148,186163,卖盘
09:37:23,12.58,0.01,31,38997,买盘
09:37:26,12.57,-0.01,37,46518,卖盘
09:37:29,12.58,0.01,40,50316,买盘
09:37:32,12.58,0.0,121,152198,买盘
09:37:35,12.58,0.0,41,51548,买盘
09:37:38,12.58,0.0,102,128299,买盘
09:37:41,12.58,0.0,332,417256,买盘
09:37:44,12.57,-0.01,141,177332,卖盘
09:37:47,12.57,0.0,101,126975,卖盘
09:37:50,12.57,0.0,20,25140,买盘
09:37:53,12.56,-0.01,74,92951,卖盘
09:37:56,12.56,0.0,69,86682,卖盘
09:37:59,12.57,0.01,54,67831,买盘
09:38:02,12.56,-0.01,622,781492,卖盘
09:38:05,12.56,0.0,379,475902,卖盘
09:38:08,12.53,-0.03,89,111712,卖盘
09:38:11,12.53,0.0,91,114195,卖盘
09:38:14,12.53,0.0,7,8775,卖盘
09:38:17,12.52,-0.01,132,165338,卖盘
09:38:20,12.51,-0.01,223,278984,卖盘
09:38:23,12.5,-0.01,29,36260,卖盘
09:38:26,12.5,0.0,510,637535,卖盘
09:38:29,12.48,-0.02,655,818520,卖盘
09:38:32,12.49,0.01,18,22481,买盘
09:38:35,12.46,-0.03,22,27421,卖盘
09:38:38,12.48,0.02,251,313152,买盘
09:38:41,12.46,-0.02,253,315286,卖盘
09:38:44,12.48,0.02,134,167120,买盘
09:38:47,12.49,0.01,42,52413,买盘
09:38:50,12.48,-0.01,306,381484,卖盘
09:38:53,12.47,-0.01,86,107269,卖盘
09:38:56,12.48,0.01,136,169727,买盘
09:38:59,12.47,-0.01,149,185832,卖盘
09:39:02,12.47,0.0,53,66091,买盘
09:39:05,12.46,-0.01,131,163167,卖盘
09:39:08,12.45,-0.01,142,176751,卖盘
09:39:11,12.45,0.0,25,31115,买盘
09:39:14,12.45,0.0,14,17428,买盘
09:39:17,12.44,-0.01,93,115628,中性盘
09:39:20,12.45,0.01,669,832270,买盘
09:39:23,12.45,0.0,240,298800,卖盘
09:39:26,12.44,-0.01,118,146873,卖盘
09:39:29,12.45,0.01,15,18661,买盘
09:39:32,12.44,-0.01,88,109521,卖盘
09:39:35,12.44,0.0,60,74640,买盘
09:39:38,12.45,0.01,170,211475,买盘
09:39:41,12.44,-0.01,129,160459,中性盘
09:39:44,12.44,0.0,315,391942,买盘
09:39:47,12.43,-0.01,225,279756,卖盘
09:39:50,12.44,0.01,340,422749,买盘
09:39:53,12.44,0.0,27,33589,卖盘
09:39:56,12.45,0.01,35,43547,买盘
09:39:59,12.44,-0.01,204,253776,卖盘
09:40:02,12.44,0.0,205,254990,买盘
09:40:05,12.44,0.0,178,221405,买盘
09:40:08,12.44,0.0,407,506070,买盘
09:40:11,12.44,0.0,39,48516,买盘
09:40:14,12.44,0.0,140,174131,买盘
09:40:17,12.44,0.0,114,141876,卖盘
09:40:20,12.44,0.0,173,215325,卖盘
09:40:23,12.45,0.01,154,191546,买盘
09:40:26,12.45,0.0,94,116994,买盘
09:40:29,12.45,0.0,38,47320,买盘
09:40:32,12.45,0.0,9,11209,卖盘
09:40:35,12.45,0.0,213,265150,卖盘
09:40:38,12.46,0.01,87,108402,买盘
09:40:41,12.46,0.0,136,169450,买盘
09:40:44,12.47,0.01,58,72291,买盘
09:40:47,12.47,0.0,104,129688,买盘
09:40:50,12.47,0.0,261,325317,卖盘
09:40:53,12.48,0.01,102,127279,买盘
09:40:56,12.48,0.0,286,356831,买盘
09:40:59,12.49,0.01,147,183461,买盘
09:41:02,12.48,-0.01,119,148534,卖盘
09:41:05,12.48,0.0,189,235875,买盘
09:41:08,12.43,-0.05,662,823943,卖盘
09:41:11,12.41,-0.02,673,835352,卖盘
09:41:14,12.41,0.0,80,99269,买盘
09:41:17,12.41,0.0,15,18615,买盘
09:41:20,12.41,0.0,129,159975,买盘
09:41:23,12.41,0.0,121,150101,买盘
09:41:26,12.41,0.0,68,84400,买盘
09:41:29,12.42,0.01,15,18622,买盘
09:41:32,12.41,-0.01,119,147686,卖盘
09:41:35,12.42,0.01,42,52157,中性盘
09:41:38,12.42,0.0,8,9932,买盘
09:41:41,12.42,0.0,29,35998,买盘
09:41:44,12.42,0.0,36,44712,卖盘
09:41:47,12.42,0.0,94,116784,卖盘
09:41:50,12.43,0.01,16,19888,买盘
09:41:53,12.42,-0.01,5,6213,卖盘
09:41:56,12.43,0.01,82,101876,买盘
09:41:59,12.42,-0.01,40,49680,卖盘
09:42:02,12.42,0.0,38,47196,买盘
09:42:05,12.42,0.0,226,280510,买盘
09:42:08,12.42,0.0,107,132888,买盘
09:42:11,12.42,0.0,76,94405,卖盘
09:42:14,12.42,0.0,22,27324,卖盘
09:42:17,12.41,-0.01,70,86914,卖盘
09:42:20,12.41,0.0,233,289135,卖盘
09:42:23,12.41,0.0,21,26061,中性盘
09:42:26,12.4,-0.01,115,142672,卖盘
09:42:29,12.4,0.0,1321,1638060,卖盘
09:42:32,12.39,-0.01,455,564070,卖盘
09:42:35,12.4,0.01,293,363170,买盘
09:42:38,12.38,-0.02,19,23533,卖盘
09:42:41,12.38,0.0,359,444272,卖盘
09:42:44,12.37,-0.01,23,28452,中性盘
09:42:47,12.36,-0.01,101,124869,卖盘
09:42:50,12.37,0.01,140,173100,买盘
09:42:53,12.36,-0.01,210,259795,卖盘
09:42:56,12.36,0.0,123,152077,卖盘
09:42:59,12.37,0.01,34,42050,买盘
09:43:02,12.36,-0.01,109,134833,卖盘
09:43:08,12.36,0.0,94,116276,卖盘
09:43:11,12.37,0.01,154,190370,中性盘
09:43:14,12.38,0.01,99,122470,买盘
09:43:17,12.38,0.0,60,74278,买盘
09:43:20,12.38,0.0,58,71778,买盘
09:43:23,12.38,0.0,197,243600,买盘
09:43:26,12.38,0.0,1,1238,卖盘
09:43:29,12.38,0.0,439,543844,卖盘
09:43:32,12.4,0.02,68,84296,买盘
09:43:35,12.39,-0.01,153,189604,卖盘
09:43:38,12.39,0.0,84,104157,卖盘
09:43:41,12.4,0.01,98,121493,买盘
09:43:44,12.4,0.0,106,131440,买盘
09:43:47,12.4,0.0,220,272773,买盘
09:43:50,12.4,0.0,367,455083,买盘
09:43:53,12.41,0.01,11,13641,买盘
09:43:56,12.41,0.0,49,60769,买盘
09:43:59,12.41,0.0,166,205972,买盘
09:44:02,12.41,0.0,118,146388,买盘
09:44:05,12.41,0.0,154,191114,买盘
09:44:08,12.41,0.0,206,255496,买盘
09:44:11,12.41,0.0,191,236994,买盘
09:44:14,12.4,-0.01,38,47130,卖盘
09:44:17,12.41,0.01,142,176173,买盘
09:44:20,12.4,-0.01,167,207181,卖盘
09:44:23,12.4,0.0,102,126517,卖盘
09:44:26,12.4,0.0,290,359620,卖盘
09:44:29,12.4,0.0,178,220709,买盘
09:44:32,12.4,0.0,62,76858,买盘
09:44:35,12.4,0.0,35,43400,买盘
09:44:38,12.39,-0.01,102,126378,卖盘
09:44:41,12.39,0.0,7,8673,买盘
09:44:44,12.4,0.01,26,32225,买盘
09:44:47,12.38,-0.02,40,49535,卖盘
09:44:50,12.4,0.02,110,136348,买盘
09:44:53,12.4,0.0,10,12400,买盘
09:44:56,12.39,-0.01,8,9912,卖盘
09:44:59,12.4,0.01,41,50819,买盘
09:45:02,12.41,0.01,57,70700,买盘
09:45:05,12.43,0.02,545,676524,买盘
09:45:08,12.45,0.02,54,67183,买盘
09:45:11,12.45,0.0,42,52247,买盘
09:45:14,12.46,0.01,84,104661,买盘
09:45:17,12.46,0.0,122,151990,买盘
09:45:20,12.47,0.01,21,26187,买盘
09:45:23,12.47,0.0,77,96012,买盘
09:45:26,12.47,0.0,144,179544,买盘
09:45:29,12.48,0.01,253,315492,买盘
09:45:32,12.47,-0.01,223,278101,卖盘
09:45:35,12.48,0.01,57,71115,买盘
09:45:38,12.48,0.0,101,126048,买盘
09:45:41,12.49,0.01,414,516328,买盘
09:45:44,12.46,-0.03,680,847329,卖盘
09:45:47,12.45,-0.01,158,196702,中性盘
09:45:50,12.46,0.01,94,117099,买盘
09:45:53,12.45,-0.01,145,180570,卖盘
09:45:56,12.45,0.0,22,27395,买盘
09:45:59,12.45,0.0,47,58551,买盘
09:46:02,12.45,0.0,45,56055,卖盘
09:46:05,12.49,0.04,5,6245,买盘
09:46:08,12.49,0.0,12,14980,买盘
09:46:11,12.48,-0.01,78,97308,中性盘
09:46:14,12.48,0.0,145,180851,卖盘
09:46:17,12.48,0.0,361,450761,买盘
09:46:20,12.48,0.0,228,284563,买盘
09:46:26,12.48,0.0,154,192215,卖盘
09:46:29,12.48,0.0,109,136048,买盘
09:46:32,12.48,0.0,97,121080,买盘
09:46:35,12.46,-0.02,369,460025,卖盘
09:46:38,12.46,0.0,73,90958,买盘
09:46:41,12.46,0.0,60,74760,买盘
09:46:47,12.47,0.01,152,189552,买盘
09:46:50,12.47,0.0,136,169583,卖盘
09:46:53,12.48,0.01,35,43678,买盘
09:46:56,12.47,-0.01,20,24959,卖盘
09:46:59,12.48,0.01,34,42439,中性盘
09:47:02,12.48,0.0,370,461549,买盘
09:47:05,12.47,-0.01,331,412529,买盘
09:47:08,12.47,0.0,119,148280,买盘
09:47:11,12.46,-0.01,61,75993,中性盘
09:47:14,12.47,0.01,117,145854,买盘
09:47:17,12.45,-0.02,115,143248,卖盘
09:47:20,12.47,0.02,132,164604,中性盘
09:47:23,12.47,0.0,44,54828,买盘
09:47:26,12.46,-0.01,207,257984,卖盘
09:47:29,12.46,0.0,79,98476,卖盘
09:47:32,12.47,0.01,14,17447,买盘
09:47:35,12.47,0.0,96,119644,买盘
09:47:38,12.47,0.0,56,69822,买盘
09:47:41,12.47,0.0,48,59827,买盘
09:47:44,12.46,-0.01,174,217028,卖盘
09:47:47,12.49,0.03,153,190862,买盘
09:47:50,12.47,-0.02,2,2493,中性盘
09:47:53,12.48,0.01,6,7487,买盘
09:47:56,12.49,0.01,33,41217,买盘
09:47:59,12.48,-0.01,201,251024,卖盘
09:48:02,12.49,0.01,109,136141,买盘
09:48:05,12.49,0.0,241,300888,买盘
09:48:08,12.49,0.0,116,144884,买盘
09:48:14,12.5,0.01,7,8750,买盘
09:48:17,12.5,0.0,42,52500,买盘
09:48:20,12.49,-0.01,10,12490,卖盘
09:48:23,12.49,0.0,129,161203,卖盘
09:48:26,12.5,0.01,15,18750,买盘
09:48:29,12.5,0.0,34,42500,买盘
09:48:32,12.5,0.0,60,74979,买盘
09:48:35,12.5,0.0,30,37500,买盘
09:48:38,12.5,0.0,13,16250,卖盘
09:48:41,12.52,0.02,20,25040,买盘
09:48:47,12.52,0.0,24,30048,买盘
09:48:50,12.52,0.0,364,455560,买盘
09:48:53,12.52,0.0,151,189082,卖盘
09:48:56,12.55,0.03,318,398899,买盘
09:48:59,12.53,-0.02,62,77688,中性盘
09:49:02,12.55,0.02,150,188048,买盘
09:49:05,12.55,0.0,98,122895,买盘
09:49:08,12.55,0.0,172,215819,买盘
09:49:11,12.53,-0.02,289,362675,卖盘
09:49:14,12.55,0.02,122,153018,买盘
09:49:17,12.54,-0.01,136,170614,中性盘
09:49:20,12.53,-0.01,208,260892,卖盘
09:49:23,12.55,0.02,12,15060,买盘
09:49:26,12.55,0.0,2,2510,买盘
09:49:29,12.55,0.0,29,36372,买盘
09:49:32,12.55,0.0,24,30100,买盘
09:49:35,12.55,0.0,61,76535,买盘
09:49:38,12.53,-0.02,66,82804,卖盘
09:49:41,12.55,0.02,11,13805,买盘
09:49:44,12.55,0.0,51,64005,卖盘
09:49:47,12.55,0.0,220,276159,卖盘
09:49:50,12.55,0.0,90,113002,卖盘
09:49:53,12.55,0.0,17,21335,卖盘
09:49:56,12.56,0.01,102,128096,买盘
09:49:59,12.56,0.0,92,115503,卖盘
09:50:02,12.55,-0.01,162,203316,卖盘
09:50:05,12.53,-0.02,145,181727,卖盘
09:50:08,12.52,-0.01,105,131546,卖盘
09:50:11,12.52,0.0,141,176628,卖盘
09:50:14,12.51,-0.01,77,96382,卖盘
09:50:17,12.5,-0.01,61,76267,卖盘
09:50:20,12.5,0.0,74,92501,卖盘
09:50:23,12.51,0.01,144,180050,买盘
09:50:26,12.51,0.0,155,193826,买盘
09:50:29,12.51,0.0,13,16263,卖盘
09:50:32,12.52,0.01,8,10013,买盘
09:50:35,12.49,-0.03,134,167473,卖盘
09:50:38,12.5,0.01,79,98750,买盘
09:50:41,12.48,-0.02,5,6242,卖盘
09:50:44,12.46,-0.02,349,435313,卖盘
09:50:47,12.46,0.0,47,58562,卖盘
09:50:50,12.48,0.02,1,1248,买盘
09:50:53,12.46,-0.02,203,252972,卖盘
09:50:56,12.46,0.0,133,165612,卖盘
09:50:59,12.46,0.0,1,1246,买盘
09:51:02,12.46,0.0,100,124553,买盘
09:51:05,12.45,-0.01,47,58533,卖盘
09:51:08,12.45,0.0,5,6225,买盘
09:51:14,12.45,0.0,22,27388,买盘
09:51:17,12.45,0.0,49,61005,卖盘
09:51:20,12.46,0.01,92,114542,买盘
09:51:23,12.45,-0.01,21,26145,买盘
09:51:26,12.45,0.0,121,150725,卖盘
09:51:29,12.46,0.01,14,17439,买盘
09:51:32,12.46,0.0,114,141942,中性盘
09:51:35,12.46,0.0,76,94631,买盘
09:51:38,12.45,-0.01,223,277693,卖盘
09:51:41,12.45,0.0,179,222905,卖盘
09:51:44,12.46,0.01,9,11211,买盘
09:51:47,12.47,0.01,301,375086,买盘
09:51:50,12.47,0.0,62,77314,买盘
09:51:53,12.47,0.0,74,92258,中性盘
09:51:59,12.47,0.0,32,39915,卖盘
09:52:02,12.47,0.0,12,14965,卖盘
09:52:05,12.47,0.0,89,110983,买盘
09:52:08,12.47,0.0,66,82302,买盘
09:52:11,12.48,0.01,33,41160,买盘
09:52:14,12.48,0.0,10,12480,买盘
09:52:17,12.48,0.0,52,64895,买盘
09:52:20,12.47,-0.01,123,153392,卖盘
09:52:23,12.47,0.0,246,306818,卖盘
09:52:26,12.48,0.01,117,145950,买盘
09:52:29,12.47,-0.01,74,92283,中性盘
09:52:32,12.46,-0.01,66,82248,卖盘
09:52:35,12.47,0.01,7,8729,买盘
09:52:38,12.47,0.0,7,8724,买盘
09:52:41,12.46,-0.01,21,26186,卖盘
09:52:44,12.47,0.01,4,4985,买盘
09:52:47,12.46,-0.01,213,265128,卖盘
09:52:50,12.44,-0.02,67,83348,卖盘
09:52:53,12.44,0.0,20,24876,买盘
09:52:56,12.43,-0.01,50,62150,卖盘
09:52:59,12.43,0.0,145,180263,卖盘
09:53:02,12.42,-0.01,393,488106,卖盘
09:53:05,12.42,0.0,79,98119,卖盘
09:53:08,12.41,-0.01,105,130310,卖盘
09:53:11,12.41,0.0,44,54604,卖盘
09:53:14,12.4,-0.01,30,37200,卖盘
09:53:20,12.4,0.0,146,181040,卖盘
09:53:23,12.4,0.0,59,73160,卖盘
09:53:26,12.4,0.0,88,109123,卖盘
09:53:29,12.41,0.01,162,200944,买盘
09:53:32,12.4,-0.01,86,106680,中性盘
09:53:35,12.39,-0.01,67,83037,卖盘
09:53:38,12.4,0.01,14,17360,买盘
09:53:41,12.4,0.0,111,137580,买盘
09:53:44,12.39,-0.01,213,264056,卖盘
09:53:47,12.39,0.0,129,159731,卖盘
09:53:50,12.42,0.03,266,329710,买盘
09:53:53,12.39,-0.03,27,33457,卖盘
09:53:56,12.42,0.03,61,75735,买盘
09:53:59,12.4,-0.02,22,27281,卖盘
09:54:05,12.42,0.02,20,24830,买盘
09:54:08,12.41,-0.01,30,37236,卖盘
09:54:11,12.41,0.0,35,43442,买盘
09:54:14,12.41,0.0,15,18615,卖盘
09:54:17,12.43,0.02,35,43493,买盘
09:54:20,12.41,-0.02,38,47150,卖盘
09:54:26,12.4,-0.01,56,69490,卖盘
09:54:29,12.41,0.01,48,59568,卖盘
09:54:32,12.41,0.0,10,12410,卖盘
09:54:35,12.41,0.0,7,8688,卖盘
09:54:38,12.4,-0.01,44,54584,卖盘
09:54:41,12.4,0.0,16,19852,卖盘
09:54:44,12.42,0.02,177,219741,买盘
09:54:47,12.4,-0.02,41,50840,卖盘
09:54:53,12.42,0.02,13,16146,买盘
09:54:56,12.42,0.0,2,2484,买盘
09:54:59,12.42,0.0,63,78246,买盘
09:55:02,12.42,0.0,187,232239,买盘
09:55:05,12.43,0.01,6,7458,买盘
09:55:08,12.43,0.0,17,21131,买盘
09:55:11,12.42,-0.01,37,45964,卖盘
09:55:14,12.42,0.0,50,62100,卖盘
09:55:17,12.42,0.0,30,37260,买盘
09:55:20,12.42,0.0,40,49680,卖盘
09:55:23,12.42,0.0,12,14904,买盘
09:55:26,12.42,0.0,26,32290,买盘
09:55:29,12.42,0.0,3,3724,买盘
09:55:32,12.42,0.0,33,40986,买盘
09:55:35,12.42,0.0,35,43470,卖盘
09:55:38,12.43,0.01,7,8701,买盘
09:55:41,12.43,0.0,54,67112,买盘
09:55:47,12.44,0.01,10,12440,买盘
09:55:53,12.44,0.0,86,106984,买盘
09:55:56,12.44,0.0,93,115746,卖盘
09:55:59,12.44,0.0,58,72152,卖盘
09:56:02,12.43,-0.01,22,27350,卖盘
09:56:05,12.42,-0.01,437,542571,卖盘
09:56:08,12.42,0.0,28,34775,买盘
09:56:11,12.42,0.0,90,111740,买盘
09:56:14,12.42,0.0,17,21103,买盘
09:56:17,12.42,0.0,3,3726,买盘
09:56:20,12.42,0.0,56,69552,买盘
09:56:26,12.41,-0.01,75,93077,卖盘
09:56:29,12.41,0.0,343,425367,卖盘
09:56:32,12.4,-0.01,24,29760,卖盘
09:56:35,12.39,-0.01,206,255405,卖盘
09:56:38,12.4,0.01,10,12400,买盘
09:56:41,12.39,-0.01,19,23556,卖盘
09:56:44,12.4,0.01,28,34720,买盘
09:56:47,12.39,-0.01,207,256460,卖盘
09:56:50,12.39,0.0,3,3717,买盘
09:56:53,12.38,-0.01,45,55725,卖盘
09:56:56,12.39,0.01,82,101599,买盘
09:56:59,12.39,0.0,28,34692,卖盘
09:57:02,12.4,0.01,19,23560,买盘
09:57:05,12.4,0.0,83,102906,买盘
09:57:08,12.39,-0.01,13,16115,卖盘
09:57:11,12.39,0.0,22,27270,卖盘
09:57:14,12.39,0.0,25,30978,卖盘
09:57:17,12.4,0.01,2,2480,买盘
09:57:20,12.39,-0.01,111,137616,卖盘
09:57:26,12.4,0.01,6,7440,买盘
09:57:32,12.39,-0.01,31,38429,卖盘
09:57:35,12.4,0.01,27,33480,买盘
09:57:38,12.4,0.0,22,27280,买盘
09:57:41,12.4,0.0,44,54561,卖盘
09:57:44,12.4,0.0,13,16123,卖盘
09:57:47,12.41,0.01,111,137736,买盘
09:57:50,12.42,0.01,6,7452,买盘
09:57:56,12.42,0.0,3,3726,买盘
09:57:59,12.42,0.0,6,7452,买盘
09:58:02,12.42,0.0,33,40986,买盘
09:58:05,12.42,0.0,64,79482,买盘
09:58:08,12.41,-0.01,41,50896,卖盘
09:58:11,12.43,0.02,10,12424,买盘
09:58:14,12.42,-0.01,3,3726,卖盘
09:58:20,12.41,-0.01,92,114284,卖盘
09:58:23,12.42,0.01,12,14899,买盘
09:58:26,12.42,0.0,67,83214,买盘
09:58:29,12.42,0.0,36,44712,买盘
09:58:32,12.42,0.0,8,9936,买盘
09:58:35,12.42,0.0,1,1242,买盘
09:58:38,12.42,0.0,5,6210,买盘
09:58:41,12.41,-0.01,19,23590,卖盘
09:58:44,12.42,0.01,83,103086,买盘
09:58:47,12.42,0.0,20,24840,买盘
09:58:50,12.42,0.0,17,21114,卖盘
09:58:59,12.41,-0.01,13,16140,卖盘
09:59:05,12.42,0.01,10,12420,卖盘
09:59:08,12.43,0.01,3,3729,买盘
09:59:14,12.43,0.0,40,49696,买盘
09:59:17,12.43,0.0,20,24860,卖盘
09:59:20,12.44,0.01,14,17416,买盘
09:59:23,12.44,0.0,6,7464,买盘
09:59:29,12.44,0.0,68,84585,买盘
09:59:32,12.44,0.0,27,33588,卖盘
09:59:35,12.44,0.0,1,1244,卖盘
09:59:41,12.44,0.0,12,14928,卖盘
09:59:44,12.44,0.0,62,77166,卖盘
09:59:47,12.45,0.01,279,347081,买盘
09:59:50,12.45,0.0,7,8713,买盘
09:59:53,12.45,0.0,15,18675,买盘
09:59:59,12.45,0.0,71,88388,买盘
10:00:02,12.44,-0.01,84,104557,卖盘
10:00:05,12.44,0.0,53,65944,卖盘
10:00:08,12.45,0.01,14,17422,买盘
10:00:11,12.42,-0.03,397,493095,卖盘
10:00:14,12.41,-0.01,24,29802,卖盘
10:00:17,12.41,0.0,58,72004,卖盘
10:00:20,12.42,0.01,15,18624,买盘
10:00:23,12.41,-0.01,62,76982,卖盘
10:00:26,12.4,-0.01,66,81882,卖盘
10:00:29,12.41,0.01,43,53362,买盘
10:00:32,12.41,0.0,47,58343,卖盘
10:00:35,12.41,0.0,23,28543,卖盘
10:00:38,12.42,0.01,456,565891,买盘
10:00:41,12.41,-0.01,78,96774,中性盘
10:00:44,12.41,0.0,12,14892,买盘
10:00:50,12.4,-0.01,498,617649,卖盘
10:00:53,12.39,-0.01,143,177320,卖盘
10:00:56,12.4,0.01,24,29746,中性盘
10:00:59,12.38,-0.02,242,299750,卖盘
10:01:02,12.38,0.0,81,100278,卖盘
10:01:05,12.38,0.0,57,70568,卖盘
10:01:08,12.38,0.0,21,25998,卖盘
10:01:11,12.39,0.01,89,110238,买盘
10:01:14,12.38,-0.01,14,17340,卖盘
10:01:17,12.38,0.0,8,9904,卖盘
10:01:20,12.37,-0.01,606,750162,卖盘
10:01:23,12.38,0.01,57,70510,买盘
10:01:26,12.37,-0.01,82,101385,卖盘
10:01:29,12.37,0.0,14,17318,买盘
10:01:32,12.37,0.0,8,9889,买盘
10:01:35,12.37,0.0,25,30917,买盘
10:01:38,12.36,-0.01,22,27192,卖盘
10:01:41,12.36,0.0,33,40798,卖盘
10:01:44,12.36,0.0,15,18540,卖盘
10:01:47,12.36,0.0,263,325068,卖盘
10:01:50,12.36,0.0,130,160679,卖盘
10:01:53,12.36,0.0,79,97575,买盘
10:01:56,12.35,-0.01,29,35818,卖盘
10:01:59,12.35,0.0,974,1202915,卖盘
10:02:02,12.35,0.0,100,123505,卖盘
10:02:05,12.35,0.0,396,489060,卖盘
10:02:08,12.35,0.0,90,111150,卖盘
10:02:11,12.35,0.0,21,25934,买盘
10:02:14,12.36,0.01,20,24712,买盘
10:02:17,12.35,-0.01,95,117237,卖盘
10:02:20,12.35,0.0,5,6175,卖盘
10:02:23,12.36,0.01,35,43234,买盘
10:02:26,12.35,-0.01,38,46899,卖盘
10:02:29,12.34,-0.01,8,9872,卖盘
10:02:32,12.34,0.0,13,16037,买盘
10:02:35,12.35,0.01,251,309975,买盘
10:02:38,12.35,0.0,17,21005,卖盘
10:02:41,12.35,0.0,4,4940,卖盘
10:02:44,12.36,0.01,129,159330,买盘
10:02:47,12.36,0.0,126,155611,买盘
10:02:50,12.35,-0.01,9,11115,卖盘
10:02:53,12.35,0.0,22,27179,卖盘
10:02:59,12.33,-0.02,265,326918,卖盘
10:03:02,12.35,0.02,6,7415,中性盘
10:03:05,12.35,0.0,13,16053,中性盘
10:03:08,12.33,-0.02,107,132223,卖盘
10:03:11,12.32,-0.01,206,253980,卖盘
10:03:14,12.33,0.01,833,1025945,买盘
10:03:17,12.32,-0.01,834,1026674,中性盘
10:03:20,12.31,-0.01,82,100942,卖盘
10:03:23,12.31,0.0,149,183419,卖盘
10:03:26,12.31,0.0,68,83717,卖盘
10:03:29,12.3,-0.01,293,360502,卖盘
10:03:32,12.3,0.0,258,317342,卖盘
10:03:35,12.3,0.0,36,44287,卖盘
10:03:38,12.31,0.01,174,214042,买盘
10:03:41,12.25,-0.06,336,412915,卖盘
10:03:44,12.29,0.04,268,328304,买盘
10:03:47,12.24,-0.05,349,427330,卖盘
10:03:50,12.27,0.03,14,17171,中性盘
10:03:56,12.27,0.0,5,6135,买盘
10:03:59,12.26,-0.01,16,19619,卖盘
10:04:02,12.28,0.02,227,278573,买盘
10:04:05,12.25,-0.03,253,310251,卖盘
10:04:08,12.26,0.01,142,174075,买盘
10:04:11,12.26,0.0,27,33102,卖盘
10:04:14,12.26,0.0,81,99318,卖盘
10:04:17,12.28,0.02,34,41740,买盘
10:04:20,12.28,0.0,80,98217,卖盘
10:04:23,12.27,-0.01,30,36834,卖盘
10:04:26,12.28,0.01,19,23332,买盘
10:04:29,12.27,-0.01,128,157115,卖盘
10:04:32,12.28,0.01,2,2455,中性盘
10:04:35,12.29,0.01,2,2458,买盘
10:04:38,12.29,0.0,81,99549,买盘
10:04:41,12.29,0.0,33,40552,买盘
10:04:44,12.29,0.0,57,70053,买盘
10:04:47,12.29,0.0,141,173289,买盘
10:04:50,12.29,0.0,51,62702,卖盘
10:04:53,12.3,0.01,91,111930,买盘
10:04:56,12.3,0.0,122,150060,买盘
10:04:59,12.29,-0.01,65,79893,卖盘
10:05:02,12.3,0.01,130,159900,买盘
10:05:05,12.29,-0.01,209,257048,卖盘
10:05:08,12.3,0.01,41,50430,买盘
10:05:11,12.3,0.0,13,15983,卖盘
10:05:14,12.3,0.0,49,60270,买盘
10:05:17,12.3,0.0,1,1230,卖盘
10:05:20,12.3,0.0,32,39360,卖盘
10:05:23,12.3,0.0,11,13531,卖盘
10:05:26,12.3,0.0,60,73838,卖盘
10:05:29,12.31,0.01,15,18465,买盘
10:05:35,12.31,0.0,121,148859,买盘
10:05:38,12.31,0.0,55,67656,买盘
10:05:41,12.3,-0.01,23,28290,买盘
10:05:44,12.3,0.0,235,289252,买盘
10:05:47,12.3,0.0,27,33210,买盘
10:05:50,12.3,0.0,89,109452,买盘
10:05:53,12.29,-0.01,61,75016,卖盘
10:05:56,12.3,0.01,14,17220,买盘
10:05:59,12.3,0.0,6,7380,买盘
10:06:02,12.3,0.0,81,99629,买盘
10:06:05,12.3,0.0,58,71340,买盘
10:06:08,12.3,0.0,19,23370,买盘
10:06:11,12.3,0.0,55,67634,买盘
10:06:17,12.3,0.0,64,78720,买盘
10:06:20,12.29,-0.01,95,116774,卖盘
10:06:23,12.3,0.01,67,82371,买盘
10:06:26,12.3,0.0,9,11070,买盘
10:06:29,12.3,0.0,8,9840,买盘
10:06:32,12.3,0.0,48,59040,买盘
10:06:35,12.3,0.0,24,29520,买盘
10:06:38,12.3,0.0,33,40580,买盘
10:06:41,12.3,0.0,69,84870,买盘
10:06:44,12.28,-0.02,348,427699,卖盘
10:06:47,12.29,0.01,49,60221,买盘
10:06:50,12.29,0.0,29,35641,买盘
10:06:53,12.29,0.0,9,11056,买盘
10:06:56,12.29,0.0,2,2458,买盘
10:07:02,12.29,0.0,23,28257,买盘
10:07:05,12.29,0.0,11,13519,买盘
10:07:08,12.29,0.0,34,41782,买盘
10:07:11,12.29,0.0,2,2458,买盘
10:07:14,12.29,0.0,27,33183,买盘
10:07:17,12.28,-0.01,31,38068,卖盘
10:07:20,12.29,0.01,15,18425,买盘
10:07:26,12.28,-0.01,78,95806,卖盘
10:07:29,12.28,0.0,126,154729,卖盘
10:07:32,12.28,0.0,70,85983,卖盘
10:07:35,12.29,0.01,101,124119,买盘
10:07:41,12.29,0.0,9,11061,卖盘
10:07:44,12.3,0.01,13,15990,买盘
10:07:47,12.3,0.0,20,24600,买盘
10:07:50,12.3,0.0,15,18450,买盘
10:07:53,12.29,-0.01,2,2458,卖盘
10:07:56,12.3,0.01,70,86077,买盘
10:07:59,12.28,-0.02,139,170834,卖盘
10:08:02,12.3,0.02,196,241080,买盘
10:08:08,12.31,0.01,215,264665,买盘
10:08:17,12.31,0.0,9,11079,买盘
10:08:20,12.31,0.0,123,151413,买盘
10:08:23,12.32,0.01,45,55436,买盘
10:08:26,12.31,-0.01,13,16008,卖盘
10:08:29,12.32,0.01,18,22176,买盘
10:08:32,12.32,0.0,26,32032,买盘
10:08:35,12.32,0.0,18,22176,买盘
10:08:38,12.32,0.0,44,54207,买盘
10:08:41,12.34,0.02,38,46887,买盘
10:08:44,12.34,0.0,7,8638,买盘
10:08:47,12.34,0.0,55,67870,买盘
10:08:50,12.35,0.01,4,4939,买盘
10:08:53,12.35,0.0,45,55575,买盘
10:08:56,12.35,0.0,211,260601,卖盘
10:08:59,12.35,0.0,30,37068,卖盘
10:09:02,12.35,0.0,1,1235,卖盘
10:09:05,12.35,0.0,120,148200,卖盘
10:09:08,12.35,0.0,43,53087,买盘
10:09:11,12.31,-0.04,272,335066,卖盘
10:09:14,12.32,0.01,20,24646,买盘
10:09:17,12.33,0.01,59,72770,买盘
10:09:20,12.32,-0.01,14,17236,中性盘
10:09:23,12.31,-0.01,218,268437,卖盘
10:09:26,12.31,0.0,15,18465,买盘
10:09:29,12.31,0.0,30,36930,买盘
10:09:32,12.31,0.0,3,3693,卖盘
10:09:38,12.32,0.01,11,13552,买盘
10:09:41,12.31,-0.01,12,14780,卖盘
10:09:44,12.32,0.01,8,9856,买盘
10:09:47,12.32,0.0,14,17238,买盘
10:09:50,12.32,0.0,2,2464,买盘
10:09:53,12.32,0.0,3,3696,买盘
10:09:56,12.31,-0.01,26,32008,卖盘
10:09:59,12.32,0.01,58,71401,买盘
10:10:02,12.32,0.0,29,35710,买盘
10:10:05,12.31,-0.01,26,32021,卖盘
10:10:08,12.32,0.01,19,23403,买盘
10:10:11,12.32,0.0,22,27104,买盘
10:10:14,12.32,0.0,20,24640,卖盘
10:10:20,12.33,0.01,40,49320,买盘
10:10:23,12.33,0.0,52,64116,买盘
10:10:26,12.33,0.0,5,6164,买盘
10:10:29,12.33,0.0,93,114632,买盘
10:10:35,12.33,0.0,5,6165,卖盘
10:10:38,12.34,0.01,6,7404,买盘
10:10:41,12.34,0.0,47,57998,买盘
10:10:47,12.35,0.01,10,12350,买盘
10:10:50,12.35,0.0,4,4940,买盘
10:10:53,12.35,0.0,6,7410,买盘
10:10:56,12.35,0.0,14,17287,买盘
10:10:59,12.35,0.0,44,54340,买盘
10:11:02,12.34,-0.01,184,227234,卖盘
10:11:08,12.35,0.01,25,30870,买盘
10:11:11,12.35,0.0,102,125970,买盘
10:11:14,12.35,0.0,32,39520,买盘
10:11:17,12.36,0.01,15,18534,买盘
10:11:20,12.36,0.0,173,213811,买盘
10:11:23,12.36,0.0,47,58092,卖盘
10:11:26,12.37,0.01,28,34622,买盘
10:11:29,12.38,0.01,17,21037,买盘
10:11:35,12.38,0.0,214,264920,买盘
10:11:38,12.38,0.0,46,56930,买盘
10:11:41,12.39,0.01,1,1239,买盘
10:11:44,12.39,0.0,342,423542,买盘
10:11:47,12.4,0.01,32,39656,买盘
10:11:50,12.4,0.0,68,84274,买盘
10:11:53,12.4,0.0,22,27280,买盘
10:11:56,12.4,0.0,8,9920,买盘
10:11:59,12.42,0.02,36,44648,买盘
10:12:02,12.41,-0.01,8,9932,中性盘
10:12:05,12.41,0.0,32,39700,卖盘
10:12:08,12.4,-0.01,149,184760,卖盘
10:12:11,12.41,0.01,242,300257,买盘
10:12:14,12.4,-0.01,137,169975,卖盘
10:12:17,12.38,-0.02,323,400172,卖盘
10:12:20,12.37,-0.01,1,1237,卖盘
10:12:23,12.37,0.0,16,19785,买盘
10:12:29,12.37,0.0,54,66798,买盘
10:12:35,12.37,0.0,51,63087,卖盘
10:12:38,12.37,0.0,12,14844,卖盘
10:12:41,12.36,-0.01,17,21026,卖盘
10:12:47,12.36,0.0,57,70462,卖盘
10:12:53,12.36,0.0,66,81576,卖盘
10:12:56,12.36,0.0,45,55630,卖盘
10:12:59,12.37,0.01,110,135965,买盘
10:13:02,12.39,0.02,143,177020,买盘
10:13:08,12.37,-0.02,15,18555,卖盘
10:13:11,12.37,0.0,16,19792,卖盘
10:13:14,12.37,0.0,6,7423,卖盘
10:13:17,12.38,0.01,22,27223,买盘
10:13:20,12.38,0.0,12,14853,买盘
10:13:23,12.37,-0.01,14,17331,卖盘
10:13:26,12.37,0.0,10,12370,卖盘
10:13:29,12.37,0.0,60,74243,卖盘
10:13:32,12.38,0.01,13,16094,买盘
10:13:35,12.38,0.0,2,2476,卖盘
10:13:41,12.38,0.0,30,37152,卖盘
10:13:44,12.39,0.01,14,17346,买盘
10:13:53,12.38,-0.01,24,29735,卖盘
10:13:56,12.39,0.01,20,24779,买盘
10:13:59,12.39,0.0,6,7434,买盘
10:14:02,12.39,0.0,2,2478,买盘
10:14:05,12.38,-0.01,12,14856,卖盘
10:14:08,12.37,-0.01,139,172174,卖盘
10:14:14,12.39,0.02,17,21063,买盘
10:14:20,12.38,-0.01,31,38378,卖盘
10:14:23,12.38,0.0,110,136180,买盘
10:14:29,12.38,0.0,13,16094,买盘
10:14:35,12.38,0.0,21,25982,买盘
10:14:41,12.38,0.0,6,7428,买盘
10:14:44,12.38,0.0,22,27225,买盘
10:14:50,12.38,0.0,19,23521,买盘
10:14:53,12.38,0.0,33,40838,买盘
10:14:56,12.38,0.0,9,11140,买盘
10:15:02,12.37,-0.01,102,126175,卖盘
10:15:05,12.36,-0.01,44,54384,卖盘
10:15:08,12.37,0.01,81,100247,买盘
10:15:11,12.38,0.01,52,64350,买盘
10:15:14,12.38,0.0,12,14855,卖盘
10:15:17,12.37,-0.01,25,30925,卖盘
10:15:20,12.38,0.01,10,12380,买盘
10:15:23,12.37,-0.01,5,6185,卖盘
10:15:26,12.38,0.01,2,2476,买盘
10:15:29,12.37,-0.01,8,9896,卖盘
10:15:32,12.37,0.0,12,14844,卖盘
10:15:35,12.36,-0.01,10,12360,卖盘
10:15:38,12.37,0.01,38,47006,买盘
10:15:41,12.36,-0.01,5,6181,卖盘
10:15:47,12.36,0.0,4,4944,卖盘
10:15:50,12.35,-0.01,291,359669,卖盘
10:15:53,12.35,0.0,12,14820,卖盘
10:15:59,12.36,0.01,126,155736,买盘
10:16:02,12.35,-0.01,4,4942,卖盘
10:16:05,12.35,0.0,14,17295,卖盘
10:16:08,12.36,0.01,22,27191,买盘
10:16:11,12.35,-0.01,5,6175,卖盘
10:16:14,12.35,0.0,2,2470,卖盘
10:16:17,12.35,0.0,10,12350,卖盘
10:16:20,12.35,0.0,22,27186,卖盘
10:16:23,12.36,0.01,38,46932,买盘
10:16:29,12.36,0.0,1,1236,买盘
10:16:32,12.36,0.0,92,113712,买盘
10:16:38,12.36,0.0,26,32136,买盘
10:16:41,12.36,0.0,46,56856,卖盘
10:16:50,12.36,0.0,47,58092,买盘
10:16:53,12.36,0.0,2,2472,卖盘
10:16:59,12.36,0.0,38,46968,卖盘
10:17:02,12.36,0.0,16,19776,卖盘
10:17:05,12.36,0.0,25,30900,卖盘
10:17:08,12.36,0.0,14,17304,卖盘
10:17:11,12.36,0.0,10,12360,卖盘
10:17:14,12.36,0.0,4,4944,卖盘
10:17:17,12.36,0.0,30,37080,买盘
10:17:23,12.35,-0.01,8,9880,卖盘
10:17:26,12.36,0.01,63,77868,买盘
10:17:32,12.36,0.0,100,123600,卖盘
10:17:35,12.36,0.0,21,25956,卖盘
10:17:38,12.36,0.0,10,12360,卖盘
10:17:41,12.36,0.0,8,9894,卖盘
10:17:47,12.36,0.0,38,46969,卖盘
10:17:50,12.36,0.0,186,229896,卖盘
10:17:56,12.36,0.0,25,30900,买盘
10:18:05,12.35,-0.01,3,3705,卖盘
10:18:08,12.35,0.0,24,29640,卖盘
10:18:11,12.35,0.0,8,9880,卖盘
10:18:14,12.35,0.0,25,30878,卖盘
10:18:17,12.35,0.0,23,28405,卖盘
10:18:20,12.35,0.0,51,62985,卖盘
10:18:23,12.35,0.0,31,38285,卖盘
10:18:26,12.35,0.0,104,128440,卖盘
10:18:32,12.35,0.0,15,18525,卖盘
10:18:35,12.35,0.0,3,3705,卖盘
10:18:38,12.35,0.0,24,29640,卖盘
10:18:41,12.35,0.0,2,2470,卖盘
10:18:44,12.35,0.0,7,8646,卖盘
10:18:47,12.36,0.01,51,63036,买盘
10:18:50,12.36,0.0,42,51912,买盘
10:18:53,12.36,0.0,29,35825,买盘
10:18:56,12.35,-0.01,8,9880,卖盘
10:19:02,12.35,0.0,3,3705,买盘
10:19:05,12.35,0.0,20,24700,买盘
10:19:08,12.35,0.0,51,62985,卖盘
10:19:11,12.35,0.0,69,85182,卖盘
10:19:20,12.36,0.01,3,3708,买盘
10:19:23,12.36,0.0,26,32136,买盘
10:19:26,12.36,0.0,2,2472,买盘
10:19:29,12.36,0.0,6,7415,买盘
10:19:32,12.35,-0.01,9,11115,卖盘
10:19:35,12.36,0.01,21,25945,买盘
10:19:38,12.35,-0.01,28,34580,卖盘
10:19:41,12.36,0.01,32,39525,买盘
10:19:44,12.35,-0.01,44,54340,卖盘
10:19:47,12.35,0.0,8,9880,买盘
10:19:50,12.34,-0.01,1,1234,卖盘
10:19:53,12.34,0.0,9,11106,卖盘
10:20:02,12.33,-0.01,45,55485,卖盘
10:20:05,12.33,0.0,19,23434,卖盘
10:20:08,12.33,0.0,22,27126,卖盘
10:20:11,12.33,0.0,87,107271,卖盘
10:20:14,12.32,-0.01,20,24640,卖盘
10:20:17,12.33,0.01,24,29592,买盘
10:20:23,12.32,-0.01,3,3696,卖盘
10:20:26,12.32,0.0,28,34496,卖盘
10:20:29,12.32,0.0,1,1232,卖盘
10:20:35,12.32,0.0,82,101024,卖盘
10:20:38,12.32,0.0,126,155232,卖盘
10:20:41,12.33,0.01,29,35738,买盘
10:20:50,12.32,-0.01,58,71457,卖盘
10:20:53,12.31,-0.01,24,29563,卖盘
10:20:56,12.32,0.01,1,1232,买盘
10:20:59,12.32,0.0,91,112112,买盘
10:21:02,12.32,0.0,334,411165,买盘
10:21:05,12.32,0.0,21,25872,卖盘
10:21:08,12.32,0.0,54,66528,卖盘
10:21:11,12.32,0.0,15,18480,卖盘
10:21:14,12.33,0.01,142,175026,买盘
10:21:17,12.32,-0.01,15,18480,买盘
10:21:20,12.33,0.01,12,14796,买盘
10:21:23,12.32,-0.01,15,18481,卖盘
10:21:26,12.32,0.0,6,7395,买盘
10:21:29,12.32,0.0,1,1232,买盘
10:21:32,12.31,-0.01,64,78799,卖盘
10:21:35,12.32,0.01,60,73920,买盘
10:21:41,12.32,0.0,92,113282,买盘
10:21:44,12.32,0.0,16,19702,买盘
10:21:47,12.32,0.0,61,75152,买盘
10:21:50,12.31,-0.01,19,23389,卖盘
10:21:53,12.31,0.0,20,24632,卖盘
10:21:56,12.32,0.01,10,12320,买盘
10:22:02,12.31,-0.01,9,11084,卖盘
10:22:05,12.31,0.0,61,75097,卖盘
10:22:11,12.31,0.0,31,38175,卖盘
10:22:14,12.31,0.0,18,22158,卖盘
10:22:17,12.31,0.0,233,286831,卖盘
10:22:20,12.32,0.01,168,206856,买盘
10:22:23,12.31,-0.01,9,11079,卖盘
10:22:26,12.32,0.01,129,158879,买盘
10:22:29,12.32,0.0,2,2464,卖盘
10:22:32,12.32,0.0,4,4928,卖盘
10:22:35,12.31,-0.01,44,54194,卖盘
10:22:38,12.31,0.0,33,40623,卖盘
10:22:41,12.31,0.0,30,36913,买盘
10:22:44,12.31,0.0,5,6155,买盘
10:22:50,12.31,0.0,587,722080,卖盘
10:22:53,12.31,0.0,1,1231,卖盘
10:22:56,12.31,0.0,8,9848,卖盘
10:22:59,12.3,-0.01,23,28290,卖盘
10:23:05,12.3,0.0,2,2460,卖盘
10:23:08,12.3,0.0,57,70110,卖盘
10:23:11,12.3,0.0,38,46705,买盘
10:23:14,12.29,-0.01,22,27051,卖盘
10:23:17,12.3,0.01,20,24590,中性盘
10:23:20,12.3,0.0,47,57789,买盘
10:23:23,12.3,0.0,36,44264,买盘
10:23:26,12.3,0.0,6,7380,买盘
10:23:29,12.29,-0.01,7,8605,卖盘
10:23:35,12.29,0.0,65,79885,卖盘
10:23:41,12.29,0.0,79,97102,卖盘
10:23:44,12.29,0.0,62,76199,卖盘
10:23:50,12.29,0.0,4,4916,卖盘
10:23:53,12.28,-0.01,28,34384,卖盘
10:23:56,12.28,0.0,71,87199,卖盘
10:23:59,12.28,0.0,3,3685,卖盘
10:24:02,12.28,0.0,8,9824,卖盘
10:24:05,12.28,0.0,23,28244,卖盘
10:24:08,12.29,0.01,9,11056,买盘
10:24:11,12.28,-0.01,5,6140,卖盘
10:24:14,12.29,0.01,2,2458,买盘
10:24:17,12.29,0.0,32,39318,买盘
10:24:20,12.29,0.0,15,18435,买盘
10:24:23,12.28,-0.01,103,126496,卖盘
10:24:26,12.29,0.01,33,40557,买盘
10:24:29,12.29,0.0,9,11061,买盘
10:24:32,12.29,0.0,76,93404,买盘
10:24:38,12.29,0.0,4,4916,卖盘
10:24:41,12.29,0.0,5,6145,买盘
10:24:44,12.28,-0.01,11,13518,卖盘
10:24:50,12.29,0.01,20,24562,买盘
10:24:53,12.28,-0.01,6,7370,卖盘
10:24:56,12.29,0.01,4,4916,买盘
10:24:59,12.3,0.01,3,3688,买盘
10:25:02,12.29,-0.01,30,36870,卖盘
10:25:05,12.3,0.01,41,50392,买盘
10:25:08,12.28,-0.02,21,25792,卖盘
10:25:14,12.29,0.01,136,167011,买盘
10:25:17,12.29,0.0,4,4916,买盘
10:25:20,12.29,0.0,61,74939,买盘
10:25:23,12.28,-0.01,7,8601,卖盘
10:25:26,12.28,0.0,78,95822,卖盘
10:25:29,12.29,0.01,17,20887,买盘
10:25:32,12.3,0.01,183,225085,买盘
10:25:35,12.3,0.0,17,20910,卖盘
10:25:41,12.3,0.0,205,252108,买盘
10:25:44,12.3,0.0,40,49205,卖盘
10:25:47,12.28,-0.02,206,253298,卖盘
10:25:53,12.29,0.01,46,56556,卖盘
10:25:56,12.29,0.0,27,33183,卖盘
10:25:59,12.29,0.0,26,31954,买盘
10:26:05,12.28,-0.01,1,1228,卖盘
10:26:11,12.28,0.0,23,28244,卖盘
10:26:14,12.29,0.01,5,6144,买盘
10:26:17,12.29,0.0,8,9827,买盘
10:26:20,12.29,0.0,23,28247,买盘
10:26:23,12.28,-0.01,29,35612,卖盘
10:26:26,12.29,0.01,2,2458,买盘
10:26:29,12.29,0.0,10,12290,买盘
10:26:32,12.29,0.0,20,24580,买盘
10:26:35,12.29,0.0,13,15977,买盘
10:26:38,12.28,-0.01,40,49120,卖盘
10:26:41,12.29,0.01,8,9832,买盘
10:26:44,12.28,-0.01,25,30700,卖盘
10:26:47,12.29,0.01,15,18435,买盘
10:26:53,12.29,0.0,9,11061,买盘
10:26:56,12.29,0.0,1,1229,买盘
10:26:59,12.28,-0.01,66,81057,卖盘
10:27:02,12.28,0.0,40,49120,卖盘
10:27:05,12.29,0.01,6,7374,买盘
10:27:08,12.29,0.0,173,212506,买盘
10:27:14,12.29,0.0,10,12290,买盘
10:27:17,12.29,0.0,1,1229,买盘
10:27:20,12.29,0.0,61,74969,买盘
10:27:23,12.29,0.0,2,2458,买盘
10:27:26,12.28,-0.01,1,1228,卖盘
10:27:29,12.29,0.01,14,17206,买盘
10:27:32,12.28,-0.01,308,378230,卖盘
10:27:35,12.28,0.0,45,55260,买盘
10:27:38,12.28,0.0,34,41752,买盘
10:27:41,12.28,0.0,40,49120,买盘
10:27:44,12.28,0.0,10,12280,买盘
10:27:47,12.27,-0.01,10,12270,卖盘
10:27:53,12.27,0.0,180,220940,卖盘
10:27:59,12.28,0.01,14,17192,买盘
10:28:02,12.27,-0.01,34,41723,卖盘
10:28:05,12.27,0.0,76,93252,卖盘
10:28:08,12.28,0.01,3,3684,买盘
10:28:11,12.28,0.0,17,20876,买盘
10:28:14,12.28,0.0,89,109292,买盘
10:28:26,12.28,0.0,159,195400,卖盘
10:28:29,12.3,0.02,5,6150,买盘
10:28:32,12.29,-0.01,10,12290,中性盘
10:28:35,12.3,0.01,21,25830,买盘
10:28:38,12.3,0.0,10,12300,买盘
10:28:41,12.3,0.0,5,6150,买盘
10:28:44,12.29,-0.01,19,23351,卖盘
10:28:47,12.3,0.01,9,11068,买盘
10:28:50,12.28,-0.02,216,265384,卖盘
10:28:53,12.28,0.0,2,2456,买盘
10:28:56,12.28,0.0,31,38042,买盘
10:28:59,12.27,-0.01,31,38043,卖盘
10:29:02,12.27,0.0,6,7363,卖盘
10:29:05,12.27,0.0,25,30675,卖盘
10:29:08,12.27,0.0,22,26994,卖盘
10:29:11,12.27,0.0,153,187739,卖盘
10:29:14,12.27,0.0,1,1227,买盘
10:29:17,12.27,0.0,5,6134,买盘
10:29:23,12.27,0.0,5,6132,买盘
10:29:26,12.27,0.0,2,2453,买盘
10:29:29,12.26,-0.01,12,14719,卖盘
10:29:32,12.27,0.01,36,44165,买盘
10:29:38,12.26,-0.01,14,17169,卖盘
10:29:41,12.27,0.01,7,8589,买盘
10:29:44,12.27,0.0,60,73620,买盘
10:29:47,12.27,0.0,17,20857,买盘
10:29:50,12.26,-0.01,21,25746,卖盘
10:29:53,12.26,0.0,17,20842,卖盘
10:29:56,12.27,0.01,3,3681,买盘
10:30:05,12.27,0.0,3,3681,买盘
10:30:08,12.26,-0.01,8,9808,卖盘
10:30:11,12.26,0.0,172,210872,卖盘
10:30:14,12.26,0.0,2,2452,买盘
10:30:20,12.26,0.0,3,3678,买盘
10:30:26,12.25,-0.01,11,13485,卖盘
10:30:29,12.25,0.0,45,55141,卖盘
10:30:32,12.25,0.0,43,52688,卖盘
10:30:35,12.24,-0.01,156,191082,卖盘
10:30:38,12.24,0.0,16,19585,卖盘
10:30:41,12.24,0.0,47,57528,卖盘
10:30:44,12.24,0.0,21,25704,卖盘
10:30:47,12.23,-0.01,39,47725,卖盘
10:30:50,12.24,0.01,2,2448,买盘
10:30:53,12.23,-0.01,20,24460,卖盘
10:30:56,12.23,0.0,14,17122,卖盘
10:30:59,12.23,0.0,25,30575,卖盘
10:31:05,12.24,0.01,101,123623,买盘
10:31:08,12.23,-0.01,48,58709,卖盘
10:31:11,12.23,0.0,140,171220,卖盘
10:31:14,12.24,0.01,9,11016,买盘
10:31:17,12.24,0.0,3,3672,买盘
10:31:23,12.24,0.0,25,30579,买盘
10:31:26,12.23,-0.01,257,314311,卖盘
10:31:32,12.23,0.0,11,13453,买盘
10:31:35,12.23,0.0,2,2446,买盘
10:31:38,12.22,-0.01,4,4888,卖盘
10:31:44,12.23,0.01,1,1223,买盘
10:31:47,12.22,-0.01,167,204074,卖盘
10:31:50,12.22,0.0,26,31772,卖盘
10:31:53,12.22,0.0,33,40326,卖盘
10:31:59,12.21,-0.01,33,40293,卖盘
10:32:02,12.21,0.0,86,105024,卖盘
10:32:05,12.21,0.0,67,81807,卖盘
10:32:08,12.21,0.0,380,463658,卖盘
10:32:11,12.2,-0.01,17,20740,卖盘
10:32:14,12.2,0.0,109,132980,卖盘
10:32:17,12.2,0.0,79,96382,卖盘
10:32:26,12.2,0.0,102,124394,买盘
10:32:29,12.19,-0.01,142,173033,卖盘
10:32:32,12.19,0.0,1,1219,买盘
10:32:35,12.19,0.0,67,81673,买盘
10:32:44,12.18,-0.01,26,31668,卖盘
10:32:47,12.19,0.01,1,1219,买盘
10:32:50,12.18,-0.01,30,36540,卖盘
10:32:53,12.18,0.0,31,37758,卖盘
10:32:56,12.18,0.0,56,68208,买盘
10:32:59,12.17,-0.01,56,68198,卖盘
10:33:02,12.18,0.01,9,10962,买盘
10:33:05,12.18,0.0,70,85210,买盘
10:33:08,12.18,0.0,16,19473,买盘
10:33:11,12.18,0.0,36,43848,买盘
10:33:14,12.17,-0.01,211,256788,卖盘
10:33:17,12.18,0.01,58,70644,买盘
10:33:20,12.18,0.0,11,13390,买盘
10:33:23,12.17,-0.01,42,51115,卖盘
10:33:26,12.18,0.01,36,43819,买盘
10:33:29,12.18,0.0,104,126662,买盘
10:33:32,12.18,0.0,42,51156,买盘
10:33:35,12.18,0.0,31,37758,中性盘
10:33:38,12.19,0.01,113,137747,买盘
10:33:41,12.2,0.01,2,2440,买盘
10:33:44,12.18,-0.02,42,51202,卖盘
10:33:47,12.2,0.02,25,30500,买盘
10:33:50,12.2,0.0,18,21960,买盘
10:33:53,12.2,0.0,21,25614,买盘
10:33:56,12.19,-0.01,214,261010,卖盘
10:33:59,12.2,0.01,30,36600,买盘
10:34:08,12.2,0.0,9,10980,买盘
10:34:11,12.2,0.0,316,385511,买盘
10:34:14,12.2,0.0,24,29280,买盘
10:34:17,12.2,0.0,34,41470,买盘
10:34:20,12.2,0.0,13,15860,买盘
10:34:23,12.2,0.0,104,126880,买盘
10:34:26,12.21,0.01,5,6105,买盘
10:34:29,12.21,0.0,80,97606,买盘
10:34:35,12.21,0.0,1,1221,买盘
10:34:38,12.21,0.0,130,158730,买盘
10:34:41,12.21,0.0,6,7326,买盘
10:34:44,12.2,-0.01,131,159821,卖盘
10:34:47,12.21,0.01,3,3663,买盘
10:34:50,12.21,0.0,26,31740,买盘
10:34:53,12.21,0.0,2,2442,买盘
10:34:56,12.21,0.0,44,53724,买盘
10:34:59,12.21,0.0,7,8547,买盘
10:35:02,12.21,0.0,34,41514,买盘
10:35:05,12.2,-0.01,120,146468,卖盘
10:35:08,12.21,0.01,5,6105,买盘
10:35:11,12.21,0.0,12,14652,买盘
10:35:17,12.21,0.0,15,18315,买盘
10:35:20,12.21,0.0,17,20757,买盘
10:35:23,12.21,0.0,3,3663,买盘
10:35:26,12.21,0.0,74,90354,买盘
10:35:29,12.22,0.01,8,9776,买盘
10:35:35,12.22,0.0,14,17108,买盘
10:35:38,12.22,0.0,40,48880,买盘
10:35:41,12.22,0.0,50,61100,买盘
10:35:44,12.22,0.0,10,12220,买盘
10:35:47,12.22,0.0,11,13442,买盘
10:35:50,12.22,0.0,43,52546,买盘
10:35:53,12.22,0.0,46,56212,买盘
10:35:56,12.22,0.0,70,85540,买盘
10:35:59,12.22,0.0,11,13442,买盘
10:36:05,12.22,0.0,20,24440,买盘
10:36:14,12.23,0.01,32,39136,买盘
10:36:17,12.23,0.0,6,7338,买盘
10:36:20,12.23,0.0,2,2446,买盘
10:36:26,12.23,0.0,15,18345,买盘
10:36:29,12.23,0.0,2,2446,买盘
10:36:32,12.23,0.0,11,13453,卖盘
10:36:35,12.23,0.0,15,18348,卖盘
10:36:38,12.23,0.0,17,20791,买盘
10:36:41,12.23,0.0,6,7338,买盘
10:36:44,12.23,0.0,16,19568,买盘
10:36:47,12.23,0.0,10,12230,买盘
10:36:50,12.23,0.0,10,12230,买盘
10:36:56,12.23,0.0,39,47697,买盘
10:36:59,12.23,0.0,26,31783,买盘
10:37:08,12.24,0.01,13,15912,买盘
10:37:11,12.24,0.0,6,7344,买盘
10:37:17,12.23,-0.01,39,47697,卖盘
10:37:20,12.23,0.0,59,72157,卖盘
10:37:23,12.23,0.0,1,1223,买盘
10:37:26,12.22,-0.01,1,1222,卖盘
10:37:29,12.23,0.01,142,173664,买盘
10:37:32,12.23,0.0,9,11007,卖盘
10:37:35,12.23,0.0,30,36690,卖盘
10:37:38,12.23,0.0,14,17122,卖盘
10:37:41,12.23,0.0,25,30575,卖盘
10:37:50,12.23,0.0,4,4892,买盘
10:37:59,12.22,-0.01,158,193076,卖盘
10:38:02,12.23,0.01,52,63550,买盘
10:38:11,12.22,-0.01,2,2444,买盘
10:38:14,12.22,0.0,19,23218,买盘
10:38:17,12.21,-0.01,699,853489,卖盘
10:38:20,12.21,0.0,18,21978,卖盘
10:38:26,12.21,0.0,43,52503,卖盘
10:38:29,12.21,0.0,194,236874,卖盘
10:38:32,12.21,0.0,19,23207,卖盘
10:38:35,12.22,0.01,1,1222,买盘
10:38:38,12.21,-0.01,27,32967,卖盘
10:38:44,12.22,0.01,1,1222,买盘
10:38:53,12.21,-0.01,50,61050,卖盘
10:38:56,12.22,0.01,10,12220,买盘
10:38:59,12.21,-0.01,11,13431,卖盘
10:39:02,12.21,0.0,1,1221,卖盘
10:39:05,12.2,-0.01,225,274530,卖盘
10:39:08,12.2,0.0,22,26872,卖盘
10:39:11,12.2,0.0,1,1220,卖盘
10:39:17,12.2,0.0,70,85400,卖盘
10:39:20,12.2,0.0,20,24388,买盘
10:39:23,12.2,0.0,11,13419,买盘
10:39:32,12.19,-0.01,59,71921,卖盘
10:39:38,12.18,-0.01,5,6092,卖盘
10:39:44,12.18,0.0,36,43857,卖盘
10:39:47,12.18,0.0,49,59682,卖盘
10:39:50,12.17,-0.01,4,4868,卖盘
10:39:53,12.18,0.01,10,12175,买盘
10:39:56,12.16,-0.02,207,251918,卖盘
10:40:05,12.16,0.0,83,100928,卖盘
10:40:08,12.16,0.0,7,8507,买盘
10:40:17,12.16,0.0,102,123932,买盘
10:40:26,12.15,-0.01,20,24300,卖盘
10:40:29,12.16,0.01,38,46203,买盘
10:40:35,12.15,-0.01,4,4861,卖盘
10:40:38,12.16,0.01,44,53464,买盘
10:40:47,12.16,0.0,55,66830,买盘
10:40:56,12.16,0.0,10,12160,买盘
10:40:59,12.15,-0.01,2,2430,卖盘
10:41:02,12.15,0.0,1,1215,卖盘
10:41:05,12.15,0.0,24,29165,卖盘
10:41:11,12.16,0.01,21,25536,买盘
10:41:14,12.15,-0.01,100,121500,卖盘
10:41:17,12.16,0.01,2,2432,买盘
10:41:20,12.15,-0.01,52,63180,卖盘
10:41:23,12.15,0.0,49,59535,卖盘
10:41:29,12.14,-0.01,6,7284,卖盘
10:41:32,12.14,0.0,8,9712,卖盘
10:41:35,12.14,0.0,152,184530,卖盘
10:41:38,12.13,-0.01,75,90983,卖盘
10:41:41,12.13,0.0,5,6067,卖盘
10:41:47,12.13,0.0,32,38841,卖盘
10:41:50,12.13,0.0,1,1213,买盘
10:41:53,12.13,0.0,20,24260,买盘
10:41:56,12.13,0.0,15,18195,买盘
10:41:59,12.13,0.0,143,173459,卖盘
10:42:05,12.13,0.0,68,82489,卖盘
10:42:08,12.13,0.0,26,31538,买盘
10:42:11,12.13,0.0,197,238961,买盘
10:42:20,12.13,0.0,8,9704,卖盘
10:42:23,12.13,0.0,2,2426,买盘
10:42:29,12.14,0.01,11,13354,买盘
10:42:38,12.14,0.0,2,2428,买盘
10:42:41,12.14,0.0,12,14568,买盘
10:42:50,12.14,0.0,5,6070,卖盘
10:42:53,12.15,0.01,194,235685,买盘
10:42:56,12.15,0.0,1,1215,买盘
10:42:59,12.15,0.0,10,12150,买盘
10:43:02,12.15,0.0,4,4860,买盘
10:43:14,12.16,0.01,2,2432,买盘
10:43:17,12.16,0.0,31,37696,买盘
10:43:20,12.16,0.0,28,34048,买盘
10:43:23,12.16,0.0,2,2432,买盘
10:43:26,12.16,0.0,86,104576,买盘
10:43:29,12.16,0.0,55,66880,卖盘
10:43:32,12.17,0.01,9,10953,买盘
10:43:35,12.17,0.0,91,110747,买盘
10:43:41,12.2,0.03,105,127988,买盘
10:43:44,12.19,-0.01,7,8536,卖盘
10:43:47,12.2,0.01,16,19520,买盘
10:43:50,12.2,0.0,71,86620,买盘
10:43:53,12.2,0.0,103,125660,买盘
10:43:56,12.2,0.0,174,212280,买盘
10:43:59,12.2,0.0,49,59780,买盘
10:44:02,12.2,0.0,122,148840,买盘
10:44:11,12.22,0.02,33,40326,买盘
10:44:17,12.22,0.0,7,8554,买盘
10:44:20,12.21,-0.01,11,13431,卖盘
10:44:23,12.22,0.01,32,39091,买盘
10:44:26,12.22,0.0,16,19552,买盘
10:44:32,12.22,0.0,1,1222,买盘
10:44:35,12.21,-0.01,12,14652,中性盘
10:44:38,12.21,0.0,2,2442,买盘
10:44:41,12.21,0.0,8,9768,买盘
10:44:44,12.21,0.0,46,56166,买盘
10:44:47,12.22,0.01,116,141710,买盘
10:44:53,12.22,0.0,64,78238,卖盘
10:44:56,12.22,0.0,5,6110,卖盘
10:45:02,12.23,0.01,59,72146,买盘
10:45:08,12.24,0.01,1,1224,买盘
10:45:11,12.24,0.0,3,3672,买盘
10:45:14,12.24,0.0,6,7344,买盘
10:45:17,12.24,0.0,16,19584,买盘
10:45:21,12.24,0.0,6,7344,买盘
10:45:23,12.24,0.0,73,89352,买盘
10:45:32,12.27,0.03,39,47853,买盘
10:45:35,12.27,0.0,10,12270,卖盘
10:45:38,12.27,0.0,1,1227,卖盘
10:45:41,12.27,0.0,18,22086,卖盘
10:45:44,12.27,0.0,95,116612,卖盘
10:45:47,12.28,0.01,8,9824,中性盘
10:45:50,12.29,0.01,12,14747,买盘
10:45:53,12.29,0.0,72,88440,买盘
10:45:56,12.29,0.0,82,100728,买盘
10:45:59,12.28,-0.01,9,11052,中性盘
10:46:05,12.28,0.0,1,1228,买盘
10:46:08,12.28,0.0,56,68762,买盘
10:46:11,12.25,-0.03,107,131366,卖盘
10:46:20,12.27,0.02,9,11043,买盘
10:46:23,12.25,-0.02,10,12250,卖盘
10:46:26,12.26,0.01,10,12260,买盘
10:46:29,12.26,0.0,5,6130,买盘
10:46:32,12.26,0.0,1,1226,买盘
10:46:35,12.27,0.01,157,192536,买盘
10:46:47,12.27,0.0,32,39285,卖盘
10:46:53,12.26,-0.01,45,55212,卖盘
10:46:56,12.26,0.0,2,2452,卖盘
10:46:59,12.26,0.0,8,9808,卖盘
10:47:02,12.26,0.0,40,49041,卖盘
10:47:05,12.25,-0.01,2,2450,卖盘
10:47:08,12.25,0.0,2,2450,卖盘
10:47:14,12.25,0.0,5,6125,卖盘
10:47:23,12.26,0.01,17,20842,买盘
10:47:26,12.25,-0.01,102,124950,卖盘
10:47:29,12.25,0.0,2,2450,卖盘
10:47:32,12.24,-0.01,15,18366,卖盘
10:48:02,12.25,0.01,5,6125,买盘
10:48:05,12.25,0.0,1,1225,买盘
10:48:08,12.25,0.0,6,7350,买盘
10:48:20,12.25,0.0,44,53900,卖盘
10:48:29,12.25,0.0,11,13475,卖盘
10:48:32,12.26,0.01,4,4904,买盘
10:48:35,12.26,0.0,19,23294,买盘
10:48:41,12.26,0.0,21,25746,买盘
10:48:47,12.26,0.0,3,3678,买盘
10:48:50,12.26,0.0,23,28198,买盘
10:48:53,12.26,0.0,1,1226,买盘
10:48:56,12.26,0.0,40,49040,买盘
10:49:14,12.26,0.0,1,1226,买盘
10:49:20,12.26,0.0,44,53944,买盘
10:49:26,12.26,0.0,1,1226,买盘
10:49:29,12.26,0.0,90,110340,买盘
10:49:41,12.26,0.0,5,6130,卖盘
10:49:53,12.27,0.01,50,61350,买盘
10:49:56,12.27,0.0,3,3681,买盘
10:50:05,12.27,0.0,51,62577,买盘
10:50:08,12.27,0.0,20,24540,买盘
10:50:11,12.27,0.0,3,3681,买盘
10:50:14,12.26,-0.01,3,3678,卖盘
10:50:17,12.27,0.01,4,4908,买盘
10:50:23,12.27,0.0,108,132516,买盘
10:50:29,12.27,0.0,87,106749,卖盘
10:50:38,12.27,0.0,32,39264,卖盘
10:50:47,12.28,0.01,15,18412,买盘
10:50:50,12.27,-0.01,5,6135,卖盘
10:50:53,12.28,0.01,29,35612,买盘
10:50:59,12.28,0.0,83,101881,买盘
10:51:02,12.27,-0.01,9,11043,卖盘
10:51:08,12.27,0.0,15,18410,卖盘
10:51:11,12.27,0.0,28,34373,卖盘
10:51:14,12.28,0.01,19,23332,买盘
10:51:17,12.27,-0.01,20,24546,卖盘
10:51:20,12.28,0.01,5,6140,卖盘
10:51:23,12.28,0.0,5,6140,卖盘
10:51:29,12.29,0.01,10,12290,买盘
10:51:32,12.29,0.0,5,6145,买盘
10:51:41,12.29,0.0,3,3687,买盘
10:51:44,12.29,0.0,4,4916,买盘
10:51:50,12.29,0.0,5,6145,买盘
10:51:56,12.29,0.0,2,2458,买盘
10:52:05,12.29,0.0,8,9832,买盘
10:52:08,12.29,0.0,78,95862,买盘
10:52:20,12.29,0.0,34,41786,卖盘
10:52:23,12.29,0.0,13,15987,卖盘
10:52:26,12.3,0.01,8,9840,买盘
10:52:32,12.29,-0.01,1,1229,卖盘
10:52:35,12.3,0.01,9,11067,买盘
10:52:41,12.3,0.0,40,49177,买盘
10:52:44,12.3,0.0,11,13530,买盘
10:52:47,12.29,-0.01,16,19674,卖盘
10:52:53,12.3,0.01,25,30740,买盘
10:52:59,12.3,0.0,10,12300,买盘
10:53:02,12.3,0.0,40,49200,买盘
10:53:05,12.3,0.0,16,19680,买盘
10:53:08,12.29,-0.01,65,79885,卖盘
10:53:20,12.29,0.0,2,2458,买盘
10:53:26,12.29,0.0,58,70680,买盘
10:53:35,12.29,0.0,5,6145,卖盘
10:53:47,12.29,0.0,1,1229,卖盘
10:53:53,12.3,0.01,1,1230,买盘
10:53:59,12.3,0.0,10,12300,买盘
10:54:02,12.3,0.0,5,6150,买盘
10:54:05,12.3,0.0,10,12300,买盘
10:54:08,12.29,-0.01,13,15987,卖盘
10:54:14,12.29,0.0,13,15980,卖盘
10:54:20,12.3,0.01,10,12300,买盘
10:54:23,12.3,0.0,2,2460,买盘
10:54:32,12.3,0.0,1,1230,买盘
10:54:38,12.3,0.0,1,1230,买盘
10:54:41,12.3,0.0,58,71340,买盘
10:54:44,12.3,0.0,6,7380,买盘
10:54:47,12.3,0.0,17,20910,买盘
10:54:50,12.3,0.0,2,2460,买盘
10:54:56,12.3,0.0,12,14750,买盘
10:54:59,12.3,0.0,1,1230,买盘
10:55:05,12.29,-0.01,10,12290,卖盘
10:55:11,12.3,0.01,8,9837,买盘
10:55:23,12.3,0.0,2,2460,买盘
10:55:26,12.3,0.0,51,62720,买盘
10:55:35,12.3,0.0,34,41816,买盘
10:55:44,12.3,0.0,51,62730,买盘
10:55:50,12.3,0.0,66,81180,买盘
10:55:56,12.3,0.0,97,119310,买盘
10:55:59,12.3,0.0,89,109443,买盘
10:56:02,12.3,0.0,50,61500,买盘
10:56:05,12.3,0.0,3,3690,买盘
10:56:11,12.31,0.01,10,12310,买盘
10:56:14,12.3,-0.01,5,6150,卖盘
10:56:29,12.31,0.01,61,75091,买盘
10:56:32,12.31,0.0,15,18465,买盘
10:56:35,12.31,0.0,31,38141,买盘
10:56:41,12.31,0.0,1,1231,买盘
10:56:44,12.31,0.0,65,80015,买盘
10:56:47,12.31,0.0,15,18465,买盘
10:56:50,12.31,0.0,10,12310,卖盘
10:56:53,12.31,0.0,8,9848,卖盘
10:56:56,12.3,-0.01,42,51681,卖盘
10:56:59,12.31,0.01,30,36930,买盘
10:57:08,12.31,0.0,66,81223,买盘
10:57:11,12.31,0.0,112,137872,卖盘
10:57:20,12.32,0.01,107,131767,买盘
10:57:26,12.32,0.0,61,75105,买盘
10:57:32,12.32,0.0,53,65296,买盘
10:57:35,12.32,0.0,10,12320,买盘
10:57:38,12.32,0.0,6,7392,买盘
10:57:44,12.32,0.0,9,11088,买盘
10:57:47,12.32,0.0,15,18480,买盘
10:57:56,12.31,-0.01,1,1231,买盘
10:58:02,12.31,0.0,7,8617,卖盘
10:58:05,12.3,-0.01,3,3690,卖盘
10:58:14,12.32,0.02,20,24640,买盘
10:58:23,12.32,0.0,2,2464,买盘
10:58:32,12.32,0.0,114,140448,买盘
10:58:35,12.32,0.0,19,23408,买盘
10:58:41,12.32,0.0,102,125664,买盘
10:58:47,12.32,0.0,3,3696,买盘
10:58:50,12.32,0.0,8,9856,买盘
10:58:53,12.32,0.0,1,1232,卖盘
10:58:56,12.33,0.01,20,24660,买盘
10:58:59,12.33,0.0,5,6165,买盘
10:59:02,12.33,0.0,28,34524,买盘
10:59:05,12.33,0.0,26,32058,买盘
10:59:11,12.33,0.0,32,39451,买盘
10:59:20,12.33,0.0,50,61650,买盘
10:59:23,12.33,0.0,41,50553,买盘
10:59:26,12.33,0.0,37,45617,买盘
10:59:29,12.33,0.0,27,33291,买盘
10:59:32,12.33,0.0,1,1233,卖盘
10:59:41,12.34,0.01,28,34552,买盘
10:59:44,12.33,-0.01,58,71514,卖盘
10:59:47,12.33,0.0,3,3699,卖盘
10:59:53,12.34,0.01,1,1234,买盘
10:59:59,12.34,0.0,3,3702,买盘
11:00:02,12.33,-0.01,55,67859,卖盘
11:00:05,12.34,0.01,22,27131,买盘
11:00:08,12.34,0.0,18,22212,卖盘
11:00:11,12.35,0.01,90,111030,买盘
11:00:14,12.34,-0.01,4,4936,卖盘
11:00:17,12.35,0.01,43,53105,买盘
11:00:20,12.35,0.0,4,4940,买盘
11:00:23,12.35,0.0,1,1235,买盘
11:00:26,12.34,-0.01,80,98720,卖盘
11:00:29,12.34,0.0,71,87593,买盘
11:00:32,12.32,-0.02,104,128138,卖盘
11:00:35,12.33,0.01,32,39456,买盘
11:00:38,12.31,-0.02,6,7388,卖盘
11:00:41,12.32,0.01,20,24640,买盘
11:00:44,12.31,-0.01,107,131717,卖盘
11:00:53,12.32,0.01,62,76356,买盘
11:00:56,12.32,0.0,14,17248,卖盘
11:01:05,12.32,0.0,12,14784,卖盘
11:01:08,12.3,-0.02,28,34456,卖盘
11:01:38,12.3,0.0,1,1230,卖盘
11:01:41,12.3,0.0,10,12300,卖盘
11:01:47,12.3,0.0,50,61500,卖盘
11:01:50,12.3,0.0,109,134070,卖盘
11:01:53,12.3,0.0,55,67650,卖盘
11:01:56,12.28,-0.02,120,147475,卖盘
11:02:02,12.3,0.02,75,92199,买盘
11:02:05,12.3,0.0,27,33206,买盘
11:02:14,12.29,-0.01,5,6145,买盘
11:02:17,12.29,0.0,15,18445,卖盘
11:02:23,12.28,-0.01,21,25797,卖盘
11:02:47,12.28,0.0,1,1228,卖盘
11:02:50,12.28,0.0,20,24560,卖盘
11:03:02,12.28,0.0,7,8596,买盘
11:03:05,12.28,0.0,33,40524,买盘
11:03:08,12.28,0.0,2,2456,卖盘
11:03:17,12.29,0.01,1,1229,买盘
11:03:20,12.28,-0.01,2,2456,卖盘
11:03:26,12.3,0.02,9,11068,买盘
11:03:44,12.3,0.0,45,55344,买盘
11:03:47,12.3,0.0,6,7380,买盘
11:03:53,12.29,-0.01,1,1229,卖盘
11:04:02,12.29,0.0,4,4916,卖盘
11:04:05,12.3,0.01,97,119265,买盘
11:04:14,12.29,-0.01,4,4916,卖盘
11:04:32,12.28,-0.01,13,15969,卖盘
11:04:38,12.28,0.0,13,15964,卖盘
11:04:44,12.28,0.0,73,89644,卖盘
11:04:47,12.28,0.0,49,60172,卖盘
11:04:50,12.27,-0.01,36,44172,卖盘
11:04:56,12.26,-0.01,17,20842,卖盘
11:04:59,12.26,0.0,32,39232,卖盘
11:05:08,12.25,-0.01,19,23275,卖盘
11:05:11,12.24,-0.01,81,99224,卖盘
11:05:17,12.24,0.0,58,70992,卖盘
11:05:23,12.24,0.0,52,63699,卖盘
11:05:32,12.25,0.01,1,1225,买盘
11:05:47,12.26,0.01,40,49001,买盘
11:06:08,12.26,0.0,1,1226,买盘
11:06:11,12.25,-0.01,7,8575,卖盘
11:06:14,12.25,0.0,7,8575,买盘
11:06:17,12.25,0.0,2,2450,买盘
11:06:26,12.25,0.0,20,24500,买盘
11:06:47,12.25,0.0,3,3675,买盘
11:06:50,12.25,0.0,2,2450,买盘
11:06:59,12.25,0.0,10,12250,买盘
11:07:05,12.24,-0.01,10,12240,卖盘
11:07:14,12.24,0.0,60,73440,卖盘
11:07:17,12.23,-0.01,24,29365,卖盘
11:07:23,12.24,0.01,6,7344,买盘
11:07:47,12.24,0.0,1,1224,买盘
11:07:50,12.23,-0.01,1,1223,卖盘
11:07:53,12.24,0.01,2,2448,买盘
11:08:08,12.23,-0.01,49,59927,卖盘
11:08:32,12.23,0.0,11,13453,卖盘
11:08:35,12.24,0.01,12,14688,买盘
11:08:59,12.23,-0.01,3,3669,卖盘
11:09:02,12.24,0.01,20,24480,买盘
11:09:14,12.23,-0.01,1,1223,卖盘
11:09:17,12.24,0.01,6,7344,买盘
11:09:23,12.24,0.0,13,15912,买盘
11:09:29,12.24,0.0,2,2448,买盘
11:09:35,12.24,0.0,1,1224,买盘
11:09:41,12.24,0.0,10,12240,买盘
11:09:44,12.24,0.0,5,6120,买盘
11:09:50,12.24,0.0,23,28152,买盘
11:09:53,12.25,0.01,1,1225,买盘
11:10:05,12.25,0.0,19,23275,买盘
11:10:23,12.26,0.01,21,25746,买盘
11:10:32,12.27,0.01,40,49080,买盘
11:10:35,12.27,0.0,17,20859,买盘
11:10:47,12.28,0.01,50,61400,买盘
11:10:56,12.28,0.0,24,29472,买盘
11:10:59,12.28,0.0,5,6140,买盘
11:11:11,12.28,0.0,6,7368,买盘
11:11:14,12.27,-0.01,3,3681,卖盘
11:11:20,12.27,0.0,9,11043,卖盘
11:11:32,12.27,0.0,8,9816,买盘
11:11:41,12.27,0.0,19,23295,买盘
11:11:47,12.26,-0.01,2,2452,买盘
11:11:53,12.26,0.0,20,24510,买盘
11:11:56,12.26,0.0,1,1226,买盘
11:12:17,12.26,0.0,6,7356,买盘
11:12:23,12.26,0.0,6,7356,买盘
11:12:32,12.25,-0.01,5,6125,卖盘
11:12:47,12.23,-0.02,339,414819,卖盘
11:12:50,12.23,0.0,3,3669,买盘
11:12:53,12.23,0.0,1,1223,卖盘
11:12:56,12.22,-0.01,107,130758,卖盘
11:12:59,12.23,0.01,1,1223,买盘
11:13:02,12.23,0.0,1,1223,买盘
11:13:05,12.23,0.0,6,7338,买盘
11:13:08,12.23,0.0,1,1223,买盘
11:13:17,12.23,0.0,1,1223,卖盘
11:13:32,12.24,0.01,15,18355,买盘
11:13:35,12.24,0.0,2,2447,买盘
11:13:41,12.24,0.0,1,1224,买盘
11:13:47,12.23,-0.01,23,28129,卖盘
11:13:50,12.23,0.0,15,18345,买盘
11:13:53,12.23,0.0,1,1223,买盘
11:14:02,12.23,0.0,13,15899,买盘
11:14:05,12.23,0.0,45,55035,卖盘
11:14:08,12.23,0.0,8,9784,买盘
11:14:17,12.24,0.01,19,23256,买盘
11:14:23,12.23,-0.01,35,42805,卖盘
11:14:32,12.23,0.0,23,28129,买盘
11:14:35,12.23,0.0,9,11007,买盘
11:14:38,12.23,0.0,33,40359,买盘
11:14:41,12.22,-0.01,100,122246,卖盘
11:14:44,12.24,0.02,63,77112,买盘
11:14:47,12.24,0.0,4,4896,卖盘
11:14:50,12.24,0.0,268,328032,卖盘
11:14:53,12.24,0.0,55,67320,卖盘
11:15:02,12.24,0.0,1,1224,买盘
11:15:05,12.24,0.0,1,1224,买盘
11:15:11,12.25,0.01,20,24488,买盘
11:15:17,12.25,0.0,8,9800,买盘
11:15:23,12.25,0.0,30,36750,买盘
11:15:26,12.25,0.0,5,6125,买盘
11:15:29,12.25,0.0,50,61250,买盘
11:15:38,12.24,-0.01,10,12240,卖盘
11:15:53,12.24,0.0,21,25704,买盘
11:15:59,12.24,0.0,1,1224,买盘
11:16:02,12.24,0.0,7,8568,买盘
11:16:08,12.24,0.0,7,8568,买盘
11:16:11,12.24,0.0,3,3672,买盘
11:16:17,12.24,0.0,1,1224,买盘
11:16:23,12.24,0.0,2,2448,买盘
11:16:29,12.23,-0.01,21,25683,卖盘
11:16:32,12.24,0.01,19,23256,买盘
11:16:35,12.24,0.0,1,1224,买盘
11:16:38,12.23,-0.01,50,61150,卖盘
11:16:56,12.24,0.01,1,1224,买盘
11:17:08,12.23,-0.01,20,24460,卖盘
11:17:17,12.24,0.01,1,1224,买盘
11:17:23,12.24,0.0,3,3672,买盘
11:17:38,12.24,0.0,1,1224,买盘
11:17:50,12.24,0.0,2,2448,买盘
11:18:08,12.24,0.0,5,6120,买盘
11:18:11,12.24,0.0,11,13464,买盘
11:18:14,12.23,-0.01,115,140671,卖盘
11:18:17,12.24,0.01,204,249845,买盘
11:18:20,12.24,0.0,3,3672,卖盘
11:18:26,12.25,0.01,7,8575,买盘
11:18:35,12.25,0.0,5,6125,买盘
11:18:38,12.25,0.0,4,4900,买盘
11:18:47,12.24,-0.01,17,20808,卖盘
11:18:56,12.25,0.01,19,23275,买盘
11:19:08,12.25,0.0,37,45325,买盘
11:19:14,12.25,0.0,6,7350,买盘
11:19:17,12.25,0.0,12,14700,买盘
11:19:23,12.25,0.0,55,67375,买盘
11:19:26,12.24,-0.01,20,24480,卖盘
11:19:32,12.24,0.0,86,105264,卖盘
11:19:44,12.24,0.0,7,8568,卖盘
11:19:53,12.24,0.0,30,36744,中性盘
11:19:56,12.24,0.0,1,1224,买盘
11:19:59,12.24,0.0,2,2448,买盘
11:20:02,12.25,0.01,3,3673,买盘
11:20:05,12.23,-0.02,10,12241,卖盘
11:20:11,12.25,0.02,30,36750,买盘
11:20:17,12.23,-0.02,38,46474,卖盘
11:20:23,12.24,0.01,3,3670,买盘
11:20:26,12.24,0.0,1,1224,买盘
11:20:29,12.24,0.0,14,17136,买盘
11:20:38,12.24,0.0,10,12240,买盘
11:20:44,12.23,-0.01,34,41600,卖盘
11:20:47,12.25,0.02,4,4900,买盘
11:21:11,12.25,0.0,39,47775,买盘
11:21:14,12.25,0.0,16,19600,买盘
11:21:17,12.25,0.0,1,1225,买盘
11:21:20,12.24,-0.01,30,36720,卖盘
11:21:26,12.24,0.0,10,12240,卖盘
11:21:38,12.25,0.01,1,1225,买盘
11:21:47,12.25,0.0,19,23275,买盘
11:21:53,12.26,0.01,12,14711,买盘
11:21:56,12.25,-0.01,101,123726,卖盘
11:22:08,12.25,0.0,3,3675,卖盘
11:22:11,12.26,0.01,2,2452,买盘
11:22:14,12.26,0.0,44,53904,买盘
11:22:17,12.26,0.0,12,14712,买盘
11:22:23,12.25,-0.01,68,83300,卖盘
11:22:26,12.26,0.01,135,165479,买盘
11:22:35,12.26,0.0,4,4904,买盘
11:22:38,12.26,0.0,1,1226,买盘
11:22:44,12.26,0.0,44,53901,买盘
11:22:53,12.26,0.0,1,1226,买盘
11:22:56,12.26,0.0,10,12260,买盘
11:22:59,12.26,0.0,1,1226,买盘
11:23:05,12.26,0.0,22,26972,买盘
11:23:08,12.26,0.0,5,6130,卖盘
11:23:17,12.26,0.0,15,18390,卖盘
11:23:20,12.26,0.0,9,11034,卖盘
11:23:29,12.26,0.0,8,9808,买盘
11:23:35,12.26,0.0,3,3678,卖盘
11:23:41,12.26,0.0,10,12260,卖盘
11:23:44,12.27,0.01,137,168093,买盘
11:23:56,12.26,-0.01,1,1226,买盘
11:24:05,12.26,0.0,2,2451,买盘
11:24:20,12.25,-0.01,20,24500,卖盘
11:24:26,12.25,0.0,70,85750,卖盘
11:24:35,12.24,-0.01,14,17136,卖盘
11:24:41,12.23,-0.01,54,66042,卖盘
11:24:53,12.25,0.02,29,35499,买盘
11:24:59,12.24,-0.01,5,6120,买盘
11:25:08,12.25,0.01,3,3675,买盘
11:25:11,12.24,-0.01,10,12240,卖盘
11:25:29,12.25,0.01,7,8575,买盘
11:25:32,12.25,0.0,1,1225,买盘
11:25:35,12.25,0.0,5,6125,买盘
11:25:38,12.25,0.0,2,2450,买盘
11:25:44,12.25,0.0,16,19600,买盘
11:25:47,12.25,0.0,1,1225,买盘
11:25:56,12.25,0.0,11,13475,买盘
11:25:59,12.25,0.0,9,11025,买盘
11:26:08,12.26,0.01,12,14711,买盘
11:26:14,12.26,0.0,20,24520,买盘
11:26:17,12.26,0.0,5,6130,卖盘
11:26:26,12.26,0.0,2,2453,卖盘
11:26:29,12.26,0.0,2,2452,买盘
11:26:35,12.27,0.01,8,9811,买盘
11:26:38,12.26,-0.01,10,12260,卖盘
11:26:47,12.26,0.0,1,1226,卖盘
11:26:50,12.27,0.01,13,15951,买盘
11:27:02,12.27,0.0,4,4908,买盘
11:27:05,12.27,0.0,5,6135,买盘
11:27:14,12.27,0.0,26,31902,买盘
11:27:17,12.27,0.0,13,15951,买盘
11:27:20,12.27,0.0,70,85890,买盘
11:27:23,12.28,0.01,4,4912,买盘
11:27:29,12.29,0.01,8,9832,买盘
11:27:35,12.29,0.0,3,3687,买盘
11:27:41,12.29,0.0,1,1229,买盘
11:27:44,12.29,0.0,11,13531,买盘
11:27:47,12.29,0.0,4,4916,卖盘
11:27:50,12.3,0.01,75,92182,买盘
11:27:56,12.3,0.0,54,66420,买盘
11:28:05,12.3,0.0,3,3690,买盘
11:28:14,12.3,0.0,8,9840,买盘
11:28:17,12.3,0.0,1,1230,买盘
11:28:20,12.3,0.0,42,51660,买盘
11:28:26,12.29,-0.01,10,12290,卖盘
11:28:29,12.3,0.01,5,6150,买盘
11:28:32,12.3,0.0,1,1230,买盘
11:28:35,12.3,0.0,6,7380,买盘
11:28:41,12.29,-0.01,10,12290,卖盘
11:28:47,12.3,0.01,4,4920,买盘
11:28:56,12.3,0.0,15,18450,买盘
11:29:02,12.29,-0.01,16,19674,卖盘
11:29:05,12.29,0.0,3,3687,卖盘
11:29:08,12.29,0.0,7,8603,卖盘
11:29:11,12.29,0.0,12,14736,卖盘
11:29:20,12.29,0.0,1,1229,买盘
11:29:23,12.3,0.01,10,12291,买盘
11:29:29,12.29,-0.01,5,6145,买盘
11:29:32,12.3,0.01,2,2460,买盘
11:29:38,12.3,0.0,137,168379,买盘
11:29:41,12.3,0.0,1,1230,买盘
11:29:47,12.29,-0.01,15,18435,卖盘
11:29:53,12.29,0.0,1,1229,中性盘
11:29:56,12.28,-0.01,25,30736,卖盘
11:29:59,12.3,0.02,14,17210,买盘
13:00:02,12.3,0.0,48,59039,买盘
13:00:05,12.3,0.0,136,167289,买盘
13:00:08,12.33,0.03,100,123122,买盘
13:00:11,12.31,-0.02,59,72573,中性盘
13:00:20,12.32,0.01,2,2464,买盘
13:00:26,12.32,0.0,5,6160,买盘
13:00:29,12.32,0.0,4,4928,买盘
13:00:32,12.34,0.02,67,82666,买盘
13:00:38,12.32,-0.02,74,91301,卖盘
13:00:44,12.33,0.01,3,3699,买盘
13:00:53,12.33,0.0,36,44367,买盘
13:00:56,12.33,0.0,29,35757,买盘
13:00:59,12.33,0.0,13,16027,卖盘
13:01:02,12.33,0.0,5,6165,买盘
13:01:05,12.32,-0.01,10,12325,卖盘
13:01:08,12.33,0.01,10,12330,中性盘
13:01:11,12.33,0.0,10,12330,卖盘
13:01:14,12.31,-0.02,10,12311,卖盘
13:01:20,12.31,0.0,54,66558,卖盘
13:01:23,12.31,0.0,7,8612,买盘
13:01:26,12.31,0.0,6,7386,买盘
13:01:35,12.31,0.0,15,17886,卖盘
13:01:38,12.32,0.01,15,18480,中性盘
13:01:47,12.32,0.0,4,4928,卖盘
13:01:50,12.31,-0.01,28,34468,卖盘
13:01:53,12.31,0.0,39,48009,卖盘
13:01:56,12.31,0.0,2,3041,卖盘
13:01:59,12.31,0.0,1,1231,买盘
13:02:08,12.31,0.0,2,2461,买盘
13:02:11,12.3,-0.01,1,1230,卖盘
13:02:14,12.31,0.01,16,19682,买盘
13:02:17,12.31,0.0,6,7386,买盘
13:02:26,12.31,0.0,10,12305,买盘
13:02:29,12.31,0.0,13,15806,买盘
13:02:32,12.31,0.0,4,4924,卖盘
13:02:35,12.31,0.0,5,6155,卖盘
13:02:38,12.31,0.0,5,6155,卖盘
13:02:41,12.32,0.01,6,7387,买盘
13:02:44,12.31,-0.01,1,1231,卖盘
13:02:47,12.31,0.0,5,6155,卖盘
13:02:50,12.31,0.0,28,34468,卖盘
13:02:59,12.32,0.01,6,7392,买盘
13:03:05,12.32,0.0,16,19712,买盘
13:03:08,12.32,0.0,20,24640,买盘
13:03:11,12.32,0.0,1,1232,买盘
13:03:14,12.32,0.0,7,8624,买盘
13:03:17,12.32,0.0,1,1232,卖盘
13:03:26,12.32,0.0,5,6160,卖盘
13:03:29,12.32,0.0,114,140450,卖盘
13:03:41,12.32,0.0,12,14784,买盘
13:03:44,12.32,0.0,31,38192,卖盘
13:03:47,12.32,0.0,1,1232,买盘
13:03:50,12.33,0.01,122,150418,买盘
13:04:02,12.34,0.01,4,4936,买盘
13:04:05,12.33,-0.01,50,61650,卖盘
13:04:08,12.34,0.01,74,91316,买盘
13:04:11,12.34,0.0,8,9872,卖盘
13:04:14,12.34,0.0,1,1234,卖盘
13:04:17,12.34,0.0,15,18510,卖盘
13:04:20,12.34,0.0,2,2468,买盘
13:04:23,12.34,0.0,18,22212,买盘
13:04:32,12.34,0.0,10,12340,卖盘
13:04:38,12.34,0.0,41,50594,卖盘
13:04:44,12.35,0.01,199,245765,买盘
13:04:56,12.36,0.01,32,39552,买盘
13:04:59,12.36,0.0,46,56862,卖盘
13:05:05,12.37,0.01,24,29688,买盘
13:05:11,12.36,-0.01,3,3708,卖盘
13:05:14,12.37,0.01,45,55665,买盘
13:05:20,12.38,0.01,5,6190,买盘
13:05:26,12.38,0.0,11,13618,买盘
13:05:29,12.38,0.0,44,54472,买盘
13:05:35,12.39,0.01,1,1239,买盘
13:05:38,12.39,0.0,43,53277,买盘
13:05:41,12.4,0.01,4,4959,买盘
13:05:44,12.4,0.0,52,64480,买盘
13:05:47,12.4,0.0,37,45880,买盘
13:05:50,12.41,0.01,30,37205,买盘
13:05:53,12.4,-0.01,26,32246,卖盘
13:05:56,12.42,0.02,22,27315,买盘
13:06:02,12.42,0.0,31,38502,买盘
13:06:08,12.42,0.0,238,295793,卖盘
13:06:11,12.43,0.01,27,33540,买盘
13:06:14,12.43,0.0,47,58421,买盘
13:06:20,12.44,0.01,37,46028,买盘
13:06:23,12.45,0.01,44,54780,买盘
13:06:26,12.45,0.0,76,94620,买盘
13:06:29,12.46,0.01,29,36134,买盘
13:06:32,12.46,0.0,46,57316,买盘
13:06:35,12.47,0.01,40,49880,买盘
13:06:38,12.48,0.01,252,314128,买盘
13:06:41,12.47,-0.01,64,79758,中性盘
13:06:44,12.47,0.0,18,22450,卖盘
13:06:47,12.49,0.02,106,132284,买盘
13:06:50,12.48,-0.01,21,26228,卖盘
13:06:53,12.5,0.02,29,36223,买盘
13:06:56,12.49,-0.01,37,46213,卖盘
13:06:59,12.49,0.0,119,148711,卖盘
13:07:02,12.5,0.01,127,158713,买盘
13:07:05,12.49,-0.01,163,203609,中性盘
13:07:08,12.48,-0.01,17,21225,卖盘
13:07:11,12.48,0.0,70,87399,卖盘
13:07:14,12.47,-0.01,41,51129,卖盘
13:07:17,12.48,0.01,104,129763,买盘
13:07:20,12.48,0.0,58,72370,买盘
13:07:23,12.48,0.0,3,3743,买盘
13:07:26,12.47,-0.01,1,1247,卖盘
13:07:35,12.47,0.0,28,34916,买盘
13:07:38,12.45,-0.02,37,46065,卖盘
13:07:41,12.45,0.0,86,107075,卖盘
13:07:44,12.45,0.0,6,7470,买盘
13:07:47,12.45,0.0,6,7470,买盘
13:07:50,12.44,-0.01,44,54736,卖盘
13:07:56,12.43,-0.01,20,24860,卖盘
13:07:59,12.43,0.0,3,3729,卖盘
13:08:02,12.43,0.0,40,49745,卖盘
13:08:08,12.42,-0.01,50,62100,卖盘
13:08:14,12.43,0.01,13,16159,买盘
13:08:17,12.42,-0.01,8,9936,卖盘
13:08:20,12.41,-0.01,19,23584,卖盘
13:08:23,12.41,0.0,3,3723,买盘
13:08:32,12.41,0.0,10,12410,买盘
13:08:38,12.4,-0.01,5,6204,卖盘
13:08:44,12.41,0.01,2,2482,买盘
13:08:50,12.41,0.0,14,17374,买盘
13:08:53,12.41,0.0,50,62050,买盘
13:08:56,12.4,-0.01,5,6200,卖盘
13:08:59,12.41,0.01,117,145177,买盘
13:09:02,12.41,0.0,30,37215,买盘
13:09:11,12.41,0.0,10,12410,买盘
13:09:14,12.4,-0.01,9,11160,卖盘
13:09:17,12.41,0.01,24,29784,买盘
13:09:23,12.4,-0.01,82,101718,卖盘
13:09:26,12.41,0.01,13,16133,买盘
13:09:32,12.41,0.0,4,4964,买盘
13:09:41,12.41,0.0,3,3723,买盘
13:09:50,12.41,0.0,2,2482,买盘
13:09:53,12.41,0.0,13,16133,买盘
13:10:11,12.41,0.0,25,31035,卖盘
13:10:20,12.42,0.01,5,6210,买盘
13:10:26,12.42,0.0,73,90666,买盘
13:10:29,12.41,-0.01,2,2482,卖盘
13:10:32,12.41,0.0,59,73219,卖盘
13:10:35,12.41,0.0,4,4964,买盘
13:10:41,12.41,0.0,4,4964,买盘
13:10:44,12.41,0.0,1,1241,买盘
13:10:47,12.41,0.0,34,42194,买盘
13:10:50,12.41,0.0,5,6205,买盘
13:10:53,12.4,-0.01,141,174911,卖盘
13:11:05,12.39,-0.01,1,1239,卖盘
13:11:08,12.39,0.0,22,27258,卖盘
13:11:11,12.39,0.0,3,3717,买盘
13:11:14,12.39,0.0,7,8673,卖盘
13:11:17,12.39,0.0,1,1239,卖盘
13:11:23,12.39,0.0,101,125225,买盘
13:11:38,12.39,0.0,6,7434,买盘
13:11:59,12.39,0.0,1,1239,买盘
13:12:05,12.39,0.0,6,7434,买盘
13:12:08,12.39,0.0,14,17346,买盘
13:12:11,12.39,0.0,4,4956,买盘
13:12:20,12.39,0.0,3,3717,买盘
13:12:32,12.39,0.0,7,8673,买盘
13:12:50,12.38,-0.01,98,121354,卖盘
13:13:05,12.37,-0.01,40,49480,卖盘
13:13:08,12.37,0.0,60,74220,卖盘
13:13:14,12.38,0.01,60,74249,买盘
13:13:20,12.37,-0.01,24,29688,卖盘
13:13:26,12.37,0.0,57,70540,卖盘
13:13:29,12.37,0.0,1,1237,买盘
13:13:35,12.36,-0.01,2,2472,卖盘
13:13:41,12.37,0.01,3,3711,买盘
13:13:44,12.36,-0.01,7,8652,卖盘
13:13:47,12.36,0.0,40,49440,卖盘
13:13:50,12.36,0.0,12,14832,卖盘
13:13:53,12.36,0.0,11,13596,卖盘
13:13:59,12.36,0.0,14,17304,卖盘
13:14:02,12.35,-0.01,195,241017,卖盘
13:14:05,12.35,0.0,2,2470,卖盘
13:14:14,12.35,0.0,5,6175,卖盘
13:14:17,12.35,0.0,5,6175,卖盘
13:14:23,12.35,0.0,32,39520,卖盘
13:14:26,12.35,0.0,45,55575,卖盘
13:14:32,12.34,-0.01,5,6174,卖盘
13:14:35,12.34,0.0,1,1234,买盘
13:14:38,12.34,0.0,1,1234,买盘
13:14:41,12.33,-0.01,5,6165,卖盘
13:14:44,12.33,0.0,9,11097,卖盘
13:15:11,12.33,0.0,19,23429,卖盘
13:15:14,12.33,0.0,6,7398,买盘
13:15:26,12.33,0.0,13,16029,买盘
13:15:29,12.33,0.0,14,17262,买盘
13:15:32,12.35,0.02,1,1235,买盘
13:15:35,12.35,0.0,15,18525,卖盘
13:15:50,12.33,-0.02,4,4932,卖盘
13:15:56,12.34,0.01,5,6170,卖盘
13:16:02,12.33,-0.01,18,22202,卖盘
13:16:05,12.34,0.01,10,12340,买盘
13:16:11,12.33,-0.01,1,1233,卖盘
13:16:14,12.34,0.01,5,6170,买盘
13:16:17,12.34,0.0,3,3702,买盘
13:16:26,12.34,0.0,24,29616,买盘
13:16:32,12.35,0.01,2,2470,买盘
13:16:38,12.36,0.01,10,12360,买盘
13:16:47,12.36,0.0,56,69216,买盘
13:16:56,12.37,0.01,20,24740,买盘
13:16:59,12.37,0.0,1,1237,买盘
13:17:05,12.36,-0.01,60,74190,卖盘
13:17:11,12.36,0.0,5,6180,买盘
13:17:14,12.36,0.0,17,21012,买盘
13:17:17,12.35,-0.01,6,7410,卖盘
13:17:38,12.34,-0.01,2,2468,买盘
13:17:41,12.37,0.03,135,166799,买盘
13:17:50,12.37,0.0,28,34634,买盘
13:18:02,12.35,-0.02,1,1235,中性盘
13:18:05,12.35,0.0,3,3705,卖盘
13:18:08,12.37,0.02,32,39584,买盘
13:18:11,12.36,-0.01,50,61800,买盘
13:18:14,12.36,0.0,1,1236,买盘
13:18:17,12.36,0.0,31,38316,买盘
13:18:23,12.35,-0.01,43,53105,卖盘
13:18:29,12.35,0.0,8,9880,买盘
13:18:32,12.35,0.0,3,3705,卖盘
13:18:38,12.34,-0.01,15,18513,卖盘
13:18:47,12.33,-0.01,20,24660,卖盘
13:18:56,12.33,0.0,10,12330,卖盘
13:18:59,12.33,0.0,1,1233,卖盘
13:19:02,12.34,0.01,3,3702,买盘
13:19:08,12.33,-0.01,15,18495,卖盘
13:19:14,12.33,0.0,10,12330,卖盘
13:19:20,12.34,0.01,9,11106,买盘
13:19:26,12.35,0.01,14,17280,买盘
13:19:35,12.35,0.0,49,60515,买盘
13:19:44,12.35,0.0,1,1235,卖盘
13:19:50,12.35,0.0,5,6175,卖盘
13:19:53,12.36,0.01,1,1236,买盘
13:20:05,12.36,0.0,10,12360,买盘
13:20:20,12.36,0.0,32,39552,买盘
13:20:23,12.35,-0.01,12,14820,卖盘
13:20:26,12.36,0.01,25,30900,买盘
13:20:29,12.36,0.0,7,8652,卖盘
13:20:35,12.37,0.01,2,2474,买盘
13:20:44,12.37,0.0,31,38347,买盘
13:20:50,12.37,0.0,10,12370,买盘
13:20:53,12.37,0.0,7,8659,买盘
13:20:56,12.36,-0.01,51,63077,卖盘
13:21:02,12.36,0.0,10,12360,卖盘
13:21:05,12.36,0.0,2,2472,卖盘
13:21:11,12.37,0.01,4,4948,买盘
13:21:23,12.36,-0.01,10,12360,卖盘
13:21:26,12.37,0.01,5,6185,买盘
13:21:29,12.36,-0.01,3,3708,卖盘
13:21:38,12.36,0.0,10,12360,卖盘
13:21:47,12.36,0.0,13,16068,卖盘
13:21:53,12.36,0.0,1,1236,买盘
13:21:56,12.35,-0.01,6,7410,卖盘
13:22:05,12.35,0.0,10,12350,卖盘
13:22:08,12.35,0.0,102,125970,卖盘
13:22:11,12.35,0.0,27,33345,卖盘
13:22:17,12.35,0.0,2,2470,买盘
13:22:35,12.35,0.0,11,13585,买盘
13:22:44,12.35,0.0,31,38285,买盘
13:22:47,12.35,0.0,5,6175,买盘
13:22:53,12.35,0.0,6,7405,买盘
13:22:56,12.35,0.0,128,158080,买盘
13:23:02,12.36,0.01,2,2472,买盘
13:23:11,12.36,0.0,56,69216,买盘
13:23:14,12.36,0.0,1,1236,买盘
13:23:26,12.35,-0.01,324,400441,卖盘
13:23:29,12.36,0.01,4,4944,买盘
13:23:32,12.36,0.0,10,12360,买盘
13:23:38,12.36,0.0,20,24720,买盘
13:23:41,12.36,0.0,107,132252,买盘
13:23:50,12.37,0.01,1,1237,买盘
13:23:56,12.37,0.0,15,18545,买盘
13:24:05,12.37,0.0,13,16081,买盘
13:24:08,12.36,-0.01,2,2472,卖盘
13:24:11,12.37,0.01,7,8657,买盘
13:24:14,12.37,0.0,2,2474,买盘
13:24:17,12.37,0.0,5,6185,买盘
13:24:20,12.36,-0.01,10,12360,卖盘
13:24:23,12.37,0.01,2,2474,买盘
13:24:29,12.37,0.0,9,11133,买盘
13:24:32,12.37,0.0,5,6185,卖盘
13:24:35,12.37,0.0,8,9896,买盘
13:24:41,12.37,0.0,4,4948,买盘
13:24:47,12.37,0.0,15,18555,买盘
13:24:56,12.37,0.0,169,209053,买盘
13:25:08,12.37,0.0,1,1237,卖盘
13:25:14,12.38,0.01,5,6190,买盘
13:25:26,12.38,0.0,10,12380,买盘
13:25:29,12.37,-0.01,7,8659,卖盘
13:25:38,12.38,0.01,5,6190,买盘
13:25:44,12.37,-0.01,10,12379,卖盘
13:25:50,12.38,0.01,10,12380,买盘
13:25:53,12.36,-0.02,137,169414,卖盘
13:25:59,12.36,0.0,13,16068,卖盘
13:26:11,12.37,0.01,23,28441,买盘
13:26:26,12.37,0.0,1,1237,买盘
13:26:38,12.37,0.0,10,12370,买盘
13:26:41,12.37,0.0,18,22266,买盘
13:26:47,12.37,0.0,8,9896,买盘
13:26:50,12.37,0.0,3,3711,买盘
13:26:56,12.36,-0.01,20,24720,卖盘
13:26:59,12.37,0.01,47,58139,买盘
13:27:02,12.36,-0.01,1,1236,卖盘
13:27:05,12.37,0.01,5,6185,买盘
13:27:14,12.37,0.0,1,1237,卖盘
13:27:20,12.38,0.01,11,13618,买盘
13:27:26,12.38,0.0,61,75518,买盘
13:27:29,12.37,-0.01,106,131174,卖盘
13:27:35,12.37,0.0,4,4948,买盘
13:27:38,12.38,0.01,60,74237,买盘
13:27:44,12.38,0.0,4,4952,买盘
13:27:47,12.37,-0.01,6,7422,卖盘
13:27:50,12.38,0.01,1,1238,买盘
13:27:53,12.38,0.0,1,1238,买盘
13:27:56,12.38,0.0,6,7428,买盘
13:27:59,12.38,0.0,1,1238,买盘
13:28:02,12.38,0.0,2,2476,买盘
13:28:05,12.37,-0.01,1,1237,卖盘
13:28:08,12.38,0.01,48,59424,买盘
13:28:14,12.38,0.0,15,18570,买盘
13:28:20,12.38,0.0,14,17332,买盘
13:28:23,12.37,-0.01,1,1237,卖盘
13:28:32,12.37,0.0,12,14844,卖盘
13:28:35,12.38,0.01,128,158419,买盘
13:28:38,12.37,-0.01,1,1237,中性盘
13:28:41,12.37,0.0,1,1237,卖盘
13:28:47,12.37,0.0,2,2474,卖盘
13:28:50,12.37,0.0,4,4948,卖盘
13:28:53,12.37,0.0,16,19792,卖盘
13:28:56,12.37,0.0,6,7422,卖盘
13:29:05,12.37,0.0,1,1237,买盘
13:29:08,12.36,-0.01,2,2472,卖盘
13:29:17,12.37,0.01,14,17318,买盘
13:29:26,12.37,0.0,1,1237,卖盘
13:29:29,12.38,0.01,3,3714,买盘
13:29:32,12.37,-0.01,86,106460,卖盘
13:29:35,12.38,0.01,5,6190,买盘
13:29:50,12.38,0.0,4,4952,买盘
13:30:02,12.37,-0.01,3,3711,卖盘
13:30:05,12.38,0.01,211,261217,买盘
13:30:08,12.37,-0.01,40,49480,卖盘
13:30:29,12.38,0.01,1,1238,买盘
13:30:35,12.37,-0.01,16,19792,卖盘
13:30:38,12.38,0.01,12,14856,买盘
13:30:44,12.38,0.0,10,12380,买盘
13:30:47,12.38,0.0,1,1238,买盘
13:30:50,12.37,-0.01,2,2474,卖盘
13:30:53,12.37,0.0,67,82926,卖盘
13:30:59,12.37,0.0,22,27214,卖盘
13:31:11,12.37,0.0,17,21045,卖盘
13:31:23,12.37,0.0,3,3711,卖盘
13:31:26,12.37,0.0,17,21029,卖盘
13:31:38,12.37,0.0,3,3711,卖盘
13:31:50,12.37,0.0,2,2474,卖盘
13:31:53,12.38,0.01,29,35878,买盘
13:31:56,12.37,-0.01,4,4948,卖盘
13:31:59,12.37,0.0,15,18555,卖盘
13:32:08,12.36,-0.01,1,1236,卖盘
13:32:20,12.37,0.01,371,458927,买盘
13:32:23,12.37,0.0,4,4948,卖盘
13:32:29,12.37,0.0,18,22266,卖盘
13:32:35,12.37,0.0,59,72994,卖盘
13:32:38,12.38,0.01,1,1238,买盘
13:32:41,12.37,-0.01,81,100197,卖盘
13:32:44,12.37,0.0,14,17318,卖盘
13:32:50,12.37,0.0,30,37110,卖盘
13:32:53,12.37,0.0,1,1237,卖盘
13:32:59,12.37,0.0,177,218949,卖盘
13:33:05,12.37,0.0,8,9896,买盘
13:33:08,12.37,0.0,10,12370,买盘
13:33:14,12.37,0.0,52,64324,买盘
13:33:17,12.37,0.0,39,48243,买盘
13:33:38,12.37,0.0,36,44532,卖盘
13:33:56,12.37,0.0,13,16081,买盘
13:34:05,12.36,-0.01,11,13596,卖盘
13:34:08,12.36,0.0,84,103824,卖盘
13:34:11,12.36,0.0,23,28428,买盘
13:34:17,12.36,0.0,4,4944,卖盘
13:34:41,12.36,0.0,1,1236,卖盘
13:34:53,12.36,0.0,20,24720,卖盘
13:34:59,12.36,0.0,60,74160,卖盘
13:35:02,12.36,0.0,3,3708,卖盘
13:35:05,12.36,0.0,1,1236,卖盘
13:35:08,12.37,0.01,245,303065,买盘
13:35:17,12.37,0.0,5,6185,卖盘
13:35:23,12.38,0.01,166,205378,买盘
13:35:26,12.37,-0.01,5,6185,卖盘
13:35:32,12.37,0.0,26,32162,卖盘
13:35:35,12.37,0.0,1,1237,卖盘
13:35:44,12.37,0.0,1,1237,卖盘
13:35:59,12.38,0.01,1,1238,买盘
13:36:02,12.38,0.0,40,49520,买盘
13:36:11,12.38,0.0,5,6190,买盘
13:36:17,12.38,0.0,23,28474,买盘
13:36:20,12.38,0.0,11,13618,买盘
13:36:23,12.38,0.0,25,30945,买盘
13:36:26,12.38,0.0,70,86660,买盘
13:36:32,12.37,-0.01,73,90301,卖盘
13:36:35,12.37,0.0,25,30925,买盘
13:36:44,12.37,0.0,8,9896,买盘
13:36:47,12.37,0.0,1,1237,买盘
13:36:50,12.37,0.0,3,3711,买盘
13:36:53,12.37,0.0,6,7422,买盘
13:36:56,12.37,0.0,2,2474,买盘
13:37:05,12.37,0.0,35,43295,买盘
13:37:08,12.37,0.0,3,3711,买盘
13:37:14,12.36,-0.01,1,1236,卖盘
13:37:17,12.36,0.0,36,44496,卖盘
13:37:20,12.37,0.01,75,92775,买盘
13:38:02,12.37,0.0,32,39584,卖盘
13:38:08,12.37,0.0,20,24740,卖盘
13:38:11,12.37,0.0,1,1237,卖盘
13:38:14,12.37,0.0,20,24740,卖盘
13:38:17,12.37,0.0,3,3711,卖盘
13:38:20,12.37,0.0,16,19792,卖盘
13:38:29,12.38,0.01,68,84183,买盘
13:38:38,12.37,-0.01,4,4948,买盘
13:38:44,12.38,0.01,5,6190,买盘
13:38:50,12.38,0.0,14,17332,买盘
13:39:02,12.38,0.0,38,47044,买盘
13:39:05,12.38,0.0,1,1238,买盘
13:39:11,12.38,0.0,1,1238,买盘
13:39:17,12.38,0.0,1,1238,买盘
13:39:26,12.38,0.0,10,12380,买盘
13:39:32,12.37,-0.01,25,30938,卖盘
13:39:35,12.38,0.01,7,8666,买盘
13:39:38,12.38,0.0,32,39585,买盘
13:39:41,12.38,0.0,27,33425,买盘
13:39:50,12.38,0.0,76,94078,买盘
13:40:14,12.38,0.0,62,76756,买盘
13:40:26,12.38,0.0,10,12380,买盘
13:40:41,12.37,-0.01,41,50717,卖盘
13:40:44,12.37,0.0,10,12370,卖盘
13:40:47,12.37,0.0,4,4948,卖盘
13:40:56,12.37,0.0,10,12370,卖盘
13:41:02,12.37,0.0,2,2475,卖盘
13:41:50,12.37,0.0,39,48243,卖盘
13:41:53,12.38,0.01,107,132466,买盘
13:41:56,12.37,-0.01,8,9896,卖盘
13:42:05,12.38,0.01,5,6190,买盘
13:42:20,12.38,0.0,2,2476,买盘
13:42:23,12.38,0.0,1,1238,买盘
13:42:29,12.38,0.0,18,22284,买盘
13:42:35,12.38,0.0,5,6190,买盘
13:42:41,12.38,0.0,8,9904,买盘
13:42:50,12.38,0.0,10,12380,买盘
13:42:53,12.38,0.0,5,6190,买盘
13:42:59,12.38,0.0,1,1238,买盘
13:43:02,12.38,0.0,55,68090,买盘
13:43:05,12.38,0.0,29,35902,买盘
13:43:08,12.38,0.0,3,3714,买盘
13:43:29,12.38,0.0,8,9904,买盘
13:43:32,12.38,0.0,40,49515,买盘
13:43:35,12.38,0.0,3,3714,买盘
13:43:38,12.38,0.0,20,24760,买盘
13:43:44,12.37,-0.01,15,18560,卖盘
13:43:53,12.37,0.0,32,39584,卖盘
13:44:02,12.38,0.01,1,1238,买盘
13:44:17,12.38,0.0,37,45806,买盘
13:44:23,12.38,0.0,2,2476,买盘
13:44:32,12.38,0.0,10,12380,买盘
13:44:35,12.38,0.0,7,8666,买盘
13:44:47,12.37,-0.01,1,1237,卖盘
13:44:53,12.37,0.0,10,12370,卖盘
13:45:02,12.37,0.0,2,2474,卖盘
13:45:08,12.38,0.01,2,2476,买盘
13:45:11,12.37,-0.01,14,17331,卖盘
13:45:17,12.37,0.0,8,9896,卖盘
13:45:20,12.38,0.01,60,74280,买盘
13:45:26,12.38,0.0,1,1238,买盘
13:45:32,12.37,-0.01,4,4950,卖盘
13:45:38,12.38,0.01,253,313214,买盘
13:45:41,12.38,0.0,65,80470,买盘
13:45:44,12.38,0.0,4,4952,买盘
13:45:47,12.38,0.0,1,1238,买盘
13:45:50,12.38,0.0,18,22276,买盘
13:46:05,12.38,0.0,10,12380,买盘
13:46:08,12.38,0.0,4,4952,买盘
13:46:14,12.38,0.0,57,70566,买盘
13:46:17,12.38,0.0,100,123800,买盘
13:46:20,12.37,-0.01,20,24740,卖盘
13:46:26,12.37,0.0,104,128648,卖盘
13:46:29,12.37,0.0,12,14844,卖盘
13:46:32,12.37,0.0,1,1237,卖盘
13:46:35,12.37,0.0,1,1237,卖盘
13:46:38,12.38,0.01,14,17332,买盘
13:46:59,12.37,-0.01,175,216475,卖盘
13:47:02,12.37,0.0,40,49483,卖盘
13:47:05,12.38,0.01,12,14856,买盘
13:47:08,12.38,0.0,5,6190,买盘
13:47:11,12.37,-0.01,5,6185,卖盘
13:47:17,12.37,0.0,5,6185,卖盘
13:47:20,12.37,0.0,3,3711,卖盘
13:47:23,12.38,0.01,50,61890,买盘
13:47:26,12.37,-0.01,6,7422,卖盘
13:47:35,12.37,0.0,2,2474,卖盘
13:47:38,12.38,0.01,4,4952,买盘
13:47:44,12.38,0.0,1,1238,买盘
13:47:47,12.38,0.0,2,2476,买盘
13:47:53,12.37,-0.01,5,6185,卖盘
13:47:56,12.37,0.0,1,1237,卖盘
13:48:14,12.38,0.01,8,9904,买盘
13:48:20,12.38,0.0,42,51996,买盘
13:48:23,12.38,0.0,31,38378,买盘
13:48:26,12.38,0.0,2,2476,买盘
13:48:35,12.38,0.0,7,8666,买盘
13:48:50,12.37,-0.01,15,18563,卖盘
13:48:53,12.38,0.01,112,138581,买盘
13:49:02,12.38,0.0,6,7428,买盘
13:49:08,12.37,-0.01,34,42058,卖盘
13:49:14,12.37,0.0,60,74221,卖盘
13:49:17,12.37,0.0,5,6185,卖盘
13:49:32,12.37,0.0,6,7422,卖盘
13:49:53,12.37,0.0,2,2474,卖盘
13:49:59,12.37,0.0,72,89064,卖盘
13:50:02,12.37,0.0,81,100226,买盘
13:50:17,12.36,-0.01,2,2473,卖盘
13:50:20,12.37,0.01,12,14844,买盘
13:50:29,12.37,0.0,32,39584,买盘
13:50:41,12.37,0.0,50,61850,买盘
13:50:44,12.36,-0.01,15,18540,卖盘
13:50:56,12.37,0.01,3,3711,买盘
13:51:05,12.36,-0.01,10,12365,卖盘
13:51:08,12.37,0.01,48,59376,买盘
13:51:14,12.37,0.0,45,55665,买盘
13:51:17,12.37,0.0,41,50717,买盘
13:51:20,12.37,0.0,10,12365,买盘
13:51:23,12.37,0.0,13,16081,买盘
13:51:26,12.37,0.0,1,1237,买盘
13:51:29,12.37,0.0,2,2474,买盘
13:51:32,12.37,0.0,19,23503,买盘
13:51:41,12.37,0.0,11,13607,买盘
13:52:08,12.37,0.0,35,43262,买盘
13:52:11,12.36,-0.01,5,6180,卖盘
13:52:14,12.37,0.01,1,1237,买盘
13:52:17,12.37,0.0,42,51954,买盘
13:52:20,12.37,0.0,18,22266,买盘
13:52:23,12.36,-0.01,48,59328,卖盘
13:52:29,12.36,0.0,10,12360,卖盘
13:52:38,12.37,0.01,3,3711,买盘
13:52:44,12.37,0.0,38,46981,买盘
13:53:17,12.37,0.0,10,12370,买盘
13:53:20,12.37,0.0,10,12370,买盘
13:53:23,12.37,0.0,5,6185,买盘
13:53:35,12.37,0.0,51,63087,买盘
13:53:38,12.36,-0.01,30,37080,卖盘
13:53:41,12.36,0.0,17,21012,卖盘
13:53:44,12.36,0.0,16,19776,卖盘
13:53:50,12.37,0.01,1,1237,买盘
13:53:56,12.37,0.0,15,18555,买盘
13:54:02,12.37,0.0,28,34636,买盘
13:54:05,12.37,0.0,4,4948,买盘
13:54:11,12.36,-0.01,14,17304,卖盘
13:54:14,12.36,0.0,10,12360,卖盘
13:54:35,12.36,0.0,103,127408,卖盘
13:54:47,12.36,0.0,4,4944,卖盘
13:54:50,12.37,0.01,21,25977,买盘
13:54:59,12.37,0.0,10,12370,买盘
13:55:02,12.37,0.0,7,8659,买盘
13:55:05,12.37,0.0,4,4948,买盘
13:55:08,12.37,0.0,6,7422,买盘
13:55:14,12.37,0.0,9,11133,买盘
13:55:29,12.37,0.0,113,139781,买盘
13:55:32,12.37,0.0,3,3711,买盘
13:55:35,12.37,0.0,118,145966,买盘
13:55:38,12.37,0.0,5,6185,买盘
13:55:41,12.37,0.0,45,55665,买盘
13:55:47,12.37,0.0,11,13607,买盘
13:55:56,12.37,0.0,1,1237,买盘
13:55:59,12.37,0.0,6,7422,买盘
13:56:05,12.36,-0.01,438,541368,卖盘
13:56:23,12.36,0.0,1,1236,买盘
13:56:29,12.36,0.0,10,12360,买盘
13:56:35,12.35,-0.01,10,12350,卖盘
13:56:38,12.36,0.01,1,1236,买盘
13:56:50,12.35,-0.01,20,24700,卖盘
13:56:59,12.36,0.01,3,3708,买盘
13:57:02,12.35,-0.01,67,82774,卖盘
13:57:08,12.35,0.0,100,123500,卖盘
13:57:11,12.35,0.0,3,3705,卖盘
13:57:17,12.36,0.01,2,2472,买盘
13:57:20,12.36,0.0,2,2472,买盘
13:57:23,12.35,-0.01,100,123500,卖盘
13:57:29,12.36,0.01,9,11124,买盘
13:57:32,12.35,-0.01,10,12350,卖盘
13:57:35,12.35,0.0,16,19760,卖盘
13:57:38,12.36,0.01,8,9888,买盘
13:58:02,12.36,0.0,1,1236,买盘
13:58:11,12.35,-0.01,1,1235,卖盘
13:58:14,12.36,0.01,15,18540,买盘
13:58:17,12.36,0.0,5,6180,买盘
13:58:20,12.35,-0.01,17,20995,卖盘
13:58:23,12.36,0.01,50,61800,买盘
13:58:32,12.36,0.0,50,61800,买盘
13:58:35,12.36,0.0,15,18540,买盘
13:58:38,12.36,0.0,50,61800,买盘
13:58:41,12.36,0.0,43,53148,买盘
13:58:50,12.37,0.01,50,61850,买盘
13:58:53,12.37,0.0,1,1237,买盘
13:59:02,12.37,0.0,101,124937,买盘
13:59:05,12.37,0.0,11,13607,买盘
13:59:08,12.37,0.0,11,13606,买盘
13:59:11,12.37,0.0,1,1237,买盘
13:59:17,12.37,0.0,15,18555,买盘
13:59:29,12.37,0.0,5,6185,卖盘
13:59:32,12.37,0.0,6,7423,卖盘
13:59:35,12.38,0.01,4,4952,买盘
13:59:38,12.38,0.0,5,6186,买盘
13:59:50,12.38,0.0,38,47044,买盘
13:59:59,12.38,0.0,15,18570,买盘
14:00:05,12.37,-0.01,17,21029,卖盘
14:00:11,12.37,0.0,1,1237,买盘
14:00:14,12.37,0.0,79,97723,买盘
14:00:20,12.37,0.0,23,28451,买盘
14:00:35,12.37,0.0,10,12370,买盘
14:00:41,12.37,0.0,2,2474,买盘
14:00:50,12.37,0.0,43,53191,买盘
14:01:02,12.38,0.01,1,1238,买盘
14:01:05,12.37,-0.01,3,3711,卖盘
14:01:14,12.38,0.01,1,1238,买盘
14:01:20,12.38,0.0,6,7426,买盘
14:01:35,12.38,0.0,51,63138,买盘
14:01:38,12.38,0.0,3,3714,买盘
14:01:41,12.37,-0.01,43,53191,卖盘
14:01:44,12.38,0.01,36,44568,买盘
14:01:53,12.37,-0.01,40,49480,卖盘
14:01:59,12.38,0.01,4,4952,买盘
14:02:02,12.38,0.0,40,49520,买盘
14:02:05,12.38,0.0,16,19808,买盘
14:02:08,12.37,-0.01,234,289465,卖盘
14:02:11,12.37,0.0,11,13607,买盘
14:02:17,12.37,0.0,76,94012,买盘
14:02:20,12.37,0.0,10,12370,卖盘
14:02:26,12.37,0.0,90,111330,买盘
14:02:29,12.37,0.0,3,3711,卖盘
14:02:47,12.37,0.0,19,23503,卖盘
14:02:50,12.37,0.0,14,17318,卖盘
14:03:05,12.37,0.0,2,2474,卖盘
14:03:08,12.37,0.0,4,4948,卖盘
14:03:14,12.38,0.01,10,12380,买盘
14:03:20,12.38,0.0,2,2476,买盘
14:03:26,12.38,0.0,43,53209,买盘
14:03:38,12.38,0.0,11,13618,买盘
14:03:41,12.38,0.0,12,14856,买盘
14:03:50,12.38,0.0,2,2476,买盘
14:04:02,12.38,0.0,3,3714,买盘
14:04:08,12.39,0.01,608,752705,买盘
14:04:11,12.37,-0.02,10,12376,卖盘
14:04:14,12.39,0.02,50,61950,买盘
14:04:20,12.39,0.0,5,6195,买盘
14:04:23,12.39,0.0,26,32214,买盘
14:04:26,12.39,0.0,10,12390,买盘
14:04:32,12.39,0.0,4,4956,买盘
14:04:38,12.39,0.0,50,61950,买盘
14:04:41,12.39,0.0,96,118944,买盘
14:04:44,12.39,0.0,17,21053,买盘
14:04:47,12.39,0.0,36,44604,买盘
14:04:50,12.39,0.0,24,29736,买盘
14:04:59,12.39,0.0,12,14868,买盘
14:05:02,12.39,0.0,5,6195,买盘
14:05:05,12.39,0.0,2,2478,买盘
14:05:17,12.39,0.0,57,70623,买盘
14:05:20,12.39,0.0,85,105315,买盘
14:05:29,12.4,0.01,2,2480,买盘
14:05:32,12.39,-0.01,13,16110,卖盘
14:05:35,12.4,0.01,1,1240,买盘
14:05:38,12.4,0.0,23,28520,买盘
14:05:41,12.4,0.0,89,110353,买盘
14:05:56,12.4,0.0,36,44640,买盘
14:06:11,12.4,0.0,7,8679,买盘
14:06:23,12.4,0.0,7,8680,买盘
14:06:26,12.39,-0.01,24,29738,卖盘
14:06:29,12.4,0.01,73,90501,买盘
14:06:32,12.39,-0.01,5,6195,卖盘
14:06:35,12.4,0.01,10,12400,买盘
14:06:38,12.39,-0.01,154,190806,卖盘
14:06:41,12.39,0.0,40,49560,买盘
14:06:47,12.39,0.0,19,23541,买盘
14:06:50,12.39,0.0,61,75579,买盘
14:06:59,12.39,0.0,14,17335,买盘
14:07:02,12.39,0.0,1,1239,买盘
14:07:05,12.39,0.0,3,3717,买盘
14:07:11,12.39,0.0,73,90447,买盘
14:07:14,12.39,0.0,11,13629,买盘
14:07:26,12.39,0.0,31,38409,买盘
14:07:59,12.39,0.0,4,4956,买盘
14:08:02,12.38,-0.01,296,366672,卖盘
14:08:14,12.4,0.02,1,1240,买盘
14:08:17,12.39,-0.01,16,19824,卖盘
14:08:23,12.38,-0.01,11,13618,卖盘
14:08:29,12.39,0.01,1,1239,买盘
14:08:32,12.39,0.0,1,1239,买盘
14:08:41,12.39,0.0,143,177177,买盘
14:08:44,12.39,0.0,15,18585,买盘
14:08:47,12.39,0.0,72,89208,买盘
14:08:53,12.39,0.0,20,24780,买盘
14:08:56,12.39,0.0,424,525336,买盘
14:08:59,12.39,0.0,82,101598,买盘
14:09:11,12.39,0.0,45,55755,卖盘
14:09:17,12.39,0.0,33,40887,卖盘
14:09:20,12.4,0.01,28,34702,买盘
14:09:29,12.4,0.0,50,62000,买盘
14:09:32,12.4,0.0,20,24800,买盘
14:09:35,12.4,0.0,10,12400,买盘
14:09:41,12.4,0.0,5,6200,买盘
14:09:44,12.4,0.0,14,17360,买盘
14:09:50,12.4,0.0,46,57040,买盘
14:09:53,12.4,0.0,5,6200,买盘
14:10:05,12.4,0.0,100,124000,买盘
14:10:08,12.4,0.0,1,1240,买盘
14:10:11,12.4,0.0,100,124000,买盘
14:10:14,12.4,0.0,7,8680,买盘
14:10:17,12.4,0.0,3,3720,买盘
14:10:20,12.4,0.0,15,18600,买盘
14:10:23,12.4,0.0,41,50840,买盘
14:10:26,12.4,0.0,58,71920,买盘
14:10:29,12.4,0.0,26,32240,买盘
14:10:32,12.4,0.0,1,1240,买盘
14:10:41,12.4,0.0,20,24800,买盘
14:10:50,12.4,0.0,5,6200,买盘
14:11:02,12.4,0.0,9,11160,买盘
14:11:05,12.4,0.0,4,4960,买盘
14:11:08,12.4,0.0,104,128960,买盘
14:11:11,12.4,0.0,17,21080,买盘
14:11:14,12.4,0.0,100,124000,买盘
14:11:17,12.4,0.0,6,7440,买盘
14:11:20,12.39,-0.01,5,6195,卖盘
14:11:23,12.4,0.01,2,2480,买盘
14:11:26,12.4,0.0,150,186000,买盘
14:11:32,12.4,0.0,7,8680,买盘
14:11:35,12.4,0.0,143,177320,买盘
14:11:38,12.4,0.0,2,2480,买盘
14:11:44,12.4,0.0,44,54560,买盘
14:11:56,12.4,0.0,1,1240,买盘
14:12:05,12.39,-0.01,61,75585,卖盘
14:12:08,12.4,0.01,578,716720,买盘
14:12:14,12.4,0.0,7,8682,卖盘
14:12:23,12.41,0.01,100,124100,买盘
14:12:35,12.41,0.0,9,11169,买盘
14:12:38,12.41,0.0,2,2482,买盘
14:12:41,12.41,0.0,1,1241,买盘
14:12:44,12.41,0.0,1,1241,买盘
14:12:53,12.41,0.0,18,22338,买盘
14:12:59,12.4,-0.01,1,1240,卖盘
14:13:08,12.4,0.0,36,44640,卖盘
14:13:23,12.41,0.01,10,12410,买盘
14:13:29,12.4,-0.01,20,24800,卖盘
14:13:35,12.41,0.01,6,7444,买盘
14:13:44,12.4,-0.01,18,22320,卖盘
14:13:47,12.41,0.01,13,16125,买盘
14:13:50,12.4,-0.01,1,1240,卖盘
14:13:53,12.41,0.01,1,1241,买盘
14:14:05,12.41,0.0,123,152643,买盘
14:14:08,12.4,-0.01,3,3720,卖盘
14:14:23,12.4,0.0,19,23569,卖盘
14:14:26,12.41,0.01,16,19856,买盘
14:14:35,12.41,0.0,2,2482,买盘
14:14:38,12.41,0.0,11,13651,买盘
14:14:41,12.41,0.0,2,2482,买盘
14:14:47,12.41,0.0,9,11169,买盘
14:14:50,12.41,0.0,40,49640,买盘
14:14:53,12.41,0.0,53,65773,买盘
14:14:59,12.41,0.0,9,11169,买盘
14:15:14,12.41,0.0,5,6205,买盘
14:15:17,12.41,0.0,5,6205,买盘
14:15:23,12.4,-0.01,251,311240,卖盘
14:15:26,12.4,0.0,6,7440,买盘
14:15:29,12.4,0.0,2,2480,买盘
14:15:41,12.4,0.0,15,18600,买盘
14:15:44,12.4,0.0,1,1240,买盘
14:15:53,12.4,0.0,25,31000,买盘
14:15:59,12.4,0.0,15,18600,买盘
14:16:02,12.4,0.0,13,16108,买盘
14:16:05,12.4,0.0,75,93000,买盘
14:16:08,12.4,0.0,9,11160,买盘
14:16:17,12.4,0.0,50,62000,买盘
14:16:23,12.4,0.0,16,19840,买盘
14:16:44,12.39,-0.01,2,2478,卖盘
14:16:47,12.4,0.01,9,11160,买盘
14:16:50,12.4,0.0,32,39680,买盘
14:16:59,12.4,0.0,14,17360,买盘
14:17:02,12.4,0.0,3,3720,买盘
14:17:05,12.4,0.0,5,6200,买盘
14:17:08,12.39,-0.01,26,32214,卖盘
14:17:14,12.39,0.0,8,9912,卖盘
14:17:23,12.39,0.0,7,8673,卖盘
14:17:32,12.39,0.0,14,17346,卖盘
14:17:38,12.39,0.0,6,7434,卖盘
14:17:41,12.39,0.0,6,7434,卖盘
14:17:56,12.39,0.0,17,21063,卖盘
14:17:59,12.39,0.0,14,17346,卖盘
14:18:02,12.39,0.0,22,27258,卖盘
14:18:05,12.39,0.0,28,34692,卖盘
14:18:11,12.39,0.0,15,18585,卖盘
14:18:14,12.4,0.01,123,152497,买盘
14:18:26,12.4,0.0,3,3720,买盘
14:18:29,12.4,0.0,100,124000,买盘
14:18:35,12.4,0.0,3,3720,买盘
14:18:44,12.4,0.0,84,104160,买盘
14:18:50,12.4,0.0,107,132680,买盘
14:18:59,12.4,0.0,151,187240,卖盘
14:19:05,12.39,-0.01,30,37192,卖盘
14:19:14,12.39,0.0,40,49560,卖盘
14:19:17,12.39,0.0,10,12390,卖盘
14:19:38,12.39,0.0,13,16110,卖盘
14:20:02,12.4,0.01,1,1240,买盘
14:20:11,12.4,0.0,1,1240,买盘
14:20:23,12.39,-0.01,100,123900,卖盘
14:20:26,12.4,0.01,5,6199,买盘
14:20:32,12.4,0.0,72,89280,买盘
14:20:35,12.39,-0.01,14,17346,卖盘
14:20:41,12.4,0.01,3,3720,买盘
14:20:59,12.39,-0.01,12,14868,卖盘
14:21:11,12.4,0.01,2,2480,买盘
14:21:17,12.39,-0.01,15,18585,卖盘
14:21:23,12.4,0.01,1,1240,买盘
14:21:29,12.4,0.0,1,1240,买盘
14:21:32,12.39,-0.01,5,6195,卖盘
14:21:44,12.39,0.0,271,335769,卖盘
14:21:50,12.39,0.0,2,2478,卖盘
14:21:53,12.39,0.0,15,18585,卖盘
14:22:02,12.39,0.0,365,452235,卖盘
14:22:08,12.39,0.0,2,2478,买盘
14:22:11,12.39,0.0,1,1239,买盘
14:22:17,12.39,0.0,1,1239,买盘
14:22:23,12.39,0.0,15,18585,买盘
14:22:44,12.39,0.0,20,24780,买盘
14:22:53,12.39,0.0,17,21063,买盘
14:22:59,12.38,-0.01,42,51996,卖盘
14:23:11,12.38,0.0,26,32188,卖盘
14:23:17,12.38,0.0,2,2476,卖盘
14:23:20,12.38,0.0,14,17332,卖盘
14:23:26,12.38,0.0,33,40854,卖盘
14:23:44,12.38,0.0,60,74280,卖盘
14:24:05,12.39,0.01,16,19824,买盘
14:24:14,12.39,0.0,8,9912,买盘
14:24:17,12.38,-0.01,1,1238,卖盘
14:24:29,12.39,0.01,9,11151,买盘
14:24:38,12.38,-0.01,50,61900,卖盘
14:24:53,12.38,0.0,1,1238,卖盘
14:25:14,12.38,0.0,12,14856,卖盘
14:25:23,12.38,0.0,1,1238,卖盘
14:25:44,12.39,0.01,60,74340,买盘
14:25:53,12.38,-0.01,36,44568,卖盘
14:25:59,12.38,0.0,1,1238,卖盘
14:26:05,12.39,0.01,3,3717,买盘
14:26:08,12.39,0.0,20,24780,买盘
14:26:11,12.39,0.0,1,1239,买盘
14:26:20,12.39,0.0,18,22302,买盘
14:26:32,12.39,0.0,2,2478,买盘
14:26:35,12.39,0.0,30,37170,买盘
14:26:44,12.39,0.0,2,2478,买盘
14:26:53,12.39,0.0,122,151158,买盘
14:26:59,12.39,0.0,1,1239,买盘
14:27:02,12.39,0.0,24,29736,买盘
14:27:08,12.39,0.0,15,18585,买盘
14:27:14,12.39,0.0,7,8671,买盘
14:27:20,12.39,0.0,2,2478,买盘
14:27:23,12.39,0.0,3,3717,买盘
14:27:26,12.39,0.0,5,6195,买盘
14:27:29,12.39,0.0,12,14868,买盘
14:27:38,12.38,-0.01,243,300834,卖盘
14:27:41,12.38,0.0,115,142380,卖盘
14:27:44,12.38,0.0,1,1238,买盘
14:28:02,12.38,0.0,22,27226,买盘
14:28:11,12.38,0.0,5,6190,买盘
14:28:17,12.37,-0.01,11,13607,卖盘
14:28:35,12.37,0.0,14,17318,卖盘
14:28:47,12.38,0.01,5,6186,买盘
14:28:50,12.37,-0.01,5,6185,卖盘
14:28:53,12.38,0.01,29,35902,买盘
14:28:56,12.38,0.0,5,6190,买盘
14:29:17,12.38,0.0,20,24760,买盘
14:29:26,12.37,-0.01,2,2474,卖盘
14:29:35,12.37,0.0,1,1237,卖盘
14:29:41,12.37,0.0,16,19792,卖盘
14:29:47,12.37,0.0,8,9896,卖盘
14:29:50,12.38,0.01,20,24760,买盘
14:29:59,12.38,0.0,1,1238,买盘
14:30:02,12.38,0.0,2,2476,买盘
14:30:38,12.37,-0.01,30,37110,卖盘
14:30:41,12.37,0.0,15,18555,卖盘
14:30:44,12.38,0.01,23,28461,买盘
14:30:47,12.37,-0.01,19,23503,卖盘
14:30:50,12.37,0.0,86,106382,卖盘
14:30:53,12.37,0.0,25,30925,卖盘
14:30:56,12.37,0.0,7,8659,卖盘
14:30:59,12.37,0.0,14,17318,卖盘
14:31:08,12.38,0.01,8,9898,买盘
14:31:11,12.38,0.0,21,25997,买盘
14:31:17,12.37,-0.01,7,8659,卖盘
14:31:20,12.37,0.0,12,14844,卖盘
14:31:23,12.38,0.01,177,219116,买盘
14:31:26,12.38,0.0,20,24760,买盘
14:31:32,12.37,-0.01,2,2474,卖盘
14:31:47,12.38,0.01,1,1238,买盘
14:32:08,12.38,0.0,20,24760,买盘
14:32:17,12.38,0.0,1,1238,买盘
14:32:23,12.37,-0.01,8,9896,卖盘
14:32:29,12.39,0.02,122,151038,买盘
14:32:35,12.38,-0.01,2,2476,买盘
14:32:41,12.38,0.0,1,1238,中性盘
14:32:44,12.39,0.01,100,123891,买盘
14:32:50,12.37,-0.02,48,59386,卖盘
14:32:59,12.37,0.0,1,1237,卖盘
14:33:02,12.38,0.01,1,1238,买盘
14:33:20,12.37,-0.01,4,4948,卖盘
14:33:23,12.38,0.01,7,8666,买盘
14:33:26,12.38,0.0,5,6190,买盘
14:33:29,12.38,0.0,7,8666,买盘
14:33:32,12.38,0.0,5,6190,买盘
14:33:38,12.38,0.0,335,414420,买盘
14:33:50,12.38,0.0,100,123800,卖盘
14:33:53,12.38,0.0,10,12380,卖盘
14:33:56,12.38,0.0,100,123800,卖盘
14:33:59,12.38,0.0,11,13618,卖盘
14:34:02,12.38,0.0,1,1238,卖盘
14:34:08,12.38,0.0,89,110182,卖盘
14:34:17,12.38,0.0,30,37140,卖盘
14:34:20,12.38,0.0,48,59455,卖盘
14:34:32,12.38,0.0,5,6190,卖盘
14:34:38,12.38,0.0,5,6190,卖盘
14:34:47,12.39,0.01,53,65667,买盘
14:34:53,12.38,-0.01,30,37140,卖盘
14:34:56,12.38,0.0,1,1238,卖盘
14:35:05,12.39,0.01,3,3717,买盘
14:35:17,12.39,0.0,20,24780,买盘
14:35:35,12.39,0.0,2,2478,买盘
14:35:38,12.39,0.0,6,7434,买盘
14:35:41,12.38,-0.01,305,377595,卖盘
14:35:44,12.39,0.01,13,16107,买盘
14:35:50,12.39,0.0,7,8673,买盘
14:35:53,12.39,0.0,1,1239,买盘
14:36:05,12.39,0.0,130,161070,买盘
14:36:08,12.38,-0.01,30,37140,卖盘
14:36:11,12.39,0.01,3,3717,买盘
14:36:14,12.38,-0.01,217,268646,卖盘
14:36:17,12.37,-0.01,28,34656,卖盘
14:36:20,12.38,0.01,11,13618,买盘
14:36:38,12.38,0.0,60,74280,买盘
14:36:47,12.37,-0.01,101,124937,卖盘
14:36:50,12.38,0.01,5,6190,买盘
14:36:53,12.38,0.0,2,2476,买盘
14:37:05,12.39,0.01,5,6192,买盘
14:37:26,12.39,0.0,3,3717,买盘
14:37:29,12.38,-0.01,50,61900,卖盘
14:37:32,12.38,0.0,12,14856,卖盘
14:37:35,12.38,0.0,3,3714,买盘
14:37:38,12.38,0.0,2,2476,中性盘
14:37:41,12.39,0.01,82,101595,买盘
14:37:44,12.39,0.0,2,2478,买盘
14:37:50,12.38,-0.01,33,40854,卖盘
14:37:56,12.38,0.0,12,14856,卖盘
14:37:59,12.38,0.0,3,3714,卖盘
14:38:02,12.38,0.0,5,6190,买盘
14:38:05,12.38,0.0,5,6190,买盘
14:38:17,12.38,0.0,7,8666,买盘
14:38:23,12.38,0.0,22,27236,买盘
14:38:29,12.39,0.01,12,14868,买盘
14:38:41,12.39,0.0,6,7434,买盘
14:38:50,12.39,0.0,10,12390,买盘
14:39:02,12.39,0.0,10,12390,买盘
14:39:05,12.39,0.0,22,27258,买盘
14:39:08,12.39,0.0,55,68145,买盘
14:39:17,12.38,-0.01,86,106468,卖盘
14:39:23,12.38,0.0,42,51996,买盘
14:39:26,12.38,0.0,8,9904,买盘
14:39:32,12.38,0.0,6,7428,卖盘
14:39:38,12.38,0.0,20,24760,卖盘
14:39:41,12.39,0.01,1,1239,买盘
14:39:50,12.38,-0.01,2,2476,卖盘
14:39:53,12.38,0.0,35,43360,卖盘
14:40:02,12.39,0.01,5,6195,买盘
14:40:05,12.39,0.0,81,100358,买盘
14:40:11,12.39,0.0,5,6195,买盘
14:40:17,12.39,0.0,143,177177,买盘
14:40:20,12.39,0.0,1,1239,买盘
14:40:29,12.39,0.0,13,16104,买盘
14:40:35,12.39,0.0,2,2478,买盘
14:40:38,12.39,0.0,15,18585,买盘
14:40:41,12.39,0.0,2,2478,买盘
14:40:44,12.38,-0.01,10,12380,卖盘
14:40:47,12.39,0.01,4,4956,买盘
14:40:53,12.38,-0.01,50,61900,卖盘
14:40:59,12.38,0.0,2,2476,卖盘
14:41:02,12.39,0.01,3,3716,买盘
14:41:08,12.38,-0.01,3,3714,卖盘
14:41:17,12.39,0.01,28,34692,买盘
14:41:23,12.39,0.0,12,14868,买盘
14:41:26,12.39,0.0,200,247800,买盘
14:41:29,12.39,0.0,10,12390,买盘
14:41:35,12.39,0.0,8,9912,买盘
14:41:38,12.38,-0.01,20,24760,卖盘
14:41:47,12.39,0.01,270,334530,买盘
14:41:50,12.39,0.0,8,9912,卖盘
14:41:53,12.4,0.01,48,59520,买盘
14:41:56,12.4,0.0,9,11160,买盘
14:41:59,12.4,0.0,52,64480,买盘
14:42:02,12.4,0.0,51,63240,买盘
14:42:05,12.39,-0.01,10,12390,卖盘
14:42:11,12.39,0.0,2,2479,卖盘
14:42:14,12.4,0.01,15,18600,买盘
14:42:17,12.4,0.0,19,23560,买盘
14:42:20,12.4,0.0,26,32240,买盘
14:42:23,12.4,0.0,28,34720,买盘
14:42:26,12.4,0.0,23,28520,买盘
14:42:29,12.4,0.0,1,1240,买盘
14:42:32,12.4,0.0,13,16120,买盘
14:42:35,12.4,0.0,102,126480,买盘
14:42:38,12.4,0.0,32,39667,买盘
14:42:44,12.4,0.0,5,6200,买盘
14:42:53,12.4,0.0,9,11160,买盘
14:42:56,12.39,-0.01,64,79323,卖盘
14:43:02,12.39,0.0,101,125239,卖盘
14:43:05,12.4,0.01,1,1240,买盘
14:43:08,12.4,0.0,1,1240,买盘
14:43:14,12.4,0.0,174,215736,买盘
14:43:17,12.4,0.0,20,24800,买盘
14:43:20,12.39,-0.01,5,6195,卖盘
14:43:26,12.39,0.0,223,276298,卖盘
14:43:29,12.39,0.0,30,37170,卖盘
14:43:32,12.4,0.01,27,33477,买盘
14:43:35,12.4,0.0,8,9920,买盘
14:43:38,12.4,0.0,58,71920,买盘
14:43:47,12.4,0.0,1,1240,买盘
14:43:50,12.4,0.0,31,38440,买盘
14:43:53,12.4,0.0,4,4960,买盘
14:43:56,12.4,0.0,11,13640,买盘
14:44:02,12.4,0.0,2,2480,买盘
14:44:05,12.4,0.0,209,258961,买盘
14:44:11,12.39,-0.01,44,54557,卖盘
14:44:17,12.39,0.0,139,172221,卖盘
14:44:20,12.4,0.01,19,23560,买盘
14:44:23,12.4,0.0,139,172301,买盘
14:44:26,12.39,-0.01,4,4956,卖盘
14:44:29,12.4,0.01,1,1240,买盘
14:44:35,12.4,0.0,49,60758,买盘
14:44:38,12.4,0.0,15,18600,买盘
14:44:50,12.4,0.0,20,24790,买盘
14:44:53,12.4,0.0,267,331080,买盘
14:44:56,12.4,0.0,121,149925,买盘
14:44:59,12.39,-0.01,67,83062,卖盘
14:45:02,12.39,0.0,16,19830,卖盘
14:45:05,12.4,0.01,10,12400,买盘
14:45:08,12.39,-0.01,7,8673,卖盘
14:45:14,12.4,0.01,5,6200,买盘
14:45:17,12.4,0.0,281,348440,买盘
14:45:20,12.4,0.0,118,146316,买盘
14:45:23,12.4,0.0,67,83080,买盘
14:45:26,12.4,0.0,26,32240,买盘
14:45:29,12.4,0.0,13,16120,买盘
14:45:32,12.4,0.0,35,43400,买盘
14:45:35,12.4,0.0,31,38440,买盘
14:45:38,12.4,0.0,1,1240,买盘
14:45:41,12.4,0.0,1,1240,买盘
14:45:44,12.4,0.0,119,147560,买盘
14:45:47,12.4,0.0,1,1240,卖盘
14:45:50,12.4,0.0,16,19842,卖盘
14:45:53,12.41,0.01,72,89326,买盘
14:46:05,12.41,0.0,6,7446,买盘
14:46:08,12.41,0.0,165,204715,买盘
14:46:11,12.41,0.0,1,1241,卖盘
14:46:17,12.42,0.01,10,12420,买盘
14:46:20,12.41,-0.01,5,6208,卖盘
14:46:23,12.42,0.01,15,18630,买盘
14:46:26,12.42,0.0,19,23596,买盘
14:46:29,12.42,0.0,5,6208,买盘
14:46:32,12.41,-0.01,13,16141,卖盘
14:46:35,12.42,0.01,10,12420,买盘
14:46:41,12.42,0.0,1,1242,买盘
14:46:44,12.42,0.0,34,42228,买盘
14:46:47,12.42,0.0,309,383778,买盘
14:46:50,12.42,0.0,4,4968,买盘
14:47:02,12.43,0.01,2,2486,买盘
14:47:05,12.43,0.0,10,12430,买盘
14:47:11,12.43,0.0,190,236170,买盘
14:47:14,12.43,0.0,40,49720,买盘
14:47:17,12.43,0.0,4,4972,卖盘
14:47:20,12.44,0.01,25,31080,买盘
14:47:23,12.44,0.0,51,63444,买盘
14:47:26,12.44,0.0,9,11196,买盘
14:47:29,12.44,0.0,25,31100,买盘
14:47:32,12.44,0.0,11,13684,买盘
14:47:35,12.44,0.0,21,26124,买盘
14:47:38,12.45,0.01,338,420211,买盘
14:47:41,12.44,-0.01,50,62240,卖盘
14:47:44,12.44,0.0,1,1244,卖盘
14:47:47,12.45,0.01,89,110805,买盘
14:47:50,12.45,0.0,3,3734,买盘
14:47:53,12.45,0.0,105,130725,买盘
14:47:56,12.45,0.0,22,27390,卖盘
14:47:59,12.46,0.01,78,97161,买盘
14:48:02,12.46,0.0,206,256458,买盘
14:48:05,12.46,0.0,8,9968,买盘
14:48:08,12.46,0.0,8,9965,买盘
14:48:11,12.46,0.0,64,79744,买盘
14:48:14,12.46,0.0,9,11214,买盘
14:48:17,12.46,0.0,11,13706,买盘
14:48:20,12.46,0.0,124,154514,买盘
14:48:23,12.46,0.0,40,49840,卖盘
14:48:26,12.47,0.01,19,23693,买盘
14:48:29,12.47,0.0,24,29923,买盘
14:48:32,12.47,0.0,23,28679,买盘
14:48:35,12.47,0.0,116,144652,买盘
14:48:38,12.46,-0.01,132,164516,卖盘
14:48:41,12.47,0.01,258,321726,买盘
14:48:44,12.46,-0.01,390,486013,卖盘
14:48:47,12.47,0.01,100,124700,卖盘
14:48:50,12.48,0.01,40,49910,买盘
14:48:53,12.47,-0.01,43,53621,卖盘
14:48:56,12.48,0.01,150,187070,买盘
14:48:59,12.47,-0.01,42,52486,卖盘
14:49:02,12.48,0.01,34,42422,买盘
14:49:05,12.48,0.0,10,12480,买盘
14:49:08,12.48,0.0,2,2496,买盘
14:49:11,12.48,0.0,121,150886,买盘
14:49:14,12.48,0.0,43,53776,买盘
14:49:17,12.48,0.0,6,7488,卖盘
14:49:20,12.48,0.0,20,24960,卖盘
14:49:23,12.48,0.0,27,33713,卖盘
14:49:26,12.48,0.0,5,6240,卖盘
14:49:29,12.49,0.01,71,88679,买盘
14:49:32,12.49,0.0,145,181105,买盘
14:49:35,12.48,-0.01,169,210991,卖盘
14:49:38,12.49,0.01,10,12490,中性盘
14:49:41,12.5,0.01,106,132500,买盘
14:49:44,12.5,0.0,6,7500,买盘
14:49:47,12.49,-0.01,59,73744,卖盘
14:49:50,12.5,0.01,19,23735,买盘
14:49:53,12.5,0.0,22,27500,买盘
14:49:56,12.5,0.0,66,82489,买盘
14:49:59,12.5,0.0,17,21250,买盘
14:50:02,12.49,-0.01,101,126186,卖盘
14:50:05,12.5,0.01,5,6250,买盘
14:50:08,12.5,0.0,302,377500,买盘
14:50:11,12.5,0.0,24,29999,买盘
14:50:14,12.5,0.0,80,100000,买盘
14:50:17,12.5,0.0,1,1250,买盘
14:50:23,12.5,0.0,228,284885,买盘
14:50:26,12.49,-0.01,79,98679,卖盘
14:50:32,12.49,0.0,26,32453,买盘
14:50:35,12.48,-0.01,112,139778,卖盘
14:50:38,12.48,0.0,13,16224,买盘
14:50:41,12.48,0.0,66,82331,买盘
14:50:44,12.48,0.0,57,71086,买盘
14:50:47,12.48,0.0,51,63628,买盘
14:50:50,12.46,-0.02,50,62300,卖盘
14:50:53,12.46,0.0,67,83482,中性盘
14:50:56,12.46,0.0,1,1246,买盘
14:50:59,12.46,0.0,80,99654,买盘
14:51:02,12.45,-0.01,29,36105,卖盘
14:51:05,12.45,0.0,12,14940,买盘
14:51:08,12.44,-0.01,7,8708,卖盘
14:51:11,12.45,0.01,6,7470,买盘
14:51:14,12.44,-0.01,21,26124,卖盘
14:51:17,12.44,0.0,65,80910,卖盘
14:51:20,12.44,0.0,46,57234,卖盘
14:51:23,12.44,0.0,1,1244,卖盘
14:51:26,12.44,0.0,3,3732,卖盘
14:51:29,12.44,0.0,12,14924,买盘
14:51:32,12.44,0.0,8,9945,买盘
14:51:35,12.43,-0.01,25,31075,卖盘
14:51:38,12.43,0.0,20,24860,买盘
14:51:41,12.42,-0.01,50,62100,卖盘
14:51:44,12.42,0.0,150,186325,卖盘
14:51:47,12.42,0.0,56,69552,卖盘
14:51:50,12.42,0.0,10,12420,卖盘
14:51:53,12.43,0.01,27,33535,买盘
14:51:56,12.42,-0.01,66,81972,卖盘
14:51:59,12.42,0.0,67,83214,卖盘
14:52:02,12.42,0.0,154,191170,买盘
14:52:08,12.41,-0.01,264,327633,卖盘
14:52:11,12.42,0.01,30,37260,买盘
14:52:14,12.41,-0.01,13,16133,卖盘
14:52:20,12.41,0.0,31,38473,卖盘
14:52:23,12.42,0.01,87,108014,买盘
14:52:26,12.41,-0.01,6,7448,卖盘
14:52:29,12.41,0.0,97,120378,卖盘
14:52:32,12.41,0.0,4,4964,卖盘
14:52:35,12.41,0.0,406,504180,卖盘
14:52:38,12.42,0.01,100,124120,买盘
14:52:41,12.41,-0.01,17,21098,卖盘
14:52:44,12.41,0.0,75,93085,卖盘
14:52:47,12.41,0.0,46,57106,卖盘
14:52:50,12.41,0.0,22,27308,买盘
14:52:53,12.41,0.0,7,8687,买盘
14:52:56,12.4,-0.01,7,8680,卖盘
14:52:59,12.42,0.02,5,6207,买盘
14:53:02,12.41,-0.01,129,160089,卖盘
14:53:05,12.41,0.0,1,1241,卖盘
14:53:08,12.41,0.0,51,63293,卖盘
14:53:11,12.41,0.0,14,17374,买盘
14:53:14,12.41,0.0,46,57066,买盘
14:53:17,12.41,0.0,20,24820,卖盘
14:53:20,12.41,0.0,64,79424,卖盘
14:53:23,12.41,0.0,39,48399,买盘
14:53:26,12.41,0.0,56,69496,买盘
14:53:29,12.41,0.0,170,210966,买盘
14:53:32,12.41,0.0,53,65768,买盘
14:53:38,12.41,0.0,16,19856,买盘
14:53:41,12.4,-0.01,26,32240,卖盘
14:53:44,12.41,0.01,11,13651,买盘
14:53:47,12.41,0.0,20,24820,买盘
14:53:50,12.4,-0.01,16,19851,卖盘
14:53:53,12.41,0.01,6,7443,买盘
14:53:56,12.4,-0.01,40,49600,卖盘
14:53:59,12.41,0.01,41,50881,买盘
14:54:02,12.41,0.0,81,100445,买盘
14:54:05,12.41,0.0,10,12410,卖盘
14:54:08,12.41,0.0,15,18615,卖盘
14:54:11,12.41,0.0,26,32261,卖盘
14:54:17,12.4,-0.01,82,101759,卖盘
14:54:20,12.4,0.0,282,349681,卖盘
14:54:23,12.41,0.01,19,23596,卖盘
14:54:26,12.41,0.0,78,96841,卖盘
14:54:29,12.41,0.0,36,44676,卖盘
14:54:32,12.41,0.0,28,34754,卖盘
14:54:35,12.41,0.0,285,353685,卖盘
14:54:38,12.41,0.0,40,49640,买盘
14:54:41,12.41,0.0,56,69496,买盘
14:54:44,12.41,0.0,901,1118140,买盘
14:54:47,12.41,0.0,79,98039,卖盘
14:54:50,12.41,0.0,140,173750,卖盘
14:54:53,12.42,0.01,15,18616,买盘
14:54:56,12.41,-0.01,19,23579,买盘
14:54:59,12.41,0.0,213,264383,买盘
14:55:02,12.41,0.0,5,6208,卖盘
14:55:05,12.41,0.0,27,33509,卖盘
14:55:08,12.42,0.01,6,7448,买盘
14:55:11,12.41,-0.01,73,90618,卖盘
14:55:14,12.41,0.0,21,26062,卖盘
14:55:17,12.42,0.01,7,8688,买盘
14:55:20,12.41,-0.01,11,13652,卖盘
14:55:23,12.42,0.01,10,12420,买盘
14:55:26,12.42,0.0,26,32292,买盘
14:55:29,12.41,-0.01,1,1241,卖盘
14:55:32,12.42,0.01,35,43463,买盘
14:55:35,12.42,0.0,22,27324,买盘
14:55:38,12.41,-0.01,5,6205,卖盘
14:55:41,12.42,0.01,82,101800,买盘
14:55:44,12.42,0.0,58,72036,买盘
14:55:50,12.42,0.0,57,70738,买盘
14:55:53,12.42,0.0,178,221076,买盘
14:55:56,12.42,0.0,23,28558,买盘
14:55:59,12.42,0.0,80,99333,买盘
14:56:02,12.42,0.0,2,2484,买盘
14:56:05,12.42,0.0,11,13660,买盘
14:56:08,12.42,0.0,49,60819,买盘
14:56:11,12.41,-0.01,19,23590,卖盘
14:56:14,12.42,0.01,56,69513,买盘
14:56:17,12.42,0.0,16,19870,买盘
14:56:20,12.42,0.0,96,119214,买盘
14:56:23,12.41,-0.01,50,62050,卖盘
14:56:26,12.41,0.0,17,21104,卖盘
14:56:29,12.42,0.01,197,244563,买盘
14:56:32,12.41,-0.01,24,29791,中性盘
14:56:35,12.42,0.01,40,49641,买盘
14:56:38,12.41,-0.01,44,54610,卖盘
14:56:41,12.41,0.0,18,22339,卖盘
14:56:44,12.42,0.01,8,9936,买盘
14:56:47,12.42,0.0,24,29805,买盘
14:56:50,12.41,-0.01,62,76942,卖盘
14:56:53,12.41,0.0,37,45917,卖盘
14:56:56,12.41,0.0,11,13661,卖盘
14:56:59,12.41,0.0,38,47177,卖盘
15:00:03,12.41,0.0,2019,2505579,卖盘
