成交时间,成交价格,价格变动,成交量,成交金额,性质
09:25:01,4.3,0.01,8247,3546210,买盘
09:30:01,4.31,0.01,1973,848382,买盘
09:30:04,4.31,0.0,3050,1314965,买盘
09:30:07,4.34,0.03,4618,1995994,买盘
09:30:10,4.35,0.01,3671,1597717,买盘
09:30:13,4.36,0.01,779,339791,中性盘
09:30:16,4.38,0.02,1999,874169,买盘
09:30:19,4.4,0.02,3126,1373179,买盘
09:30:22,4.41,0.01,1326,584444,买盘
09:30:25,4.4,-0.01,796,350484,卖盘
09:30:28,4.47,0.07,3838,1711363,买盘
09:30:31,4.48,0.01,1555,695700,买盘
09:30:34,4.48,0.0,3233,1448420,买盘
09:30:37,4.5,0.02,2897,1299211,买盘
09:30:40,4.5,0.0,3747,1681192,买盘
09:30:43,4.5,0.0,2225,1001789,卖盘
09:30:46,4.52,0.02,1876,845117,买盘
09:30:49,4.51,-0.01,3071,1386037,卖盘
09:30:52,4.47,-0.04,3085,1385073,卖盘
09:30:55,4.47,0.0,1331,595995,买盘
09:30:58,4.5,0.03,1497,670725,买盘
09:31:01,4.49,-0.01,1165,523638,中性盘
09:31:04,4.47,-0.02,3086,1386693,卖盘
09:31:07,4.47,0.0,1967,882123,卖盘
09:31:10,4.49,0.02,2668,1193313,买盘
09:31:13,4.47,-0.02,955,427215,卖盘
09:31:16,4.47,0.0,2961,1324761,买盘
09:31:19,4.48,0.01,3587,1604171,买盘
09:31:22,4.5,0.02,8201,3684315,买盘
09:31:25,4.5,0.0,5581,2506905,卖盘
09:31:28,4.49,-0.01,1277,575278,卖盘
09:31:31,4.5,0.01,1239,557217,买盘
09:31:34,4.5,0.0,2088,939374,买盘
09:31:37,4.51,0.01,2103,948232,买盘
09:31:40,4.5,-0.01,1661,749511,卖盘
09:31:43,4.52,0.02,4151,1875292,买盘
09:31:46,4.52,0.0,3297,1488838,买盘
09:31:49,4.52,0.0,1936,876412,卖盘
09:31:52,4.53,0.01,1891,855586,买盘
09:31:55,4.55,0.02,2920,1325529,买盘
09:31:58,4.55,0.0,1038,472063,买盘
09:32:01,4.55,0.0,4088,1864442,买盘
09:32:04,4.57,0.02,945,431098,买盘
09:32:07,4.55,-0.02,3445,1569203,卖盘
09:32:10,4.56,0.01,2262,1031645,买盘
09:32:13,4.55,-0.01,4131,1883763,中性盘
09:32:16,4.55,0.0,2185,995632,卖盘
09:32:19,4.56,0.01,2347,1068890,买盘
09:32:22,4.55,-0.01,835,380183,卖盘
09:32:25,4.55,0.0,715,325610,卖盘
09:32:28,4.55,0.0,407,185238,买盘
09:32:31,4.55,0.0,2079,944913,买盘
09:32:34,4.55,0.0,1784,811444,买盘
09:32:37,4.54,-0.01,1734,788297,卖盘
09:32:40,4.54,0.0,1198,543934,卖盘
09:32:43,4.54,0.0,738,334814,买盘
09:32:46,4.53,-0.01,1871,848528,卖盘
09:32:49,4.53,0.0,2762,1251201,卖盘
09:32:52,4.53,0.0,500,226290,买盘
09:32:55,4.53,0.0,203,91806,买盘
09:32:58,4.51,-0.02,2159,974915,卖盘
09:33:01,4.49,-0.02,691,311016,卖盘
09:33:04,4.5,0.01,262,117755,买盘
09:33:07,4.5,0.0,858,385462,买盘
09:33:10,4.5,0.0,504,226403,买盘
09:33:13,4.54,0.04,8666,3920589,买盘
09:33:16,4.54,0.0,1926,872178,买盘
09:33:19,4.54,0.0,614,278092,买盘
09:33:22,4.52,-0.02,296,134011,卖盘
09:33:25,4.56,0.04,10093,4591091,买盘
09:33:28,4.58,0.02,7390,3377827,买盘
09:33:31,4.58,0.0,2943,1345907,买盘
09:33:34,4.57,-0.01,4596,2104313,买盘
09:33:37,4.58,0.01,1863,853117,买盘
09:33:40,4.59,0.01,1833,841525,买盘
09:33:43,4.59,0.0,6356,2920831,买盘
09:33:46,4.6,0.01,5970,2745148,买盘
09:33:49,4.61,0.01,35204,16221578,买盘
09:33:52,4.61,0.0,1436,661996,卖盘
09:33:55,4.61,0.0,1086,500646,卖盘
09:33:58,4.61,0.0,1580,728380,卖盘
09:34:01,4.61,0.0,1417,653237,卖盘
09:34:04,4.61,0.0,3158,1455838,卖盘
09:34:07,4.61,0.0,5477,2524897,卖盘
09:34:10,4.61,0.0,4618,2128898,卖盘
09:34:13,4.61,0.0,4558,2101238,卖盘
09:34:16,4.61,0.0,3282,1513002,卖盘
09:34:19,4.61,0.0,3661,1687721,卖盘
09:34:22,4.61,0.0,1937,892957,卖盘
09:34:25,4.61,0.0,3311,1526371,卖盘
09:34:28,4.61,0.0,10591,4881844,卖盘
09:34:31,4.61,0.0,1191,548013,买盘
09:34:34,4.6,-0.01,1072,493304,卖盘
09:34:37,4.6,0.0,1158,533251,卖盘
09:34:40,4.6,0.0,1414,651009,卖盘
09:34:43,4.6,0.0,2396,1103565,卖盘
09:34:46,4.59,-0.01,881,405191,卖盘
09:34:49,4.59,0.0,999,458417,买盘
09:34:52,4.59,0.0,1605,737146,买盘
09:34:55,4.6,0.01,1509,692701,买盘
09:34:58,4.6,0.0,1551,712438,买盘
09:35:01,4.61,0.01,4006,1846227,买盘
09:35:04,4.61,0.0,10078,4645685,买盘
09:35:07,4.61,0.0,2153,992533,卖盘
09:35:10,4.61,0.0,1145,527845,卖盘
09:35:13,4.61,0.0,2170,1000370,卖盘
09:35:16,4.61,0.0,489,225429,卖盘
09:35:19,4.61,0.0,2275,1048775,卖盘
09:35:22,4.61,0.0,523,241103,卖盘
09:35:25,4.61,0.0,1750,806750,卖盘
09:35:28,4.61,0.0,1229,566569,卖盘
09:35:31,4.61,0.0,461,212521,卖盘
09:35:34,4.61,0.0,1291,595151,卖盘
09:35:37,4.61,0.0,1525,703025,卖盘
09:35:40,4.61,0.0,249,114789,卖盘
09:35:43,4.61,0.0,218,100498,卖盘
09:35:46,4.61,0.0,161,74221,卖盘
09:35:49,4.61,0.0,156,71916,卖盘
09:35:52,4.61,0.0,229,105569,卖盘
09:35:55,4.61,0.0,452,208372,卖盘
09:35:58,4.61,0.0,262,120782,卖盘
09:36:01,4.61,0.0,196,90356,卖盘
09:36:04,4.61,0.0,140,64540,卖盘
09:36:07,4.61,0.0,507,233727,卖盘
09:36:10,4.61,0.0,316,145676,卖盘
09:36:13,4.61,0.0,533,245713,卖盘
09:36:16,4.61,0.0,944,435184,卖盘
09:36:19,4.61,0.0,132,60852,卖盘
09:36:22,4.61,0.0,2553,1176933,卖盘
09:36:25,4.61,0.0,112,51632,卖盘
09:36:28,4.61,0.0,303,139683,卖盘
09:36:31,4.61,0.0,79,36419,卖盘
09:36:34,4.61,0.0,2,922,卖盘
09:36:37,4.61,0.0,197,90817,卖盘
09:36:40,4.61,0.0,162,74682,卖盘
09:36:43,4.61,0.0,84,38724,卖盘
09:36:46,4.61,0.0,127,58547,卖盘
09:36:49,4.61,0.0,175,80675,卖盘
09:36:52,4.61,0.0,264,121704,卖盘
09:36:55,4.61,0.0,194,89434,卖盘
09:36:58,4.61,0.0,114,52554,卖盘
09:37:01,4.61,0.0,141,65001,卖盘
09:37:04,4.61,0.0,136,62696,卖盘
09:37:07,4.61,0.0,62,28582,卖盘
09:37:10,4.61,0.0,664,306104,卖盘
09:37:13,4.61,0.0,232,106952,卖盘
09:37:16,4.61,0.0,59,27199,卖盘
09:37:19,4.61,0.0,75,34575,卖盘
09:37:22,4.61,0.0,25,11525,卖盘
09:37:25,4.61,0.0,13,5993,卖盘
09:37:28,4.61,0.0,45,20745,卖盘
09:37:31,4.61,0.0,111,51171,卖盘
09:37:34,4.61,0.0,136,62696,卖盘
09:37:37,4.61,0.0,20,9220,卖盘
09:37:40,4.61,0.0,66,30426,卖盘
09:37:43,4.61,0.0,63,29043,卖盘
09:37:46,4.61,0.0,84,38724,卖盘
09:37:49,4.61,0.0,525,242025,卖盘
09:37:52,4.61,0.0,42,19362,卖盘
09:37:55,4.61,0.0,421,194081,卖盘
09:37:58,4.61,0.0,680,313480,卖盘
09:38:01,4.61,0.0,134,61774,卖盘
09:38:04,4.61,0.0,40,18440,卖盘
09:38:07,4.61,0.0,295,135995,卖盘
09:38:10,4.61,0.0,123,56703,卖盘
09:38:13,4.61,0.0,81,37341,卖盘
09:38:16,4.61,0.0,304,140144,卖盘
09:38:19,4.61,0.0,45,20745,卖盘
09:38:22,4.61,0.0,83,38263,卖盘
09:38:25,4.61,0.0,162,74682,卖盘
09:38:28,4.61,0.0,13,5993,卖盘
09:38:31,4.61,0.0,3,1383,卖盘
09:38:34,4.61,0.0,140,64540,卖盘
09:38:37,4.61,0.0,97,44717,卖盘
09:38:40,4.61,0.0,53,24433,卖盘
09:38:43,4.61,0.0,14,6454,卖盘
09:38:46,4.61,0.0,269,124009,卖盘
09:38:49,4.61,0.0,15,6915,卖盘
09:38:52,4.61,0.0,242,111562,卖盘
09:38:55,4.61,0.0,112,51632,卖盘
09:38:58,4.61,0.0,33,15213,卖盘
09:39:01,4.61,0.0,106,48866,卖盘
09:39:04,4.61,0.0,72,33192,卖盘
09:39:07,4.61,0.0,32,14752,卖盘
09:39:10,4.61,0.0,35,16135,卖盘
09:39:13,4.61,0.0,2,922,卖盘
09:39:16,4.61,0.0,314,144754,卖盘
09:39:19,4.61,0.0,29,13369,卖盘
09:39:22,4.61,0.0,32,14752,卖盘
09:39:28,4.61,0.0,68,31348,卖盘
09:39:31,4.61,0.0,155,71455,卖盘
09:39:34,4.61,0.0,63,29043,卖盘
09:39:37,4.61,0.0,167,76987,卖盘
09:39:40,4.61,0.0,122,56242,卖盘
09:39:43,4.61,0.0,222,102342,卖盘
09:39:46,4.61,0.0,6,2766,卖盘
09:39:49,4.61,0.0,99,45639,卖盘
09:39:52,4.61,0.0,11,5071,卖盘
09:39:55,4.61,0.0,42,19362,卖盘
09:39:58,4.61,0.0,3530,1627330,卖盘
09:40:01,4.61,0.0,144,66384,卖盘
09:40:04,4.61,0.0,187,86207,卖盘
09:40:07,4.61,0.0,47,21667,卖盘
09:40:10,4.61,0.0,5,2305,卖盘
09:40:13,4.61,0.0,85,39185,卖盘
09:40:16,4.61,0.0,440,202840,卖盘
09:40:19,4.61,0.0,13,5993,卖盘
09:40:22,4.61,0.0,29,13369,卖盘
09:40:25,4.61,0.0,2281,1051541,卖盘
09:40:28,4.61,0.0,87,40107,卖盘
09:40:31,4.61,0.0,40,18440,卖盘
09:40:34,4.61,0.0,256,118016,卖盘
09:40:37,4.61,0.0,125,57625,卖盘
09:40:40,4.61,0.0,85,39185,卖盘
09:40:43,4.61,0.0,113,52093,卖盘
09:40:46,4.61,0.0,13,5993,卖盘
09:40:49,4.61,0.0,289,133229,卖盘
09:40:52,4.61,0.0,8665,3994565,卖盘
09:40:55,4.61,0.0,313,144293,卖盘
09:40:58,4.61,0.0,82,37802,卖盘
09:41:01,4.61,0.0,292,134612,卖盘
09:41:04,4.61,0.0,153,70533,卖盘
09:41:07,4.61,0.0,318,146598,卖盘
09:41:10,4.61,0.0,2012,927532,卖盘
09:41:13,4.61,0.0,794,366034,卖盘
09:41:16,4.61,0.0,14914,6875354,卖盘
09:41:19,4.61,0.0,549,253089,卖盘
09:41:22,4.61,0.0,1914,882354,卖盘
09:41:25,4.61,0.0,1140,525540,卖盘
09:41:28,4.61,0.0,7148,3295228,卖盘
09:41:31,4.61,0.0,4142,1909462,卖盘
09:41:34,4.61,0.0,3720,1714920,卖盘
09:41:37,4.61,0.0,5729,2641069,卖盘
09:41:40,4.61,0.0,4001,1844461,卖盘
09:41:43,4.53,-0.08,5383,2461892,卖盘
09:41:46,4.54,0.01,628,284847,买盘
09:41:49,4.59,0.05,1173,534798,买盘
09:41:52,4.59,0.0,426,194787,买盘
09:41:55,4.56,-0.03,901,412621,卖盘
09:41:58,4.59,0.03,1098,502260,买盘
09:42:01,4.57,-0.02,733,335047,卖盘
09:42:04,4.57,0.0,988,451568,中性盘
09:42:07,4.54,-0.03,1815,826493,卖盘
09:42:10,4.54,0.0,2094,950121,卖盘
09:42:13,4.53,-0.01,806,364375,中性盘
09:42:16,4.52,-0.01,351,158684,卖盘
09:42:19,4.53,0.01,1965,888347,买盘
09:42:22,4.52,-0.01,1301,588354,卖盘
09:42:25,4.52,0.0,603,272812,卖盘
09:42:28,4.52,0.0,1455,657996,卖盘
09:42:31,4.52,0.0,2122,959440,卖盘
09:42:34,4.52,0.0,1948,879696,买盘
09:42:37,4.51,-0.01,1301,587989,卖盘
09:42:40,4.5,-0.01,3017,1358090,卖盘
09:42:43,4.5,0.0,1219,548685,买盘
09:42:46,4.51,0.01,804,362329,买盘
09:42:49,4.51,0.0,605,272668,买盘
09:42:52,4.52,0.01,763,344966,买盘
09:42:55,4.54,0.02,3690,1674083,买盘
09:42:58,4.54,0.0,2162,980933,卖盘
09:43:01,4.54,0.0,430,195156,买盘
09:43:04,4.54,0.0,994,451204,买盘
09:43:07,4.53,-0.01,505,228465,中性盘
09:43:10,4.54,0.01,471,213477,买盘
09:43:13,4.53,-0.01,144,65355,卖盘
09:43:16,4.54,0.01,472,214034,买盘
09:43:19,4.54,0.0,2245,1016425,买盘
09:43:22,4.53,-0.01,964,437452,卖盘
09:43:25,4.53,0.0,483,218868,中性盘
09:43:28,4.53,0.0,291,131725,买盘
09:43:31,4.53,0.0,620,280835,买盘
09:43:34,4.52,-0.01,1048,473870,卖盘
09:43:37,4.52,0.0,869,392665,卖盘
09:43:40,4.52,0.0,329,148656,买盘
09:43:43,4.51,-0.01,1358,612489,卖盘
09:43:46,4.51,0.0,488,220081,买盘
09:43:49,4.51,0.0,1942,876509,买盘
09:43:52,4.51,0.0,485,218514,卖盘
09:43:55,4.51,0.0,191,86104,买盘
09:43:58,4.51,0.0,1588,716168,买盘
09:44:01,4.51,0.0,438,197538,卖盘
09:44:04,4.51,0.0,225,101411,买盘
09:44:07,4.51,0.0,1540,693327,买盘
09:44:10,4.49,-0.02,1075,482938,卖盘
09:44:13,4.5,0.01,513,230812,买盘
09:44:16,4.5,0.0,175,78643,买盘
09:44:19,4.5,0.0,554,249001,买盘
09:44:22,4.5,0.0,883,397140,买盘
09:44:25,4.5,0.0,184,82814,卖盘
09:44:28,4.5,0.0,204,91906,卖盘
09:44:31,4.51,0.01,636,286616,买盘
09:44:34,4.51,0.0,357,160848,买盘
09:44:37,4.5,-0.01,224,100986,卖盘
09:44:40,4.5,0.0,1130,509572,卖盘
09:44:43,4.5,0.0,90,40565,卖盘
09:44:46,4.49,-0.01,3611,1624473,卖盘
09:44:49,4.48,-0.01,406,181957,卖盘
09:44:52,4.49,0.01,416,186728,买盘
09:44:55,4.48,-0.01,811,363369,卖盘
09:44:58,4.48,0.0,1522,682043,卖盘
09:45:01,4.49,0.01,376,168485,买盘
09:45:04,4.48,-0.01,325,145442,卖盘
09:45:07,4.48,0.0,681,304980,买盘
09:45:10,4.47,-0.01,1193,534253,卖盘
09:45:13,4.48,0.01,94,42113,买盘
09:45:16,4.48,0.0,418,186976,买盘
09:45:19,4.48,0.0,331,148134,买盘
09:45:22,4.49,0.01,391,175129,买盘
09:45:25,4.49,0.0,223,100092,买盘
09:45:28,4.49,0.0,1175,527355,买盘
09:45:31,4.49,0.0,57,25608,卖盘
09:45:34,4.49,0.0,2941,1322292,卖盘
09:45:37,4.5,0.01,1570,705417,买盘
09:45:40,4.5,0.0,552,248049,买盘
09:45:43,4.5,0.0,350,157376,买盘
09:45:46,4.5,0.0,1162,522653,买盘
09:45:49,4.5,0.0,1517,682155,买盘
09:45:52,4.5,0.0,1955,879462,卖盘
09:45:55,4.5,0.0,326,146700,卖盘
09:45:58,4.5,0.0,611,274950,买盘
09:46:01,4.5,0.0,348,156600,买盘
09:46:04,4.5,0.0,334,150059,买盘
09:46:07,4.49,-0.01,732,329388,卖盘
09:46:10,4.5,0.01,1289,580229,买盘
09:46:13,4.51,0.01,28,12608,买盘
09:46:16,4.5,-0.01,344,154815,卖盘
09:46:19,4.5,0.0,256,115180,买盘
09:46:22,4.5,0.0,748,336812,买盘
09:46:25,4.5,0.0,1032,464462,卖盘
09:46:28,4.51,0.01,804,361678,买盘
09:46:31,4.5,-0.01,698,314620,中性盘
09:46:34,4.51,0.01,210,94640,买盘
09:46:37,4.51,0.0,449,202459,买盘
09:46:40,4.5,-0.01,897,404343,卖盘
09:46:43,4.51,0.01,1151,518931,买盘
09:46:46,4.51,0.0,396,178539,买盘
09:46:49,4.51,0.0,616,278359,买盘
09:46:52,4.51,0.0,396,178589,卖盘
09:46:55,4.51,0.0,293,132091,买盘
09:46:58,4.52,0.01,867,391024,买盘
09:47:01,4.52,0.0,586,264729,买盘
09:47:04,4.52,0.0,639,288448,买盘
09:47:07,4.51,-0.01,599,270416,买盘
09:47:10,4.52,0.01,1033,466565,买盘
09:47:13,4.52,0.0,195,88107,买盘
09:47:16,4.52,0.0,147,66425,买盘
09:47:19,4.52,0.0,149,67354,买盘
09:47:22,4.52,0.0,224,101173,卖盘
09:47:25,4.55,0.03,3222,1462634,买盘
09:47:28,4.52,-0.03,96,43388,卖盘
09:47:31,4.51,-0.01,124,56044,卖盘
09:47:34,4.53,0.02,184,83341,买盘
09:47:37,4.53,0.0,1095,497062,卖盘
09:47:40,4.53,0.0,386,174581,卖盘
09:47:43,4.54,0.01,222,100674,买盘
09:47:46,4.53,-0.01,135,61162,卖盘
09:47:49,4.53,0.0,1126,511094,中性盘
09:47:52,4.54,0.01,346,156780,买盘
09:47:55,4.54,0.0,879,398317,买盘
09:47:58,4.52,-0.02,710,321858,卖盘
09:48:01,4.54,0.02,104,47162,买盘
09:48:04,4.54,0.0,523,237740,买盘
09:48:07,4.53,-0.01,169,76648,卖盘
09:48:10,4.54,0.01,105,47605,买盘
09:48:13,4.52,-0.02,517,233962,卖盘
09:48:16,4.54,0.02,265,120305,买盘
09:48:19,4.54,0.0,79,35805,买盘
09:48:22,4.54,0.0,659,298974,买盘
09:48:25,4.54,0.0,624,282719,卖盘
09:48:28,4.55,0.01,933,423755,买盘
09:48:31,4.55,0.0,164,74470,买盘
09:48:34,4.54,-0.01,363,165094,中性盘
09:48:37,4.53,-0.01,223,101123,卖盘
09:48:40,4.55,0.02,273,124147,买盘
09:48:43,4.54,-0.01,120,54549,中性盘
09:48:46,4.55,0.01,371,168732,买盘
09:48:49,4.54,-0.01,181,82214,卖盘
09:48:52,4.55,0.01,582,263933,买盘
09:48:55,4.53,-0.02,596,270916,卖盘
09:48:58,4.54,0.01,72,32719,中性盘
09:49:01,4.54,0.0,169,76676,买盘
09:49:04,4.54,0.0,60,27240,卖盘
09:49:07,4.54,0.0,540,244783,买盘
09:49:10,4.54,0.0,344,155977,买盘
09:49:13,4.54,0.0,452,204992,买盘
09:49:16,4.53,-0.01,258,117028,卖盘
09:49:19,4.53,0.0,109,49440,卖盘
09:49:22,4.53,0.0,55,24915,买盘
09:49:25,4.53,0.0,529,239158,买盘
09:49:28,4.53,0.0,955,431693,买盘
09:49:31,4.53,0.0,116,52467,买盘
09:49:34,4.52,-0.01,158,71385,买盘
09:49:37,4.52,0.0,20,9040,买盘
09:49:40,4.51,-0.01,34,15335,卖盘
09:49:43,4.52,0.01,361,163161,买盘
09:49:46,4.53,0.01,466,210323,买盘
09:49:49,4.52,-0.01,41,18526,卖盘
09:49:52,4.53,0.01,62,28071,买盘
09:49:55,4.53,0.0,27,12218,买盘
09:49:58,4.52,-0.01,308,139300,卖盘
09:50:01,4.52,0.0,601,271653,卖盘
09:50:04,4.53,0.01,522,236254,买盘
09:50:07,4.53,0.0,282,127560,买盘
09:50:10,4.53,0.0,278,125922,买盘
09:50:13,4.53,0.0,282,127632,买盘
09:50:16,4.53,0.0,444,201132,买盘
09:50:19,4.54,0.01,1121,508930,买盘
09:50:22,4.54,0.0,782,354311,卖盘
09:50:25,4.54,0.0,226,102484,买盘
09:50:28,4.54,0.0,562,255086,买盘
09:50:31,4.54,0.0,772,349929,买盘
09:50:34,4.54,0.0,770,349306,买盘
09:50:37,4.55,0.01,117,53120,买盘
09:50:40,4.55,0.0,226,102613,买盘
09:50:43,4.55,0.0,1635,743836,买盘
09:50:46,4.54,-0.01,1252,568429,卖盘
09:50:49,4.54,0.0,720,326640,买盘
09:50:52,4.54,0.0,567,257429,卖盘
09:50:55,4.55,0.01,151,68632,买盘
09:50:58,4.55,0.0,304,138320,买盘
09:51:01,4.55,0.0,845,384477,买盘
09:51:04,4.55,0.0,302,137413,卖盘
09:51:07,4.54,-0.01,320,145384,卖盘
09:51:10,4.55,0.01,104,47376,买盘
09:51:13,4.55,0.0,14,6370,买盘
09:51:16,4.54,-0.01,520,236594,卖盘
09:51:19,4.55,0.01,94,42770,买盘
09:51:22,4.55,0.0,894,406115,买盘
09:51:25,4.54,-0.01,91,41314,卖盘
09:51:28,4.55,0.01,145,65883,买盘
09:51:31,4.55,0.0,45,20473,买盘
09:51:34,4.54,-0.01,78,35412,卖盘
09:51:37,4.53,-0.01,570,258458,卖盘
09:51:40,4.54,0.01,139,63094,买盘
09:51:43,4.54,0.0,23,10442,卖盘
09:51:46,4.54,0.0,67,30473,卖盘
09:51:49,4.54,0.0,257,116680,卖盘
09:51:52,4.54,0.0,155,70419,卖盘
09:51:55,4.55,0.01,144,65428,买盘
09:51:58,4.54,-0.01,25,11366,卖盘
09:52:01,4.55,0.01,1229,559193,买盘
09:52:04,4.55,0.0,777,353690,买盘
09:52:07,4.55,0.0,31,14106,卖盘
09:52:10,4.55,0.0,69,31416,卖盘
09:52:13,4.55,0.0,808,368191,卖盘
09:52:16,4.56,0.01,80,36402,买盘
09:52:19,4.55,-0.01,504,229634,卖盘
09:52:22,4.56,0.01,57,25982,买盘
09:52:25,4.55,-0.01,336,152881,卖盘
09:52:28,4.56,0.01,328,149486,买盘
09:52:31,4.55,-0.01,85,38698,中性盘
09:52:34,4.55,0.0,539,245543,卖盘
09:52:37,4.56,0.01,551,251208,买盘
09:52:40,4.56,0.0,25,11399,买盘
09:52:43,4.54,-0.02,4273,1940816,卖盘
09:52:46,4.54,0.0,219,99557,中性盘
09:52:49,4.54,0.0,56,25422,买盘
09:52:52,4.55,0.01,200,90910,买盘
09:52:55,4.54,-0.01,37,16799,卖盘
09:52:58,4.54,0.0,341,154831,卖盘
09:53:01,4.54,0.0,108,49032,买盘
09:53:04,4.54,0.0,3,1360,买盘
09:53:07,4.54,0.0,252,114408,买盘
09:53:10,4.54,0.0,411,186604,卖盘
09:53:13,4.55,0.01,107,48685,买盘
09:53:16,4.55,0.0,1139,517925,买盘
09:53:19,4.56,0.01,3434,1570327,买盘
09:53:22,4.56,0.0,414,189712,卖盘
09:53:25,4.57,0.01,89,40718,中性盘
09:53:28,4.58,0.01,198,90564,买盘
09:53:31,4.58,0.0,221,101171,买盘
09:53:34,4.58,0.0,419,191908,买盘
09:53:37,4.58,0.0,150,68766,卖盘
09:53:40,4.59,0.01,230,105450,买盘
09:53:43,4.59,0.0,474,217551,买盘
09:53:46,4.6,0.01,5726,2632776,买盘
09:53:49,4.6,0.0,2298,1056656,买盘
09:53:52,4.61,0.01,1756,808082,买盘
09:53:55,4.61,0.0,3080,1419850,买盘
09:53:58,4.61,0.0,5963,2748911,买盘
09:54:01,4.61,0.0,18972,8746064,买盘
09:54:04,4.61,0.0,616,283976,卖盘
09:54:07,4.61,0.0,935,431035,卖盘
09:54:10,4.61,0.0,671,309331,卖盘
09:54:13,4.61,0.0,220,101420,卖盘
09:54:16,4.61,0.0,467,215287,卖盘
09:54:19,4.61,0.0,389,179329,卖盘
09:54:22,4.61,0.0,498,229578,卖盘
09:54:25,4.61,0.0,555,255855,卖盘
09:54:28,4.61,0.0,527,242947,卖盘
09:54:31,4.61,0.0,2167,998987,卖盘
09:54:34,4.61,0.0,164,75604,卖盘
09:54:37,4.61,0.0,253,116633,卖盘
09:54:40,4.61,0.0,1568,722848,卖盘
09:54:43,4.61,0.0,1810,834410,卖盘
09:54:46,4.61,0.0,1701,784161,卖盘
09:54:49,4.61,0.0,1640,756040,卖盘
09:54:52,4.61,0.0,1032,475752,卖盘
09:54:55,4.61,0.0,1028,473908,卖盘
09:54:58,4.61,0.0,6912,3186432,卖盘
09:55:01,4.61,0.0,1274,587314,卖盘
09:55:04,4.61,0.0,2694,1241828,卖盘
09:55:07,4.6,-0.01,8677,4000018,卖盘
09:55:10,4.58,-0.02,862,395693,卖盘
09:55:13,4.58,0.0,485,221930,买盘
09:55:16,4.59,0.01,246,112683,买盘
09:55:19,4.58,-0.01,409,187546,卖盘
09:55:22,4.59,0.01,144,66118,中性盘
09:55:25,4.59,0.0,515,236414,卖盘
09:55:28,4.6,0.01,1050,482345,买盘
09:55:31,4.58,-0.02,2073,952110,卖盘
09:55:34,4.6,0.02,2385,1096966,买盘
09:55:37,4.59,-0.01,1151,529540,卖盘
09:55:40,4.6,0.01,1963,901445,买盘
09:55:43,4.6,0.0,2380,1096400,卖盘
09:55:46,4.6,0.0,740,340391,买盘
09:55:49,4.6,0.0,862,397107,卖盘
09:55:52,4.6,0.0,1225,564015,卖盘
09:55:55,4.6,0.0,527,242203,卖盘
09:55:58,4.6,0.0,1496,689064,买盘
09:56:01,4.59,-0.01,656,301410,卖盘
09:56:04,4.6,0.01,305,140223,买盘
09:56:07,4.59,-0.01,1636,750154,卖盘
09:56:10,4.57,-0.02,1137,520388,卖盘
09:56:13,4.57,0.0,467,213434,卖盘
09:56:16,4.57,0.0,3,1371,买盘
09:56:19,4.57,0.0,287,131104,买盘
09:56:22,4.57,0.0,356,162417,买盘
09:56:25,4.56,-0.01,73,33346,卖盘
09:56:28,4.57,0.01,340,155088,买盘
09:56:31,4.56,-0.01,738,336949,卖盘
09:56:34,4.56,0.0,352,160512,买盘
09:56:37,4.57,0.01,375,171024,买盘
09:56:40,4.57,0.0,434,197960,卖盘
09:56:43,4.58,0.01,26,11902,买盘
09:56:46,4.57,-0.01,150,68611,卖盘
09:56:49,4.58,0.01,618,282930,买盘
09:56:52,4.58,0.0,20,9160,卖盘
09:56:55,4.57,-0.01,289,132218,卖盘
09:56:58,4.59,0.02,543,249060,买盘
09:57:01,4.59,0.0,97,44402,买盘
09:57:04,4.57,-0.02,599,275056,卖盘
09:57:07,4.59,0.02,151,69183,中性盘
09:57:10,4.59,0.0,147,67446,买盘
09:57:13,4.59,0.0,595,272966,买盘
09:57:16,4.59,0.0,188,86267,买盘
09:57:19,4.59,0.0,200,91800,买盘
09:57:22,4.58,-0.01,403,184961,卖盘
09:57:25,4.59,0.01,205,94045,买盘
09:57:28,4.58,-0.01,619,283881,卖盘
09:57:31,4.59,0.01,188,86292,买盘
09:57:34,4.6,0.01,137,63012,买盘
09:57:37,4.6,0.0,469,215286,买盘
09:57:40,4.6,0.0,204,93774,买盘
09:57:43,4.59,-0.01,603,277218,卖盘
09:57:46,4.6,0.01,257,118219,买盘
09:57:49,4.6,0.0,291,133787,买盘
09:57:52,4.6,0.0,653,300358,买盘
09:57:55,4.59,-0.01,1047,480949,卖盘
09:57:58,4.59,0.0,1463,672887,卖盘
09:58:01,4.6,0.01,590,271410,买盘
09:58:04,4.61,0.01,2083,960152,买盘
09:58:07,4.6,-0.01,3982,1835252,卖盘
09:58:10,4.61,0.01,4898,2257396,买盘
09:58:13,4.61,0.0,9689,4466415,买盘
09:58:16,4.61,0.0,1708,787364,买盘
09:58:19,4.61,0.0,494,227734,卖盘
09:58:22,4.61,0.0,230,106030,卖盘
09:58:25,4.61,0.0,442,203762,卖盘
09:58:28,4.61,0.0,49,22589,卖盘
09:58:31,4.61,0.0,225,103725,卖盘
09:58:34,4.61,0.0,551,254011,卖盘
09:58:37,4.61,0.0,193,88973,卖盘
09:58:40,4.61,0.0,866,399226,卖盘
09:58:43,4.61,0.0,1610,742210,卖盘
09:58:46,4.61,0.0,670,308870,卖盘
09:58:49,4.61,0.0,4073,1877653,卖盘
09:58:52,4.61,0.0,7725,3561169,卖盘
09:58:55,4.59,-0.02,1546,711854,卖盘
09:58:58,4.6,0.01,115,52862,买盘
09:59:01,4.59,-0.01,464,212999,卖盘
09:59:04,4.59,0.0,139,63800,买盘
09:59:07,4.59,0.0,57,26210,卖盘
09:59:10,4.59,0.0,48,22036,卖盘
09:59:13,4.59,0.0,204,93770,卖盘
09:59:16,4.6,0.01,30,13799,买盘
09:59:19,4.59,-0.01,1529,703044,卖盘
09:59:22,4.59,0.0,155,71145,买盘
09:59:25,4.6,0.01,340,156192,买盘
09:59:28,4.6,0.0,111,50959,买盘
09:59:31,4.59,-0.01,261,119870,卖盘
09:59:34,4.59,0.0,330,151469,卖盘
09:59:37,4.58,-0.01,253,116126,卖盘
09:59:40,4.58,0.0,319,146411,卖盘
09:59:43,4.59,0.01,166,76194,买盘
09:59:46,4.6,0.01,616,283003,买盘
09:59:49,4.59,-0.01,47,21593,卖盘
09:59:52,4.6,0.01,192,88309,买盘
09:59:55,4.59,-0.01,325,149465,卖盘
09:59:58,4.59,0.0,122,56020,卖盘
10:00:01,4.6,0.01,118,54261,买盘
10:00:04,4.59,-0.01,1166,535481,卖盘
10:00:07,4.59,0.0,233,106943,卖盘
10:00:10,4.59,0.0,164,75276,买盘
10:00:13,4.59,0.0,114,52262,买盘
10:00:16,4.59,0.0,71,32568,买盘
10:00:19,4.57,-0.02,6231,2849325,卖盘
10:00:22,4.56,-0.01,1179,537653,卖盘
10:00:25,4.55,-0.01,52,23682,卖盘
10:00:28,4.56,0.01,910,414190,买盘
10:00:31,4.56,0.0,3072,1398269,买盘
10:00:34,4.55,-0.01,6138,2792868,卖盘
10:00:37,4.55,0.0,130,59150,买盘
10:00:40,4.55,0.0,44,20020,买盘
10:00:43,4.54,-0.01,599,271947,卖盘
10:00:46,4.54,0.0,74,33596,买盘
10:00:49,4.53,-0.01,120,54376,卖盘
10:00:52,4.53,0.0,82,37188,卖盘
10:00:55,4.54,0.01,107,48543,买盘
10:00:58,4.54,0.0,205,92881,买盘
10:01:01,4.54,0.0,920,417177,买盘
10:01:04,4.54,0.0,169,76669,买盘
10:01:07,4.54,0.0,777,352156,买盘
10:01:10,4.54,0.0,477,216428,买盘
10:01:13,4.54,0.0,164,74430,买盘
10:01:16,4.54,0.0,176,79897,买盘
10:01:19,4.54,0.0,178,80688,买盘
10:01:22,4.54,0.0,721,326664,买盘
10:01:25,4.53,-0.01,755,342029,卖盘
10:01:28,4.53,0.0,207,93568,买盘
10:01:31,4.52,-0.01,106,47976,卖盘
10:01:34,4.53,0.01,63,28488,买盘
10:01:37,4.53,0.0,190,85906,买盘
10:01:40,4.52,-0.01,145,65542,卖盘
10:01:43,4.53,0.01,540,244177,买盘
10:01:46,4.51,-0.02,972,438706,卖盘
10:01:49,4.52,0.01,16,7230,买盘
10:01:52,4.52,0.0,55,24856,买盘
10:01:55,4.52,0.0,40,18080,买盘
10:01:58,4.52,0.0,95,42940,买盘
10:02:01,4.52,0.0,4,1808,买盘
10:02:04,4.51,-0.01,71,32036,卖盘
10:02:07,4.52,0.01,39,17601,买盘
10:02:10,4.51,-0.01,5,2255,卖盘
10:02:13,4.52,0.01,20,9040,买盘
10:02:16,4.52,0.0,795,358632,买盘
10:02:19,4.52,0.0,136,61471,买盘
10:02:22,4.52,0.0,116,52379,买盘
10:02:25,4.51,-0.01,175,79039,卖盘
10:02:28,4.52,0.01,154,69541,买盘
10:02:31,4.52,0.0,403,182110,买盘
10:02:34,4.52,0.0,1705,769350,买盘
10:02:37,4.52,0.0,168,75936,买盘
10:02:40,4.52,0.0,99,44748,买盘
10:02:43,4.52,0.0,483,218313,买盘
10:02:46,4.51,-0.01,856,386442,卖盘
10:02:49,4.52,0.01,94,42488,卖盘
10:02:52,4.52,0.0,130,58760,买盘
10:02:55,4.52,0.0,150,67789,买盘
10:02:58,4.52,0.0,88,39776,买盘
10:03:01,4.52,0.0,260,117520,卖盘
10:03:04,4.52,0.0,295,133340,卖盘
10:03:07,4.52,0.0,552,249503,卖盘
10:03:10,4.52,0.0,151,68158,买盘
10:03:13,4.52,0.0,249,112478,买盘
10:03:16,4.51,-0.01,592,267141,卖盘
10:03:19,4.51,0.0,489,220957,卖盘
10:03:22,4.52,0.01,220,99425,买盘
10:03:25,4.52,0.0,90,40679,买盘
10:03:28,4.52,0.0,12,5421,买盘
10:03:31,4.51,-0.01,5,2258,卖盘
10:03:34,4.51,0.0,195,88028,卖盘
10:03:37,4.5,-0.01,4491,2025457,卖盘
10:03:40,4.5,0.0,2987,1344315,卖盘
10:03:43,4.51,0.01,165,74254,买盘
10:03:46,4.5,-0.01,84,37835,卖盘
10:03:49,4.51,0.01,213,95871,买盘
10:03:52,4.5,-0.01,970,436552,卖盘
10:03:55,4.5,0.0,615,276750,买盘
10:03:58,4.5,0.0,32,14399,买盘
10:04:01,4.5,0.0,397,178643,买盘
10:04:04,4.49,-0.01,229,102996,卖盘
10:04:07,4.49,0.0,271,121690,卖盘
10:04:10,4.5,0.01,132,59272,买盘
10:04:13,4.5,0.0,67,30140,买盘
10:04:16,4.5,0.0,1316,591475,买盘
10:04:19,4.5,0.0,37,16650,卖盘
10:04:22,4.5,0.0,5,2252,卖盘
10:04:25,4.5,0.0,60,27000,卖盘
10:04:28,4.51,0.01,115,51845,买盘
10:04:31,4.51,0.0,252,113532,买盘
10:04:34,4.51,0.0,68,30654,买盘
10:04:37,4.51,0.0,147,66197,买盘
10:04:40,4.51,0.0,25,11265,买盘
10:04:43,4.51,0.0,131,59081,买盘
10:04:46,4.51,0.0,119,53659,买盘
10:04:49,4.51,0.0,1063,479407,买盘
10:04:52,4.51,0.0,101,45551,卖盘
10:04:58,4.51,0.0,40,18040,卖盘
10:05:01,4.51,0.0,15,6765,卖盘
10:05:04,4.51,0.0,327,147800,卖盘
10:05:07,4.52,0.01,27,12189,买盘
10:05:10,4.52,0.0,321,145089,买盘
10:05:13,4.52,0.0,67,30284,卖盘
10:05:16,4.52,0.0,489,221029,卖盘
10:05:19,4.53,0.01,13,5887,买盘
10:05:22,4.52,-0.01,165,74735,卖盘
10:05:25,4.53,0.01,513,232369,买盘
10:05:28,4.52,-0.01,587,265741,卖盘
10:05:31,4.52,0.0,228,103056,买盘
10:05:34,4.52,0.0,313,141476,买盘
10:05:37,4.52,0.0,122,55144,买盘
10:05:40,4.53,0.01,152,68748,买盘
10:05:43,4.53,0.0,694,313699,买盘
10:05:46,4.52,-0.01,1158,523585,卖盘
10:05:49,4.52,0.0,116,52431,买盘
10:05:52,4.53,0.01,823,372707,买盘
10:05:55,4.53,0.0,370,167610,买盘
10:05:58,4.53,0.0,82,37136,买盘
10:06:01,4.55,0.02,567,257418,买盘
10:06:04,4.53,-0.02,76,34428,卖盘
10:06:07,4.54,0.01,2183,993445,买盘
10:06:10,4.55,0.01,75,34112,买盘
10:06:13,4.55,0.0,104,47310,买盘
10:06:16,4.55,0.0,93,42315,买盘
10:06:19,4.55,0.0,194,88270,买盘
10:06:22,4.55,0.0,396,180183,卖盘
10:06:25,4.55,0.0,190,86450,卖盘
10:06:28,4.55,0.0,545,247671,买盘
10:06:31,4.55,0.0,49,22271,买盘
10:06:34,4.54,-0.01,226,102793,卖盘
10:06:37,4.54,0.0,74,33659,卖盘
10:06:40,4.55,0.01,2179,991970,买盘
10:06:43,4.55,0.0,649,295261,买盘
10:06:46,4.55,0.0,101,45890,卖盘
10:06:49,4.55,0.0,508,231621,买盘
10:06:52,4.55,0.0,344,156494,买盘
10:06:55,4.54,-0.01,413,187840,卖盘
10:06:58,4.55,0.01,248,112790,买盘
10:07:01,4.55,0.0,31,14094,买盘
10:07:04,4.55,0.0,201,91428,买盘
10:07:07,4.55,0.0,249,113294,买盘
10:07:10,4.55,0.0,81,36852,买盘
10:07:13,4.55,0.0,50,22750,买盘
10:07:16,4.55,0.0,164,74620,买盘
10:07:19,4.54,-0.01,132,60017,卖盘
10:07:22,4.54,0.0,3331,1512278,卖盘
10:07:25,4.54,0.0,445,202020,卖盘
10:07:28,4.54,0.0,1,454,买盘
10:07:31,4.53,-0.01,90,40820,卖盘
10:07:34,4.53,0.0,132,59861,卖盘
10:07:37,4.53,0.0,12,5437,卖盘
10:07:40,4.54,0.01,164,74453,买盘
10:07:43,4.53,-0.01,77,34947,卖盘
10:07:46,4.54,0.01,243,110091,买盘
10:07:49,4.53,-0.01,348,157929,卖盘
10:07:52,4.53,0.0,477,216082,卖盘
10:07:55,4.54,0.01,179,81264,买盘
10:07:58,4.53,-0.01,31,14043,卖盘
10:08:01,4.53,0.0,561,254133,卖盘
10:08:04,4.53,0.0,39,17667,买盘
10:08:07,4.53,0.0,23,10419,买盘
10:08:10,4.53,0.0,39,17667,买盘
10:08:13,4.53,0.0,60,27171,买盘
10:08:16,4.52,-0.01,328,148413,卖盘
10:08:19,4.53,0.01,11,4983,买盘
10:08:22,4.52,-0.01,14,6328,卖盘
10:08:25,4.54,0.02,726,328884,买盘
10:08:28,4.53,-0.01,5,2265,卖盘
10:08:31,4.54,0.01,186,84282,买盘
10:08:37,4.54,0.0,1306,592924,买盘
10:08:40,4.54,0.0,201,91254,卖盘
10:08:43,4.54,0.0,29,13166,卖盘
10:08:46,4.54,0.0,97,44059,卖盘
10:08:49,4.55,0.01,80,36400,买盘
10:08:52,4.55,0.0,207,94185,买盘
10:08:55,4.55,0.0,470,213770,买盘
10:08:58,4.54,-0.01,36,16379,卖盘
10:09:01,4.55,0.01,183,83225,买盘
10:09:04,4.54,-0.01,52,23623,卖盘
10:09:07,4.55,0.01,11,5005,买盘
10:09:10,4.55,0.0,101,45855,买盘
10:09:13,4.55,0.0,89,40472,买盘
10:09:16,4.54,-0.01,107,48671,卖盘
10:09:19,4.54,0.0,24,10901,卖盘
10:09:22,4.54,0.0,68,30885,卖盘
10:09:25,4.55,0.01,202,91739,买盘
10:09:28,4.54,-0.01,459,208787,卖盘
10:09:31,4.55,0.01,77,35026,买盘
10:09:34,4.55,0.0,143,64965,买盘
10:09:37,4.54,-0.01,181,82208,卖盘
10:09:40,4.55,0.01,5,2274,买盘
10:09:43,4.54,-0.01,1041,472630,卖盘
10:09:46,4.53,-0.01,153,69460,卖盘
10:09:49,4.54,0.01,52,23608,买盘
10:09:52,4.54,0.0,118,53569,买盘
10:09:55,4.54,0.0,6,2724,买盘
10:09:58,4.53,-0.01,11,4985,卖盘
10:10:01,4.54,0.01,22,9988,买盘
10:10:04,4.54,0.0,20,9069,买盘
10:10:07,4.54,0.0,325,147480,买盘
10:10:10,4.54,0.0,180,81594,买盘
10:10:16,4.54,0.0,329,149366,买盘
10:10:19,4.53,-0.01,11,4992,卖盘
10:10:22,4.53,0.0,28,12707,卖盘
10:10:25,4.53,0.0,106,48117,卖盘
10:10:28,4.54,0.01,243,110089,买盘
10:10:31,4.53,-0.01,5,2265,卖盘
10:10:34,4.53,0.0,239,108496,卖盘
10:10:37,4.54,0.01,22,9988,买盘
10:10:43,4.53,-0.01,520,235574,卖盘
10:10:46,4.53,0.0,57,25820,买盘
10:10:49,4.53,0.0,3,1357,买盘
10:10:52,4.53,0.0,10,4530,买盘
10:10:55,4.53,0.0,47,21291,买盘
10:10:58,4.53,0.0,15,6795,买盘
10:11:01,4.53,0.0,20,9060,买盘
10:11:04,4.53,0.0,20,9053,买盘
10:11:07,4.53,0.0,51,23103,买盘
10:11:10,4.53,0.0,23,10419,买盘
10:11:13,4.53,0.0,9,4069,买盘
10:11:16,4.53,0.0,84,38052,买盘
10:11:19,4.53,0.0,3,1359,买盘
10:11:22,4.53,0.0,23,10409,买盘
10:11:31,4.53,0.0,268,121383,买盘
10:11:34,4.53,0.0,55,24915,买盘
10:11:37,4.53,0.0,181,81843,买盘
10:11:40,4.53,0.0,9,4074,买盘
10:11:43,4.53,0.0,189,85617,买盘
10:11:46,4.52,-0.01,349,158039,卖盘
10:11:49,4.53,0.01,4,1809,买盘
10:11:52,4.53,0.0,300,135691,买盘
10:11:55,4.53,0.0,89,40317,买盘
10:11:58,4.53,0.0,13,5889,买盘
10:12:01,4.53,0.0,55,24878,买盘
10:12:04,4.53,0.0,65,29445,买盘
10:12:07,4.53,0.0,223,100919,买盘
10:12:10,4.52,-0.01,1477,667604,卖盘
10:12:13,4.51,-0.01,4,1804,卖盘
10:12:16,4.51,0.0,102,46013,卖盘
10:12:19,4.51,0.0,378,170518,卖盘
10:12:22,4.51,0.0,1071,483026,卖盘
10:12:25,4.52,0.01,1362,614595,买盘
10:12:28,4.52,0.0,11,4972,买盘
10:12:34,4.52,0.0,185,83444,买盘
10:12:37,4.52,0.0,2,904,买盘
10:12:40,4.52,0.0,52,23504,买盘
10:12:43,4.51,-0.01,220,99220,卖盘
10:12:46,4.51,0.0,32,14453,卖盘
10:12:49,4.52,0.01,83,37463,买盘
10:12:52,4.52,0.0,4,1808,买盘
10:12:55,4.51,-0.01,181,81682,卖盘
10:12:58,4.51,0.0,25,11280,卖盘
10:13:01,4.52,0.01,509,229561,买盘
10:13:04,4.5,-0.02,1052,474380,卖盘
10:13:07,4.51,0.01,143,64394,买盘
10:13:10,4.5,-0.01,251,113151,卖盘
10:13:13,4.5,0.0,32,14400,卖盘
10:13:16,4.5,0.0,359,161819,卖盘
10:13:19,4.5,0.0,3531,1588888,卖盘
10:13:22,4.5,0.0,176,79198,买盘
10:13:25,4.5,0.0,28,12591,买盘
10:13:28,4.5,0.0,132,59400,买盘
10:13:31,4.5,0.0,47,21149,买盘
10:13:34,4.5,0.0,50,22494,买盘
10:13:37,4.5,0.0,9,4050,买盘
10:13:40,4.5,0.0,151,67933,买盘
10:13:43,4.49,-0.01,211,94939,卖盘
10:13:46,4.49,0.0,47,21143,卖盘
10:13:49,4.5,0.01,30,13479,买盘
10:13:52,4.5,0.0,47,21104,买盘
10:13:55,4.49,-0.01,30,13470,卖盘
10:13:58,4.5,0.01,53,23800,买盘
10:14:01,4.49,-0.01,37,16616,卖盘
10:14:04,4.49,0.0,80,35930,卖盘
10:14:07,4.5,0.01,47,21150,买盘
10:14:10,4.49,-0.01,188,84578,卖盘
10:14:13,4.49,0.0,36,16196,卖盘
10:14:16,4.5,0.01,10,4500,买盘
10:14:19,4.49,-0.01,10,4490,卖盘
10:14:22,4.5,0.01,16,7197,买盘
10:14:25,4.5,0.0,58,26096,买盘
10:14:31,4.5,0.0,12,5398,买盘
10:14:34,4.49,-0.01,493,221359,卖盘
10:14:37,4.5,0.01,188,84478,买盘
10:14:40,4.5,0.0,93,41799,买盘
10:14:43,4.5,0.0,5,2250,买盘
10:14:46,4.5,0.0,148,66580,买盘
10:14:52,4.5,0.0,86,38700,买盘
10:14:55,4.49,-0.01,64,28750,卖盘
10:14:58,4.5,0.01,18,8100,买盘
10:15:01,4.49,-0.01,719,323335,卖盘
10:15:04,4.5,0.01,75,33743,买盘
10:15:07,4.5,0.0,211,94950,买盘
10:15:10,4.5,0.0,97,43640,买盘
10:15:13,4.5,0.0,115,51750,买盘
10:15:16,4.49,-0.01,25,11225,卖盘
10:15:19,4.5,0.01,21,9450,买盘
10:15:22,4.5,0.0,64,28800,买盘
10:15:25,4.49,-0.01,14,6286,卖盘
10:15:28,4.5,0.01,10,4500,买盘
10:15:31,4.49,-0.01,24,10796,卖盘
10:15:34,4.5,0.01,65,29222,买盘
10:15:37,4.5,0.0,13,5850,买盘
10:15:40,4.49,-0.01,20,8980,卖盘
10:15:46,4.49,0.0,224,100680,卖盘
10:15:49,4.5,0.01,10,4495,买盘
10:15:52,4.5,0.0,92,41368,买盘
10:15:55,4.5,0.0,78,35095,买盘
10:15:58,4.49,-0.01,36,16193,卖盘
10:16:01,4.5,0.01,143,64246,买盘
10:16:04,4.49,-0.01,99,44495,卖盘
10:16:07,4.5,0.01,108,48600,买盘
10:16:10,4.49,-0.01,119,53518,卖盘
10:16:13,4.49,0.0,2305,1034954,卖盘
10:16:16,4.49,0.0,1347,604804,卖盘
10:16:19,4.49,0.0,481,215969,卖盘
10:16:22,4.49,0.0,418,187373,买盘
10:16:25,4.49,0.0,10,4490,买盘
10:16:28,4.48,-0.01,93,41692,卖盘
10:16:31,4.48,0.0,69,30913,卖盘
10:16:34,4.49,0.01,3,1347,买盘
10:16:37,4.49,0.0,1,449,买盘
10:16:40,4.49,0.0,28,12562,买盘
10:16:43,4.49,0.0,1,449,买盘
10:16:46,4.49,0.0,4,1793,买盘
10:16:49,4.49,0.0,100,44900,买盘
10:16:52,4.49,0.0,3,1347,买盘
10:16:55,4.48,-0.01,288,129242,卖盘
10:16:58,4.49,0.01,146,65554,买盘
10:17:01,4.48,-0.01,28,12554,卖盘
10:17:04,4.49,0.01,244,109428,买盘
10:17:07,4.49,0.0,11,4939,买盘
10:17:10,4.49,0.0,10,4490,买盘
10:17:13,4.49,0.0,14,6286,买盘
10:17:16,4.48,-0.01,309,138435,卖盘
10:17:19,4.48,0.0,155,69460,卖盘
10:17:22,4.48,0.0,100,44800,卖盘
10:17:25,4.49,0.01,9,4033,买盘
10:17:28,4.49,0.0,22,9878,买盘
10:17:31,4.49,0.0,55,24695,买盘
10:17:34,4.49,0.0,231,103719,买盘
10:17:37,4.49,0.0,108,48459,买盘
10:17:40,4.49,0.0,80,35910,买盘
10:17:43,4.48,-0.01,32,14358,卖盘
10:17:46,4.49,0.01,51,22899,买盘
10:17:49,4.48,-0.01,30,13440,卖盘
10:17:55,4.48,0.0,1,448,卖盘
10:17:58,4.49,0.01,320,143680,买盘
10:18:01,4.49,0.0,302,135298,买盘
10:18:04,4.48,-0.01,80,35875,卖盘
10:18:07,4.48,0.0,5,2240,卖盘
10:18:10,4.48,0.0,3,1344,卖盘
10:18:13,4.48,0.0,24,10765,卖盘
10:18:22,4.49,0.01,8,3586,买盘
10:18:25,4.48,-0.01,4,1792,卖盘
10:18:28,4.49,0.01,53,23797,买盘
10:18:31,4.49,0.0,66,29633,买盘
10:18:34,4.48,-0.01,85,38080,卖盘
10:18:37,4.49,0.01,857,383954,买盘
10:18:40,4.48,-0.01,131,58688,卖盘
10:18:43,4.48,0.0,59,26473,卖盘
10:18:46,4.48,0.0,1,448,卖盘
10:18:49,4.49,0.01,7,3142,买盘
10:18:52,4.48,-0.01,221,99010,卖盘
10:18:55,4.49,0.01,254,113897,买盘
10:19:01,4.49,0.0,99,44440,买盘
10:19:04,4.49,0.0,12,5378,买盘
10:19:07,4.49,0.0,68,30494,买盘
10:19:10,4.48,-0.01,2380,1066240,卖盘
10:19:13,4.49,0.01,166,74431,买盘
10:19:16,4.48,-0.01,284,127276,卖盘
10:19:19,4.48,0.0,560,250888,卖盘
10:19:22,4.48,0.0,90,40322,卖盘
10:19:25,4.49,0.01,1,449,买盘
10:19:28,4.48,-0.01,25,11200,卖盘
10:19:31,4.48,0.0,19,8516,卖盘
10:19:34,4.48,0.0,84,37637,卖盘
10:19:37,4.48,0.0,69,30950,卖盘
10:19:40,4.48,0.0,60,26910,卖盘
10:19:43,4.48,0.0,60,26890,卖盘
10:19:46,4.49,0.01,124,55676,买盘
10:19:49,4.48,-0.01,53,23744,卖盘
10:19:52,4.48,0.0,1,448,卖盘
10:19:55,4.48,0.0,330,148119,卖盘
10:20:04,4.49,0.01,129,57920,买盘
10:20:07,4.49,0.0,5,2245,买盘
10:20:10,4.49,0.0,80,35850,买盘
10:20:13,4.49,0.0,129,57921,买盘
10:20:16,4.48,-0.01,66,29569,卖盘
10:20:19,4.49,0.01,34,15266,买盘
10:20:22,4.49,0.0,23,10327,买盘
10:20:25,4.49,0.0,12,5387,买盘
10:20:28,4.48,-0.01,28,12557,卖盘
10:20:31,4.49,0.01,121,54229,买盘
10:20:34,4.49,0.0,129,57921,买盘
10:20:37,4.49,0.0,167,74963,买盘
10:20:40,4.49,0.0,357,160293,买盘
10:20:43,4.49,0.0,773,347057,买盘
10:20:46,4.48,-0.01,103,46195,卖盘
10:20:49,4.48,0.0,62,27791,卖盘
10:20:52,4.49,0.01,28,12571,买盘
10:20:55,4.5,0.01,9,4045,买盘
10:20:58,4.49,-0.01,275,123475,卖盘
10:21:01,4.5,0.01,57,25632,买盘
10:21:04,4.5,0.0,65,29250,买盘
10:21:07,4.5,0.0,122,54880,买盘
10:21:10,4.5,0.0,30,13500,买盘
10:21:13,4.49,-0.01,404,181498,卖盘
10:21:16,4.5,0.01,297,133453,买盘
10:21:19,4.5,0.0,76,34200,买盘
10:21:22,4.5,0.0,341,153450,买盘
10:21:25,4.49,-0.01,106,47680,卖盘
10:21:28,4.5,0.01,160,72000,买盘
10:21:31,4.5,0.0,35,15750,买盘
10:21:34,4.5,0.0,7,3150,买盘
10:21:37,4.5,0.0,919,413550,买盘
10:21:40,4.5,0.0,336,151200,卖盘
10:21:43,4.51,0.01,529,238516,买盘
10:21:46,4.51,0.0,7,3158,卖盘
10:21:49,4.52,0.01,84,37960,买盘
10:21:52,4.52,0.0,28,12650,买盘
10:21:55,4.51,-0.01,156,70510,卖盘
10:21:58,4.52,0.01,577,260794,买盘
10:22:04,4.52,0.0,224,101253,卖盘
10:22:07,4.5,-0.02,115,51856,卖盘
10:22:10,4.5,0.0,87,39200,卖盘
10:22:13,4.51,0.01,504,226860,买盘
10:22:16,4.5,-0.01,82,36957,卖盘
10:22:19,4.5,0.0,223,100377,卖盘
10:22:22,4.5,0.0,45,20241,买盘
10:22:25,4.5,0.0,6,2699,买盘
10:22:28,4.5,0.0,128,57600,买盘
10:22:31,4.5,0.0,27,12131,买盘
10:22:37,4.5,0.0,341,153350,买盘
10:22:40,4.5,0.0,21,9450,买盘
10:22:43,4.5,0.0,89,40050,买盘
10:22:49,4.5,0.0,33,14873,卖盘
10:22:52,4.5,0.0,335,150760,卖盘
10:22:55,4.5,0.0,673,302850,卖盘
10:22:58,4.5,0.0,105,47250,买盘
10:23:01,4.5,0.0,5,2250,买盘
10:23:07,4.5,0.0,160,72000,买盘
10:23:10,4.5,0.0,32,14400,买盘
10:23:13,4.5,0.0,16,7200,买盘
10:23:19,4.49,-0.01,5,2245,卖盘
10:23:22,4.49,0.0,288,129320,卖盘
10:23:25,4.49,0.0,10,4490,卖盘
10:23:28,4.49,0.0,552,247848,卖盘
10:23:31,4.49,0.0,115,51635,卖盘
10:23:34,4.49,0.0,19,8531,卖盘
10:23:40,4.49,0.0,75,33675,卖盘
10:23:43,4.5,0.01,45,20212,买盘
10:23:46,4.49,-0.01,4,1796,卖盘
10:23:49,4.5,0.01,35,15750,买盘
10:23:52,4.49,-0.01,37,16615,卖盘
10:23:55,4.49,0.0,8,3592,卖盘
10:23:58,4.49,0.0,29,13021,卖盘
10:24:04,4.5,0.01,103,46350,买盘
10:24:10,4.5,0.0,26,11694,买盘
10:24:13,4.5,0.0,65,29250,买盘
10:24:16,4.49,-0.01,287,128880,卖盘
10:24:19,4.49,0.0,106,47658,卖盘
10:24:22,4.5,0.01,98,44100,买盘
10:24:25,4.5,0.0,6,2700,买盘
10:24:28,4.5,0.0,11,4950,买盘
10:24:31,4.49,-0.01,73,32800,卖盘
10:24:34,4.5,0.01,56,25185,买盘
10:24:37,4.5,0.0,4,1800,买盘
10:24:40,4.49,-0.01,756,339448,卖盘
10:24:43,4.5,0.01,3,1350,买盘
10:24:46,4.5,0.0,106,47700,买盘
10:24:49,4.5,0.0,83,37350,买盘
10:24:52,4.5,0.0,118,53090,买盘
10:24:55,4.5,0.0,130,58500,买盘
10:24:58,4.49,-0.01,608,273482,卖盘
10:25:01,4.5,0.01,39,17550,买盘
10:25:04,4.5,0.0,336,151200,买盘
10:25:07,4.5,0.0,859,386550,买盘
10:25:10,4.49,-0.01,205,92093,卖盘
10:25:13,4.5,0.01,68,30600,中性盘
10:25:16,4.49,-0.01,49,22022,卖盘
10:25:19,4.5,0.01,59,26550,买盘
10:25:22,4.5,0.0,26,11700,买盘
10:25:25,4.5,0.0,14,6300,卖盘
10:25:28,4.5,0.0,70,31500,卖盘
10:25:31,4.51,0.01,450,202950,买盘
10:25:34,4.51,0.0,9,4059,卖盘
10:25:37,4.51,0.0,20,9020,卖盘
10:25:40,4.51,0.0,177,80003,卖盘
10:25:43,4.52,0.01,1,452,买盘
10:25:46,4.51,-0.01,674,303975,卖盘
10:25:49,4.5,-0.01,345,155498,卖盘
10:25:52,4.51,0.01,364,164170,买盘
10:25:55,4.51,0.0,95,42845,买盘
10:25:58,4.51,0.0,93,42007,卖盘
10:26:01,4.51,0.0,100,45100,卖盘
10:26:04,4.52,0.01,242,109354,买盘
10:26:07,4.51,-0.01,104,47003,卖盘
10:26:10,4.51,0.0,15,6765,卖盘
10:26:13,4.51,0.0,283,127886,卖盘
10:26:16,4.52,0.01,8,3616,买盘
10:26:19,4.51,-0.01,46,20759,卖盘
10:26:22,4.52,0.01,15,6780,买盘
10:26:25,4.52,0.0,94,42488,买盘
10:26:28,4.52,0.0,30,13535,买盘
10:26:31,4.52,0.0,2,904,买盘
10:26:34,4.52,0.0,30,13560,买盘
10:26:37,4.52,0.0,23,10396,买盘
10:26:40,4.52,0.0,33,14916,买盘
10:26:43,4.52,0.0,227,102475,买盘
10:26:46,4.52,0.0,93,42036,买盘
10:26:49,4.52,0.0,29,13108,买盘
10:26:52,4.52,0.0,20,9040,买盘
10:26:55,4.52,0.0,293,132436,买盘
10:26:58,4.52,0.0,84,37968,买盘
10:27:01,4.52,0.0,128,57856,买盘
10:27:04,4.52,0.0,48,21696,买盘
10:27:07,4.52,0.0,66,29832,买盘
10:27:13,4.51,-0.01,331,149288,卖盘
10:27:16,4.51,0.0,9,4059,买盘
10:27:19,4.51,0.0,34,15334,买盘
10:27:22,4.51,0.0,27,12177,买盘
10:27:25,4.51,0.0,43,19392,买盘
10:27:28,4.51,0.0,55,24769,买盘
10:27:31,4.51,0.0,31,13981,买盘
10:27:34,4.5,-0.01,18,8103,卖盘
10:27:37,4.5,0.0,123,55365,卖盘
10:27:40,4.5,0.0,405,182250,卖盘
10:27:43,4.51,0.01,139,62643,买盘
10:27:46,4.49,-0.02,11,4951,卖盘
10:27:49,4.5,0.01,15,6750,中性盘
10:27:52,4.49,-0.01,37,16613,卖盘
10:27:55,4.5,0.01,64,28777,买盘
10:27:58,4.49,-0.01,56,25144,卖盘
10:28:01,4.5,0.01,70,31480,买盘
10:28:04,4.5,0.0,9,4050,买盘
10:28:10,4.49,-0.01,75,33693,卖盘
10:28:13,4.5,0.01,23,10350,买盘
10:28:19,4.5,0.0,200,90000,买盘
10:28:22,4.5,0.0,7,3150,买盘
10:28:25,4.5,0.0,137,61650,买盘
10:28:28,4.5,0.0,66,29687,买盘
10:28:31,4.5,0.0,116,52200,买盘
10:28:37,4.49,-0.01,127,57025,卖盘
10:28:40,4.49,0.0,20,8982,卖盘
10:28:46,4.5,0.01,2,900,买盘
10:28:49,4.49,-0.01,50,22458,卖盘
10:28:52,4.5,0.01,364,163487,买盘
10:28:55,4.5,0.0,511,229505,买盘
10:28:58,4.49,-0.01,9,4041,卖盘
10:29:01,4.5,0.01,45,20250,买盘
10:29:04,4.5,0.0,15,6750,买盘
10:29:07,4.5,0.0,91,40923,买盘
10:29:10,4.5,0.0,191,85941,买盘
10:29:13,4.5,0.0,17,7650,买盘
10:29:16,4.5,0.0,661,297450,买盘
10:29:19,4.5,0.0,9,4050,卖盘
10:29:22,4.5,0.0,50,22500,卖盘
10:29:25,4.51,0.01,38,17137,买盘
10:29:28,4.5,-0.01,300,135000,卖盘
10:29:31,4.5,0.0,50,22500,卖盘
10:29:34,4.5,0.0,77,34685,卖盘
10:29:37,4.5,0.0,70,31500,卖盘
10:29:40,4.5,0.0,83,37350,买盘
10:29:43,4.5,0.0,28,12600,卖盘
10:29:46,4.5,0.0,37,16650,买盘
10:29:49,4.5,0.0,10,4500,买盘
10:29:52,4.5,0.0,27,12150,买盘
10:29:55,4.5,0.0,45,20250,买盘
10:29:58,4.5,0.0,29,13050,卖盘
10:30:01,4.5,0.0,76,34243,卖盘
10:30:04,4.5,0.0,114,51314,卖盘
10:30:07,4.51,0.01,35,15771,买盘
10:30:10,4.5,-0.01,492,221403,卖盘
10:30:13,4.5,0.0,2,900,买盘
10:30:16,4.5,0.0,271,121950,买盘
10:30:19,4.49,-0.01,2,898,卖盘
10:30:22,4.5,0.01,5,2250,买盘
10:30:25,4.5,0.0,91,40940,买盘
10:30:28,4.49,-0.01,2,899,卖盘
10:30:31,4.49,0.0,2806,1260166,卖盘
10:30:37,4.48,-0.01,337,150976,卖盘
10:30:40,4.48,0.0,1069,479473,卖盘
10:30:43,4.48,0.0,1135,508480,卖盘
10:30:46,4.47,-0.01,2679,1200089,卖盘
10:30:49,4.47,0.0,462,206522,卖盘
10:30:52,4.47,0.0,1245,556515,卖盘
10:30:55,4.46,-0.01,90,40140,卖盘
10:30:58,4.47,0.01,194,86620,买盘
10:31:01,4.46,-0.01,1,446,卖盘
10:31:04,4.46,0.0,2090,932140,卖盘
10:31:07,4.46,0.0,448,199808,卖盘
10:31:10,4.46,0.0,179,79834,卖盘
10:31:13,4.46,0.0,223,99458,卖盘
10:31:16,4.46,0.0,311,138717,卖盘
10:31:19,4.46,0.0,327,145842,卖盘
10:31:25,4.46,0.0,1019,454474,卖盘
10:31:31,4.46,0.0,306,136476,买盘
10:31:34,4.46,0.0,170,75660,买盘
10:31:37,4.45,-0.01,850,378260,卖盘
10:31:40,4.45,0.0,100,44500,卖盘
10:31:43,4.46,0.01,146,64999,买盘
10:31:46,4.45,-0.01,37,16465,卖盘
10:31:49,4.46,0.01,1142,508211,买盘
10:31:52,4.45,-0.01,127,56515,卖盘
10:31:55,4.45,0.0,270,120171,卖盘
10:31:58,4.46,0.01,616,274366,买盘
10:32:01,4.45,-0.01,83,36935,卖盘
10:32:04,4.44,-0.01,3179,1413892,卖盘
10:32:07,4.44,0.0,39,17315,中性盘
10:32:10,4.44,0.0,20,8864,买盘
10:32:13,4.43,-0.01,186,82445,卖盘
10:32:16,4.44,0.01,273,121009,买盘
10:32:19,4.43,-0.01,291,128913,卖盘
10:32:22,4.43,0.0,674,298582,买盘
10:32:25,4.43,0.0,1058,467494,买盘
10:32:28,4.43,0.0,25,11075,卖盘
10:32:31,4.44,0.01,375,166136,买盘
10:32:34,4.43,-0.01,106,46958,中性盘
10:32:40,4.44,0.01,1414,627532,买盘
10:32:43,4.43,-0.01,232,102776,卖盘
10:32:46,4.44,0.01,111,49203,卖盘
10:32:49,4.44,0.0,206,91464,买盘
10:32:52,4.44,0.0,337,149628,卖盘
10:32:55,4.45,0.01,3,1335,买盘
10:32:58,4.44,-0.01,30,13320,卖盘
10:33:01,4.44,0.0,35,15552,卖盘
10:33:04,4.45,0.01,141,62741,买盘
10:33:07,4.44,-0.01,119,52845,卖盘
10:33:10,4.45,0.01,61,27089,买盘
10:33:13,4.45,0.0,20,8900,买盘
10:33:16,4.45,0.0,77,34208,买盘
10:33:19,4.44,-0.01,51,22644,卖盘
10:33:22,4.44,0.0,6,2664,卖盘
10:33:25,4.45,0.01,30,13350,买盘
10:33:28,4.45,0.0,214,95225,买盘
10:33:31,4.45,0.0,10,4450,买盘
10:33:34,4.45,0.0,83,36860,买盘
10:33:37,4.44,-0.01,5116,2257717,卖盘
10:33:40,4.44,0.0,6,2662,买盘
10:33:43,4.44,0.0,2,888,买盘
10:33:46,4.45,0.01,45,20023,买盘
10:33:49,4.43,-0.02,337,149530,卖盘
10:33:52,4.43,0.0,25,11086,卖盘
10:33:55,4.44,0.01,76,33744,买盘
10:33:58,4.44,0.0,5400,2382247,卖盘
10:34:01,4.44,0.0,54,23976,买盘
10:34:04,4.44,0.0,5,2220,买盘
10:34:07,4.43,-0.01,174,77087,卖盘
10:34:10,4.43,0.0,14,6202,买盘
10:34:16,4.43,0.0,61,26998,买盘
10:34:19,4.44,0.01,979,434091,买盘
10:34:22,4.42,-0.02,35,15483,卖盘
10:34:25,4.44,0.02,23,10175,买盘
10:34:28,4.43,-0.01,4,1772,卖盘
10:34:31,4.43,0.0,14,6202,买盘
10:34:34,4.44,0.01,5,2220,买盘
10:34:37,4.44,0.0,7,3108,买盘
10:34:40,4.44,0.0,33,14640,买盘
10:34:43,4.44,0.0,53,23532,买盘
10:34:46,4.44,0.0,50,22200,买盘
10:34:49,4.44,0.0,172,76338,买盘
10:34:52,4.44,0.0,93,41292,买盘
10:34:58,4.44,0.0,32,14210,卖盘
10:35:01,4.44,0.0,70,31125,卖盘
10:35:04,4.45,0.01,1030,458350,买盘
10:35:07,4.45,0.0,1788,796205,买盘
10:35:10,4.46,0.01,33,14750,中性盘
10:35:13,4.45,-0.01,26,11580,卖盘
10:35:16,4.46,0.01,29,12914,买盘
10:35:22,4.46,0.0,125,55750,买盘
10:35:25,4.47,0.01,43,19211,买盘
10:35:28,4.47,0.0,15,6705,买盘
10:35:31,4.47,0.0,53,23691,买盘
10:35:34,4.47,0.0,420,187734,买盘
10:35:37,4.47,0.0,184,82248,卖盘
10:35:40,4.48,0.01,119,53305,买盘
10:35:43,4.48,0.0,53,23744,买盘
10:35:46,4.48,0.0,47,21056,买盘
10:35:49,4.48,0.0,180,80640,买盘
10:35:52,4.48,0.0,17,7616,买盘
10:35:55,4.47,-0.01,529,236497,卖盘
10:35:58,4.48,0.01,438,196119,买盘
10:36:01,4.48,0.0,40,17940,卖盘
10:36:04,4.48,0.0,55,24640,卖盘
10:36:07,4.49,0.01,35,15700,买盘
10:36:10,4.48,-0.01,48,21504,卖盘
10:36:13,4.48,0.0,24,10752,卖盘
10:36:16,4.48,0.0,7,3136,卖盘
10:36:19,4.48,0.0,29,13002,卖盘
10:36:22,4.49,0.01,134,60125,买盘
10:36:25,4.49,0.0,19,8531,买盘
10:36:28,4.49,0.0,51,22899,买盘
10:36:31,4.49,0.0,325,145815,买盘
10:36:34,4.49,0.0,247,110903,买盘
10:36:40,4.48,-0.01,713,319424,卖盘
10:36:43,4.48,0.0,39,17472,买盘
10:36:46,4.48,0.0,26,11648,买盘
10:36:49,4.47,-0.01,169,75675,卖盘
10:36:52,4.48,0.01,10,4480,买盘
10:36:55,4.47,-0.01,436,194892,卖盘
10:36:58,4.47,0.0,163,72861,买盘
10:37:01,4.47,0.0,280,125160,买盘
10:37:04,4.47,0.0,320,143040,卖盘
10:37:07,4.47,0.0,8,3576,卖盘
10:37:10,4.47,0.0,30,13420,卖盘
10:37:13,4.49,0.02,509,228410,买盘
10:37:16,4.47,-0.02,160,71633,卖盘
10:37:19,4.5,0.03,50,22496,买盘
10:37:25,4.5,0.0,11,4950,买盘
10:37:28,4.49,-0.01,38,17032,买盘
10:37:31,4.48,-0.01,36,16128,卖盘
10:37:34,4.49,0.01,92,41308,买盘
10:37:37,4.49,0.0,151,67699,卖盘
10:37:49,4.49,0.0,178,79922,买盘
10:37:52,4.49,0.0,21,9429,卖盘
10:37:55,4.49,0.0,40,17960,卖盘
10:37:58,4.49,0.0,8,3592,卖盘
10:38:01,4.5,0.01,190,85450,买盘
10:38:04,4.5,0.0,34,15300,买盘
10:38:07,4.5,0.0,14,6295,买盘
10:38:10,4.5,0.0,121,54350,买盘
10:38:13,4.49,-0.01,97,43553,卖盘
10:38:19,4.5,0.01,827,371972,买盘
10:38:22,4.49,-0.01,276,124192,卖盘
10:38:25,4.49,0.0,81,36370,买盘
10:38:31,4.5,0.01,158,70910,买盘
10:38:34,4.49,-0.01,13,5837,卖盘
10:38:37,4.5,0.01,225,101233,买盘
10:38:40,4.49,-0.01,59,26500,卖盘
10:38:43,4.5,0.01,40,17995,买盘
10:38:46,4.5,0.0,5,2250,买盘
10:38:49,4.5,0.0,121,54450,买盘
10:38:55,4.5,0.0,29,13050,买盘
10:38:58,4.5,0.0,63,28350,买盘
10:39:01,4.5,0.0,56,25182,买盘
10:39:07,4.5,0.0,2,900,买盘
10:39:10,4.5,0.0,50,22500,买盘
10:39:22,4.49,-0.01,1377,618308,卖盘
10:39:25,4.49,0.0,33,14804,买盘
10:39:28,4.5,0.01,30,13477,买盘
10:39:31,4.49,-0.01,5,2245,买盘
10:39:34,4.49,0.0,10,4490,买盘
10:39:40,4.49,0.0,1,449,买盘
10:39:43,4.48,-0.01,11,4929,卖盘
10:39:46,4.49,0.01,12,5388,买盘
10:39:49,4.49,0.0,82,36816,买盘
10:39:52,4.49,0.0,20,8980,买盘
10:39:55,4.48,-0.01,31,13889,卖盘
10:39:58,4.49,0.01,213,95637,买盘
10:40:01,4.49,0.0,39,17511,卖盘
10:40:04,4.49,0.0,1,449,买盘
10:40:07,4.48,-0.01,100,44800,卖盘
10:40:10,4.48,0.0,76,34098,卖盘
10:40:13,4.48,0.0,1,448,卖盘
10:40:16,4.48,0.0,211,94528,卖盘
10:40:19,4.48,0.0,1,448,买盘
10:40:25,4.47,-0.01,100,44700,卖盘
10:40:28,4.47,0.0,210,93880,卖盘
10:40:31,4.48,0.01,18,8052,买盘
10:40:34,4.48,0.0,21,9408,买盘
10:40:37,4.48,0.0,14,6267,买盘
10:40:40,4.47,-0.01,49,21905,卖盘
10:40:43,4.48,0.01,34,15212,买盘
10:40:46,4.48,0.0,99,44347,买盘
10:40:49,4.48,0.0,135,60480,卖盘
10:40:52,4.47,-0.01,351,156897,卖盘
10:40:55,4.47,0.0,5,2235,卖盘
10:40:58,4.48,0.01,4,1791,买盘
10:41:01,4.47,-0.01,1090,487230,卖盘
10:41:04,4.47,0.0,32,14304,买盘
10:41:07,4.46,-0.01,30,13380,卖盘
10:41:13,4.47,0.01,9,4023,买盘
10:41:19,4.47,0.0,15,6695,买盘
10:41:22,4.46,-0.01,1,446,卖盘
10:41:25,4.46,0.0,207,92322,卖盘
10:41:31,4.47,0.01,32,14273,买盘
10:41:40,4.46,-0.01,10,4460,卖盘
10:41:43,4.47,0.01,3,1341,买盘
10:41:46,4.46,-0.01,4,1784,卖盘
10:41:49,4.47,0.01,15,6705,买盘
10:41:52,4.47,0.0,2,894,买盘
10:41:55,4.46,-0.01,13,5799,卖盘
10:41:58,4.46,0.0,278,123988,卖盘
10:42:01,4.47,0.01,141,63027,买盘
10:42:07,4.46,-0.01,2,892,卖盘
10:42:10,4.47,0.01,200,89400,买盘
10:42:13,4.47,0.0,23,10281,买盘
10:42:16,4.46,-0.01,55,24580,卖盘
10:42:19,4.47,0.01,1,447,买盘
10:42:22,4.47,0.0,1,447,买盘
10:42:25,4.47,0.0,140,62580,买盘
10:42:28,4.47,0.0,7,3129,买盘
10:42:31,4.47,0.0,171,76407,买盘
10:42:34,4.46,-0.01,20,8937,卖盘
10:42:37,4.47,0.01,140,62580,买盘
10:42:40,4.47,0.0,10,4470,买盘
10:42:43,4.47,0.0,141,63026,买盘
10:42:46,4.47,0.0,4,1788,买盘
10:42:49,4.47,0.0,166,74202,买盘
10:42:52,4.46,-0.01,68,30347,卖盘
10:42:58,4.48,0.02,31,13888,买盘
10:43:01,4.48,0.0,22,9849,买盘
10:43:04,4.48,0.0,10,4480,买盘
10:43:07,4.47,-0.01,3,1341,卖盘
10:43:10,4.48,0.01,10,4480,买盘
10:43:13,4.48,0.0,3,1344,买盘
10:43:16,4.48,0.0,2,896,买盘
10:43:19,4.48,0.0,4,1792,买盘
10:43:22,4.48,0.0,66,29568,买盘
10:43:28,4.47,-0.01,40,17880,卖盘
10:43:31,4.47,0.0,26,11630,卖盘
10:43:37,4.47,0.0,2,894,卖盘
10:43:43,4.48,0.01,31,13888,买盘
10:43:49,4.48,0.0,1,448,买盘
10:43:52,4.48,0.0,15,6720,买盘
10:43:55,4.47,-0.01,40,17890,卖盘
10:44:01,4.48,0.01,30,13440,买盘
10:44:04,4.47,-0.01,100,44700,卖盘
10:44:10,4.47,0.0,5,2235,卖盘
10:44:13,4.47,0.0,20,8945,卖盘
10:44:16,4.47,0.0,3,1341,卖盘
10:44:25,4.48,0.01,154,68849,买盘
10:44:28,4.47,-0.01,110,49171,卖盘
10:44:31,4.47,0.0,6,2682,买盘
10:44:34,4.47,0.0,5,2235,买盘
10:44:37,4.46,-0.01,1,446,卖盘
10:44:40,4.47,0.01,59,26373,买盘
10:44:43,4.47,0.0,18,8046,买盘
10:44:46,4.46,-0.01,41,18286,卖盘
10:44:49,4.46,0.0,7,3126,卖盘
10:44:52,4.46,0.0,62,27654,卖盘
10:44:55,4.47,0.01,7,3129,买盘
10:44:58,4.47,0.0,39,17433,买盘
10:45:01,4.48,0.01,5,2238,买盘
10:45:04,4.46,-0.02,82,36597,卖盘
10:45:16,4.47,0.01,119,53193,卖盘
10:45:25,4.47,0.0,13,5809,买盘
10:45:28,4.46,-0.01,1286,573785,卖盘
10:45:37,4.47,0.01,23,10281,买盘
10:45:40,4.47,0.0,3,1341,买盘
10:45:46,4.47,0.0,611,272574,买盘
10:45:49,4.47,0.0,22,9834,买盘
10:45:55,4.47,0.0,1,447,买盘
10:45:58,4.47,0.0,1,447,买盘
10:46:01,4.47,0.0,12,5364,买盘
10:46:04,4.47,0.0,40,17878,买盘
10:46:07,4.47,0.0,1,447,买盘
10:46:13,4.47,0.0,15,6705,买盘
10:46:19,4.47,0.0,24,10728,买盘
10:46:22,4.47,0.0,11,4917,买盘
10:46:28,4.46,-0.01,1110,495060,卖盘
10:46:31,4.46,0.0,110,49060,买盘
10:46:34,4.46,0.0,170,75820,买盘
10:46:37,4.46,0.0,12,5352,买盘
10:46:40,4.46,0.0,10,4460,买盘
10:46:43,4.46,0.0,141,62886,买盘
10:46:49,4.46,0.0,168,74928,买盘
10:46:52,4.46,0.0,47,20962,买盘
10:46:55,4.46,0.0,217,96782,买盘
10:46:58,4.46,0.0,5,2230,买盘
10:47:01,4.46,0.0,197,87862,买盘
10:47:10,4.46,0.0,9,4014,买盘
10:47:13,4.46,0.0,16,7136,买盘
10:47:19,4.45,-0.01,18,8010,卖盘
10:47:22,4.46,0.01,249,111054,买盘
10:47:25,4.46,0.0,143,63778,卖盘
10:47:28,4.46,0.0,54,24084,卖盘
10:47:31,4.47,0.01,1,447,买盘
10:47:34,4.47,0.0,1308,584398,买盘
10:47:37,4.46,-0.01,6,2678,卖盘
10:47:40,4.48,0.02,642,287289,买盘
10:47:43,4.49,0.01,340,152630,买盘
10:47:46,4.49,0.0,122,54778,中性盘
10:47:49,4.49,0.0,10,4490,买盘
10:47:55,4.49,0.0,46,20654,买盘
10:47:58,4.49,0.0,9,4041,买盘
10:48:01,4.49,0.0,2,898,买盘
10:48:04,4.49,0.0,18,8082,买盘
10:48:07,4.49,0.0,252,113148,买盘
10:48:13,4.5,0.01,51,22950,买盘
10:48:16,4.5,0.0,43,19336,买盘
10:48:19,4.5,0.0,49,22050,买盘
10:48:22,4.5,0.0,141,63450,买盘
10:48:25,4.5,0.0,6,2700,买盘
10:48:28,4.49,-0.01,13,5842,卖盘
10:48:31,4.49,0.0,531,238422,卖盘
10:48:34,4.49,0.0,65,29197,中性盘
10:48:37,4.5,0.01,165,74149,买盘
10:48:40,4.49,-0.01,324,145217,中性盘
10:48:43,4.49,0.0,9,4041,卖盘
10:48:46,4.49,0.0,9,4041,买盘
10:48:49,4.49,0.0,10,4490,买盘
10:48:52,4.49,0.0,81,36369,买盘
10:48:55,4.49,0.0,52,23348,买盘
10:48:58,4.49,0.0,11,4939,买盘
10:49:01,4.49,0.0,100,44900,买盘
10:49:04,4.49,0.0,19,8531,买盘
10:49:07,4.48,-0.01,74,33152,卖盘
10:49:10,4.48,0.0,30,13440,买盘
10:49:13,4.48,0.0,76,34048,买盘
10:49:16,4.48,0.0,10,4480,买盘
10:49:19,4.48,0.0,3,1344,卖盘
10:49:22,4.49,0.01,30,13470,买盘
10:49:37,4.49,0.0,156,70044,买盘
10:49:43,4.49,0.0,11,4939,买盘
10:49:49,4.49,0.0,1,449,买盘
10:49:52,4.49,0.0,446,200244,买盘
10:49:55,4.49,0.0,6,2694,卖盘
10:50:01,4.5,0.01,8,3600,买盘
10:50:04,4.49,-0.01,19,8531,卖盘
10:50:10,4.49,0.0,11,4949,卖盘
10:50:13,4.5,0.01,4,1799,买盘
10:50:16,4.5,0.0,46,20700,买盘
10:50:19,4.5,0.0,11,4950,买盘
10:50:22,4.49,-0.01,2,899,卖盘
10:50:25,4.5,0.01,66,29700,买盘
10:50:34,4.5,0.0,4,1800,买盘
10:50:37,4.49,-0.01,2,899,卖盘
10:50:43,4.5,0.01,2,900,买盘
10:50:46,4.49,-0.01,2,898,卖盘
10:50:49,4.49,0.0,166,74534,卖盘
10:50:52,4.49,0.0,9,4041,买盘
10:50:55,4.49,0.0,20,8980,买盘
10:50:58,4.49,0.0,67,30083,买盘
10:51:01,4.49,0.0,53,23797,买盘
10:51:04,4.49,0.0,19,8531,买盘
10:51:07,4.49,0.0,8,3592,买盘
10:51:22,4.49,0.0,50,22450,买盘
10:51:25,4.49,0.0,30,13450,买盘
10:51:28,4.49,0.0,2,898,买盘
10:51:34,4.49,0.0,10,4490,买盘
10:51:43,4.49,0.0,23,10327,买盘
10:51:46,4.49,0.0,11,4939,买盘
10:51:52,4.49,0.0,23,10327,买盘
10:51:55,4.49,0.0,3,1347,买盘
10:51:58,4.49,0.0,4,1796,买盘
10:52:01,4.49,0.0,10,4490,买盘
10:52:07,4.49,0.0,2,898,买盘
10:52:10,4.49,0.0,53,23797,买盘
10:52:19,4.49,0.0,54,24246,买盘
10:52:22,4.48,-0.01,45,20160,卖盘
10:52:25,4.49,0.01,152,68248,买盘
10:52:34,4.49,0.0,24,10762,买盘
10:52:40,4.49,0.0,65,29175,买盘
10:52:46,4.48,-0.01,13,5825,卖盘
10:52:49,4.48,0.0,27,12099,卖盘
10:52:58,4.48,0.0,2,896,卖盘
10:53:01,4.49,0.01,129,57921,买盘
10:53:07,4.48,-0.01,50,22400,卖盘
10:53:10,4.49,0.01,21,9429,买盘
10:53:13,4.48,-0.01,16,7174,卖盘
10:53:16,4.49,0.01,503,225844,买盘
10:53:19,4.49,0.0,116,52084,买盘
10:53:22,4.49,0.0,253,113483,卖盘
10:53:25,4.49,0.0,5,2245,卖盘
10:53:28,4.49,0.0,24,10776,卖盘
10:53:31,4.5,0.01,52,23371,买盘
10:53:34,4.49,-0.01,1,449,卖盘
10:53:40,4.5,0.01,27,12150,买盘
10:53:46,4.5,0.0,575,258750,买盘
10:53:49,4.5,0.0,25,11250,买盘
10:53:52,4.5,0.0,32,14400,买盘
10:53:55,4.5,0.0,179,80550,买盘
10:53:58,4.5,0.0,19,8550,买盘
10:54:01,4.5,0.0,13,5850,买盘
10:54:04,4.5,0.0,46,20697,买盘
10:54:07,4.5,0.0,54,24300,买盘
10:54:10,4.5,0.0,58,26100,买盘
10:54:13,4.5,0.0,45,20250,买盘
10:54:16,4.49,-0.01,100,44978,卖盘
10:54:19,4.5,0.01,1,450,买盘
10:54:22,4.5,0.0,2,900,买盘
10:54:25,4.5,0.0,25,11250,买盘
10:54:28,4.5,0.0,10,4500,买盘
10:54:31,4.5,0.0,101,45450,买盘
10:54:34,4.5,0.0,111,49950,卖盘
10:54:37,4.51,0.01,219,98683,买盘
10:54:40,4.5,-0.01,15,6750,中性盘
10:54:43,4.51,0.01,74,33374,买盘
10:54:46,4.51,0.0,2,902,买盘
10:54:49,4.51,0.0,98,44198,买盘
10:54:52,4.5,-0.01,19,8557,卖盘
10:54:58,4.51,0.01,43,19393,买盘
10:55:01,4.51,0.0,4,1804,买盘
10:55:04,4.51,0.0,5,2253,买盘
10:55:07,4.5,-0.01,3,1350,卖盘
10:55:10,4.51,0.01,11,4961,买盘
10:55:13,4.5,-0.01,7,3150,卖盘
10:55:16,4.5,0.0,54,24300,卖盘
10:55:19,4.5,0.0,40,18000,卖盘
10:55:22,4.5,0.0,953,428855,卖盘
10:55:25,4.5,0.0,11,4950,买盘
10:55:28,4.5,0.0,98,44100,买盘
10:55:31,4.5,0.0,197,88510,买盘
10:55:34,4.5,0.0,139,62550,买盘
10:55:46,4.5,0.0,20,9000,买盘
10:55:49,4.48,-0.02,197,88422,卖盘
10:55:52,4.48,0.0,3,1344,卖盘
10:55:58,4.48,0.0,2,897,卖盘
10:56:04,4.48,0.0,1,448,卖盘
10:56:10,4.48,0.0,2,896,卖盘
10:56:13,4.48,0.0,13,5824,卖盘
10:56:16,4.48,0.0,55,24640,卖盘
10:56:19,4.48,0.0,22,9856,卖盘
10:56:22,4.49,0.01,30,13470,买盘
10:56:25,4.49,0.0,8,3592,买盘
10:56:31,4.49,0.0,2,898,买盘
10:56:34,4.48,-0.01,12,5378,卖盘
10:56:43,4.48,0.0,10,4481,卖盘
10:56:46,4.49,0.01,13,5825,买盘
10:56:49,4.48,-0.01,14,6272,卖盘
10:56:52,4.48,0.0,189,84672,卖盘
10:56:55,4.48,0.0,145,64960,卖盘
10:56:58,4.49,0.01,21,9410,买盘
10:57:07,4.48,-0.01,14,6274,卖盘
10:57:22,4.48,0.0,7,3136,卖盘
10:57:28,4.49,0.01,6,2694,买盘
10:57:31,4.49,0.0,1,449,买盘
10:57:40,4.49,0.0,11,4939,买盘
10:57:46,4.49,0.0,39,17511,买盘
10:57:52,4.49,0.0,2,898,买盘
10:57:55,4.49,0.0,20,8980,买盘
10:58:01,4.49,0.0,514,230386,买盘
10:58:04,4.49,0.0,150,67350,买盘
10:58:07,4.49,0.0,1,449,买盘
10:58:10,4.49,0.0,104,46696,买盘
10:58:13,4.49,0.0,5,2245,买盘
10:58:16,4.49,0.0,1,449,买盘
10:58:19,4.49,0.0,1,449,买盘
10:58:22,4.48,-0.01,118,52886,卖盘
10:58:25,4.48,0.0,72,32256,买盘
10:58:28,4.48,0.0,2,896,买盘
10:58:31,4.48,0.0,3,1344,买盘
10:58:34,4.48,0.0,17,7616,卖盘
10:58:37,4.48,0.0,8,3584,买盘
10:58:40,4.48,0.0,75,33600,买盘
10:58:46,4.48,0.0,2,896,买盘
10:58:49,4.48,0.0,100,44800,买盘
10:58:55,4.48,0.0,56,25088,买盘
10:58:58,4.48,0.0,9,4032,买盘
10:59:04,4.48,0.0,5,2240,买盘
10:59:13,4.48,0.0,202,90496,买盘
10:59:16,4.48,0.0,1,448,买盘
10:59:28,4.48,0.0,81,36288,买盘
10:59:31,4.48,0.0,5,2240,买盘
10:59:34,4.48,0.0,1,448,买盘
10:59:40,4.48,0.0,41,18368,买盘
10:59:58,4.48,0.0,72,32256,卖盘
11:00:01,4.48,0.0,13,5824,卖盘
11:00:07,4.49,0.01,1,449,买盘
11:00:10,4.49,0.0,3,1347,买盘
11:00:13,4.48,-0.01,1,448,卖盘
11:00:16,4.49,0.01,1,449,买盘
11:00:19,4.49,0.0,2,898,买盘
11:00:28,4.49,0.0,51,22898,买盘
11:00:31,4.49,0.0,60,26940,买盘
11:00:37,4.49,0.0,197,88453,买盘
11:00:40,4.49,0.0,111,49839,买盘
11:00:43,4.49,0.0,12,5388,买盘
11:00:46,4.49,0.0,11,4939,买盘
11:00:52,4.49,0.0,1,449,买盘
11:00:55,4.49,0.0,10,4490,买盘
11:00:58,4.48,-0.01,15,6720,卖盘
11:01:01,4.49,0.01,23,10327,买盘
11:01:04,4.49,0.0,494,221412,买盘
11:01:07,4.48,-0.01,11,4928,卖盘
11:01:13,4.49,0.01,30,13470,买盘
11:01:22,4.48,-0.01,149,66825,卖盘
11:01:28,4.49,0.01,72,32328,买盘
11:01:31,4.49,0.0,128,57472,买盘
11:01:34,4.49,0.0,3,1347,买盘
11:01:37,4.49,0.0,42,18856,买盘
11:01:40,4.49,0.0,58,26042,买盘
11:01:43,4.49,0.0,11,4939,买盘
11:01:46,4.49,0.0,458,205642,买盘
11:01:49,4.49,0.0,3,1347,买盘
11:01:52,4.49,0.0,15,6735,买盘
11:01:58,4.49,0.0,35,15715,买盘
11:02:01,4.49,0.0,188,84412,买盘
11:02:04,4.49,0.0,18,8082,卖盘
11:02:07,4.5,0.01,1,450,买盘
11:02:16,4.5,0.0,10,4500,买盘
11:02:22,4.49,-0.01,5,2245,卖盘
11:02:25,4.49,0.0,106,47600,卖盘
11:02:28,4.49,0.0,73,32777,卖盘
11:02:31,4.49,0.0,32,14368,买盘
11:02:34,4.49,0.0,54,24246,买盘
11:02:40,4.49,0.0,5,2245,买盘
11:02:43,4.49,0.0,60,26940,买盘
11:02:46,4.49,0.0,143,64207,买盘
11:02:52,4.49,0.0,49,22001,买盘
11:02:55,4.49,0.0,8,3592,买盘
11:02:58,4.49,0.0,6,2694,买盘
11:03:01,4.49,0.0,8,3592,买盘
11:03:10,4.49,0.0,6,2694,买盘
11:03:13,4.49,0.0,4,1796,买盘
11:03:16,4.49,0.0,1,449,买盘
11:03:19,4.49,0.0,22,9878,买盘
11:03:22,4.49,0.0,2,898,买盘
11:03:28,4.48,-0.01,51,22898,卖盘
11:03:34,4.49,0.01,5,2245,买盘
11:03:40,4.49,0.0,3,1347,买盘
11:03:43,4.49,0.0,100,44900,买盘
11:03:49,4.49,0.0,5,2245,买盘
11:03:55,4.49,0.0,55,24660,买盘
11:03:58,4.49,0.0,8,3592,买盘
11:04:01,4.49,0.0,3,1347,买盘
11:04:04,4.49,0.0,10,4490,买盘
11:04:07,4.48,-0.01,34,15236,卖盘
11:04:10,4.49,0.01,23,10327,买盘
11:04:16,4.49,0.0,5,2245,买盘
11:04:19,4.48,-0.01,7,3136,卖盘
11:04:22,4.48,0.0,66,29568,卖盘
11:04:25,4.48,0.0,6,2688,卖盘
11:04:31,4.48,0.0,210,94080,卖盘
11:04:34,4.47,-0.01,593,265641,卖盘
11:04:40,4.48,0.01,41,18368,买盘
11:04:46,4.47,-0.01,40,17880,卖盘
11:04:49,4.47,0.0,23,10281,卖盘
11:04:52,4.47,0.0,13,5811,卖盘
11:04:58,4.47,0.0,37,16575,卖盘
11:05:01,4.47,0.0,14,6258,卖盘
11:05:04,4.47,0.0,223,99681,卖盘
11:05:07,4.47,0.0,1185,529695,卖盘
11:05:10,4.47,0.0,75,33525,卖盘
11:05:13,4.47,0.0,75,33525,卖盘
11:05:19,4.46,-0.01,10,4465,卖盘
11:05:22,4.47,0.01,55,24532,买盘
11:05:25,4.47,0.0,9,4023,买盘
11:05:34,4.47,0.0,2,894,买盘
11:05:37,4.46,-0.01,40,17842,卖盘
11:05:40,4.47,0.01,30,13410,买盘
11:05:43,4.46,-0.01,117,52182,卖盘
11:05:46,4.46,0.0,204,90984,卖盘
11:05:49,4.46,0.0,2,892,卖盘
11:06:01,4.46,0.0,16,7136,卖盘
11:06:04,4.46,0.0,10,4460,卖盘
11:06:07,4.47,0.01,1,447,买盘
11:06:10,4.46,-0.01,117,52182,卖盘
11:06:16,4.46,0.0,10,4460,卖盘
11:06:22,4.46,0.0,23,10269,卖盘
11:06:25,4.47,0.01,71,31667,买盘
11:06:28,4.46,-0.01,27,12042,卖盘
11:06:31,4.46,0.0,581,259127,卖盘
11:06:34,4.46,0.0,343,152978,卖盘
11:06:37,4.46,0.0,51,22746,买盘
11:06:43,4.46,0.0,11,4906,买盘
11:06:46,4.46,0.0,2,892,买盘
11:06:49,4.46,0.0,14,6244,买盘
11:06:52,4.46,0.0,50,22300,买盘
11:06:55,4.45,-0.01,42,18690,卖盘
11:06:58,4.46,0.01,54,24084,买盘
11:07:01,4.46,0.0,20,8920,买盘
11:07:10,4.46,0.0,5,2230,买盘
11:07:13,4.46,0.0,169,75374,买盘
11:07:19,4.46,0.0,32,14272,买盘
11:07:22,4.46,0.0,33,14718,买盘
11:07:25,4.46,0.0,14,6244,卖盘
11:07:31,4.47,0.01,93,41571,买盘
11:07:40,4.47,0.0,17,7599,买盘
11:07:46,4.47,0.0,4,1788,买盘
11:07:49,4.47,0.0,6,2682,买盘
11:07:52,4.47,0.0,20,8940,买盘
11:07:55,4.47,0.0,3,1341,买盘
11:07:58,4.46,-0.01,1,446,卖盘
11:08:07,4.47,0.01,200,89400,买盘
11:08:10,4.46,-0.01,5,2230,卖盘
11:08:25,4.46,0.0,50,22300,卖盘
11:08:31,4.47,0.01,7,3129,买盘
11:08:37,4.47,0.0,7,3129,买盘
11:08:43,4.47,0.0,34,15198,买盘
11:08:49,4.46,-0.01,1,446,卖盘
11:08:52,4.46,0.0,5,2233,卖盘
11:08:55,4.47,0.01,15,6705,买盘
11:08:58,4.46,-0.01,34,15164,卖盘
11:09:16,4.47,0.01,1,447,买盘
11:09:19,4.47,0.0,13,5811,买盘
11:09:22,4.47,0.0,55,24549,买盘
11:09:28,4.47,0.0,4,1787,买盘
11:09:34,4.47,0.0,2,894,买盘
11:09:37,4.47,0.0,116,51852,买盘
11:09:43,4.47,0.0,2,894,买盘
11:09:46,4.47,0.0,87,38851,买盘
11:09:49,4.47,0.0,56,25017,买盘
11:09:52,4.47,0.0,6,2682,买盘
11:09:55,4.47,0.0,33,14751,买盘
11:10:01,4.47,0.0,206,92022,买盘
11:10:10,4.47,0.0,10,4470,买盘
11:10:22,4.47,0.0,231,103257,买盘
11:10:25,4.47,0.0,4,1788,买盘
11:10:28,4.47,0.0,25,11175,买盘
11:10:31,4.47,0.0,79,35313,买盘
11:10:34,4.47,0.0,3,1341,买盘
11:10:37,4.47,0.0,1,447,买盘
11:10:40,4.47,0.0,53,23690,买盘
11:10:43,4.47,0.0,62,27654,买盘
11:10:46,4.47,0.0,22,9834,买盘
11:10:49,4.47,0.0,57,25479,买盘
11:10:52,4.48,0.01,101,45247,买盘
11:10:58,4.47,-0.01,8,3576,卖盘
11:11:04,4.48,0.01,1,448,买盘
11:11:13,4.48,0.0,2,896,买盘
11:11:16,4.47,-0.01,5,2235,卖盘
11:11:19,4.47,0.0,59,26374,卖盘
11:11:22,4.47,0.0,530,236910,卖盘
11:11:25,4.47,0.0,76,33972,卖盘
11:11:28,4.47,0.0,130,58086,买盘
11:11:31,4.47,0.0,94,42018,买盘
11:11:34,4.47,0.0,200,89400,买盘
11:11:37,4.46,-0.01,22,9816,卖盘
11:11:40,4.47,0.01,3,1341,买盘
11:11:49,4.47,0.0,2,894,买盘
11:11:52,4.47,0.0,3,1341,买盘
11:12:01,4.47,0.0,5,2235,买盘
11:12:04,4.47,0.0,5,2235,买盘
11:12:07,4.47,0.0,10,4470,买盘
11:12:10,4.47,0.0,65,29055,买盘
11:12:13,4.47,0.0,11,4917,买盘
11:12:16,4.47,0.0,21,9387,买盘
11:12:19,4.47,0.0,4,1788,买盘
11:12:22,4.47,0.0,70,31290,买盘
11:12:28,4.46,-0.01,1,446,卖盘
11:12:43,4.46,0.0,14,6244,卖盘
11:12:49,4.46,0.0,10,4460,卖盘
11:12:52,4.47,0.01,1,447,买盘
11:12:58,4.46,-0.01,17,7582,卖盘
11:13:01,4.47,0.01,23,10281,买盘
11:13:04,4.47,0.0,8,3576,买盘
11:13:07,4.47,0.0,10,4470,买盘
11:13:16,4.47,0.0,44,19662,买盘
11:13:19,4.46,-0.01,37,16525,卖盘
11:13:22,4.46,0.0,44,19624,卖盘
11:13:28,4.46,0.0,7,3122,卖盘
11:13:31,4.46,0.0,7,3122,卖盘
11:13:34,4.47,0.01,5,2235,买盘
11:13:40,4.47,0.0,16,7152,买盘
11:13:43,4.46,-0.01,30,13380,卖盘
11:13:46,4.47,0.01,2,894,买盘
11:13:49,4.47,0.0,15,6705,买盘
11:13:58,4.47,0.0,1,447,买盘
11:14:07,4.46,-0.01,10,4460,卖盘
11:14:13,4.47,0.01,14,6252,买盘
11:14:22,4.47,0.0,78,34800,买盘
11:14:25,4.46,-0.01,30,13380,卖盘
11:14:28,4.47,0.01,107,47829,买盘
11:14:31,4.46,-0.01,23,10258,卖盘
11:14:37,4.46,0.0,47,20962,卖盘
11:14:55,4.47,0.01,17,7599,买盘
11:15:01,4.46,-0.01,20,8920,卖盘
11:15:04,4.47,0.01,95,42465,买盘
11:15:10,4.47,0.0,1,447,买盘
11:15:16,4.47,0.0,16,7152,买盘
11:15:22,4.47,0.0,40,17842,买盘
11:15:25,4.47,0.0,4,1788,买盘
11:15:28,4.46,-0.01,1,446,卖盘
11:15:34,4.47,0.01,46,20562,买盘
11:15:40,4.47,0.0,20,8940,买盘
11:15:43,4.47,0.0,220,98140,买盘
11:15:46,4.47,0.0,5,2235,买盘
11:15:52,4.47,0.0,2,894,买盘
11:15:55,4.47,0.0,8,3576,买盘
11:15:58,4.47,0.0,63,28161,买盘
11:16:04,4.47,0.0,301,134547,买盘
11:16:07,4.47,0.0,1,447,买盘
11:16:13,4.47,0.0,116,51852,买盘
11:16:16,4.47,0.0,4,1788,买盘
11:16:19,4.47,0.0,38,16972,买盘
11:16:22,4.47,0.0,293,130890,买盘
11:16:25,4.47,0.0,4,1788,买盘
11:16:28,4.47,0.0,40,17880,买盘
11:16:34,4.47,0.0,1,447,买盘
11:16:40,4.47,0.0,34,15198,买盘
11:16:43,4.47,0.0,58,25926,买盘
11:16:52,4.47,0.0,1,447,买盘
11:16:55,4.47,0.0,12,5364,买盘
11:16:58,4.47,0.0,30,13410,买盘
11:17:04,4.47,0.0,571,255225,买盘
11:17:07,4.47,0.0,56,25032,买盘
11:17:10,4.47,0.0,15,6705,买盘
11:17:13,4.47,0.0,43,19221,买盘
11:17:16,4.47,0.0,83,37091,买盘
11:17:19,4.47,0.0,14,6258,买盘
11:17:22,4.47,0.0,36,16092,买盘
11:17:25,4.47,0.0,1,447,买盘
11:17:28,4.47,0.0,5,2235,买盘
11:17:31,4.47,0.0,24,10728,买盘
11:17:34,4.47,0.0,20,8940,买盘
11:17:43,4.46,-0.01,83,37065,卖盘
11:17:46,4.47,0.01,5,2235,买盘
11:17:49,4.46,-0.01,36,16084,卖盘
11:17:52,4.47,0.01,9,4015,买盘
11:17:58,4.47,0.0,30,13410,买盘
11:18:01,4.47,0.0,287,128289,买盘
11:18:04,4.47,0.0,218,97446,卖盘
11:18:07,4.47,0.0,110,49170,买盘
11:18:10,4.47,0.0,2,894,买盘
11:18:16,4.46,-0.01,103,45963,卖盘
11:18:19,4.46,0.0,101,45061,卖盘
11:18:22,4.46,0.0,28,12488,卖盘
11:18:28,4.46,0.0,1,446,卖盘
11:18:31,4.46,0.0,6,2677,卖盘
11:18:34,4.46,0.0,42,18744,卖盘
11:18:37,4.47,0.01,24,10728,买盘
11:18:40,4.47,0.0,1,447,买盘
11:18:46,4.47,0.0,10,4470,买盘
11:18:49,4.47,0.0,256,114432,买盘
11:18:52,4.47,0.0,497,222159,买盘
11:18:55,4.46,-0.01,29,12949,卖盘
11:18:58,4.47,0.01,47,21009,买盘
11:19:01,4.47,0.0,69,30843,买盘
11:19:10,4.47,0.0,10,4470,买盘
11:19:19,4.47,0.0,7,3129,买盘
11:19:22,4.47,0.0,19,8493,买盘
11:19:25,4.47,0.0,30,13410,买盘
11:19:31,4.47,0.0,371,165837,买盘
11:19:34,4.47,0.0,29,12963,卖盘
11:19:37,4.47,0.0,21,9387,卖盘
11:19:40,4.47,0.0,27,12069,卖盘
11:19:43,4.48,0.01,1,448,买盘
11:19:52,4.48,0.0,1,448,买盘
11:20:01,4.47,-0.01,20,8940,卖盘
11:20:04,4.48,0.01,10,4480,买盘
11:20:07,4.48,0.0,60,26870,买盘
11:20:10,4.48,0.0,21,9408,买盘
11:20:16,4.48,0.0,5,2240,买盘
11:20:19,4.48,0.0,47,21056,买盘
11:20:22,4.48,0.0,7,3136,买盘
11:20:28,4.48,0.0,27,12096,买盘
11:20:31,4.48,0.0,16,7168,买盘
11:20:34,4.48,0.0,1975,884800,买盘
11:20:37,4.48,0.0,22,9856,卖盘
11:20:40,4.48,0.0,62,27776,卖盘
11:20:43,4.48,0.0,91,40768,买盘
11:20:46,4.48,0.0,8,3584,买盘
11:20:49,4.48,0.0,24,10752,买盘
11:20:55,4.48,0.0,13,5824,买盘
11:20:58,4.48,0.0,30,13440,买盘
11:21:01,4.48,0.0,42,18816,买盘
11:21:07,4.48,0.0,55,24640,买盘
11:21:10,4.48,0.0,215,96320,买盘
11:21:16,4.48,0.0,20,8960,卖盘
11:21:22,4.48,0.0,27,12096,卖盘
11:21:28,4.48,0.0,1,448,卖盘
11:21:37,4.49,0.01,10,4490,买盘
11:21:43,4.49,0.0,5,2245,买盘
11:21:52,4.48,-0.01,1,448,卖盘
11:21:55,4.48,0.0,14,6276,卖盘
11:21:58,4.48,0.0,99,44355,卖盘
11:22:01,4.48,0.0,94,42112,卖盘
11:22:04,4.49,0.01,5,2245,买盘
11:22:07,4.48,-0.01,2,896,卖盘
11:22:10,4.48,0.0,11,4928,卖盘
11:22:13,4.48,0.0,1012,453383,卖盘
11:22:16,4.48,0.0,47,21056,卖盘
11:22:19,4.47,-0.01,15,6706,卖盘
11:22:22,4.48,0.01,52,23296,买盘
11:22:25,4.48,0.0,26,11628,买盘
11:22:31,4.48,0.0,2,896,买盘
11:22:34,4.48,0.0,105,46957,买盘
11:22:37,4.48,0.0,6,2684,买盘
11:22:40,4.48,0.0,4,1792,买盘
11:22:43,4.48,0.0,15,6720,买盘
11:22:46,4.48,0.0,210,94073,买盘
11:22:49,4.48,0.0,65,29120,买盘
11:22:55,4.48,0.0,102,45696,买盘
11:23:01,4.48,0.0,6,2688,买盘
11:23:07,4.48,0.0,27,12093,买盘
11:23:13,4.47,-0.01,14,6264,卖盘
11:23:16,4.48,0.01,45,20160,买盘
11:23:19,4.48,0.0,16,7168,买盘
11:23:22,4.47,-0.01,35,15645,卖盘
11:23:25,4.48,0.01,55,24596,买盘
11:23:34,4.48,0.0,210,94080,买盘
11:23:37,4.48,0.0,84,37632,买盘
11:23:40,4.48,0.0,70,31360,买盘
11:23:46,4.47,-0.01,31,13862,卖盘
11:23:49,4.47,0.0,43,19234,卖盘
11:23:55,4.48,0.01,6,2688,买盘
11:23:58,4.48,0.0,10,4480,买盘
11:24:01,4.48,0.0,77,34496,买盘
11:24:07,4.48,0.0,2,896,买盘
11:24:10,4.48,0.0,6,2688,买盘
11:24:13,4.48,0.0,143,64064,买盘
11:24:16,4.48,0.0,20,8960,买盘
11:24:22,4.48,0.0,73,32704,买盘
11:24:25,4.47,-0.01,40,17880,卖盘
11:24:28,4.47,0.0,1,447,卖盘
11:24:37,4.48,0.01,212,94783,买盘
11:24:43,4.47,-0.01,14,6258,卖盘
11:24:49,4.48,0.01,13,5824,买盘
11:24:58,4.48,0.0,50,22400,买盘
11:25:04,4.48,0.0,197,88256,买盘
11:25:07,4.48,0.0,129,57787,买盘
11:25:10,4.48,0.0,24,10752,买盘
11:25:13,4.48,0.0,3,1344,买盘
11:25:22,4.47,-0.01,65,29119,卖盘
11:25:25,4.48,0.01,1,448,买盘
11:25:31,4.48,0.0,1,448,买盘
11:25:34,4.48,0.0,15,6720,买盘
11:25:37,4.48,0.0,39,17472,买盘
11:25:40,4.48,0.0,110,49280,买盘
11:25:46,4.47,-0.01,30,13410,卖盘
11:25:52,4.48,0.01,62,27776,买盘
11:25:55,4.48,0.0,60,26880,买盘
11:26:04,4.48,0.0,15,6720,买盘
11:26:07,4.48,0.0,1,448,买盘
11:26:13,4.48,0.0,25,11200,买盘
11:26:16,4.48,0.0,6,2688,买盘
11:26:19,4.48,0.0,2,896,买盘
11:26:22,4.48,0.0,220,98560,买盘
11:26:28,4.48,0.0,37,16576,买盘
11:26:31,4.48,0.0,1,448,买盘
11:26:34,4.48,0.0,128,57344,买盘
11:26:40,4.48,0.0,81,36288,买盘
11:26:43,4.48,0.0,13,5824,买盘
11:26:46,4.48,0.0,3,1344,买盘
11:26:49,4.48,0.0,3,1344,卖盘
11:26:52,4.48,0.0,10,4480,买盘
11:26:55,4.48,0.0,63,28224,买盘
11:26:58,4.47,-0.01,25,11176,卖盘
11:27:01,4.47,0.0,130,58112,卖盘
11:27:04,4.47,0.0,186,83142,卖盘
11:27:07,4.48,0.01,138,61824,买盘
11:27:13,4.47,-0.01,1,447,卖盘
11:27:16,4.48,0.01,3,1344,买盘
11:27:22,4.48,0.0,1,448,买盘
11:27:25,4.47,-0.01,83,37103,卖盘
11:27:28,4.48,0.01,6,2687,买盘
11:27:31,4.48,0.0,3,1344,买盘
11:27:37,4.48,0.0,11,4928,买盘
11:27:40,4.47,-0.01,7,3129,卖盘
11:27:43,4.48,0.01,3,1344,买盘
11:27:49,4.48,0.0,33,14784,买盘
11:27:55,4.48,0.0,41,18368,买盘
11:27:58,4.48,0.0,18,8064,买盘
11:28:01,4.48,0.0,1,448,买盘
11:28:04,4.48,0.0,11,4928,买盘
11:28:10,4.48,0.0,43,19264,买盘
11:28:13,4.47,-0.01,130,58130,卖盘
11:28:16,4.48,0.01,11,4928,买盘
11:28:19,4.48,0.0,417,186816,买盘
11:28:28,4.48,0.0,3,1344,买盘
11:28:31,4.48,0.0,64,28636,买盘
11:28:34,4.47,-0.01,631,282057,卖盘
11:28:37,4.47,0.0,163,72864,卖盘
11:28:40,4.48,0.01,57,25536,买盘
11:28:46,4.48,0.0,3,1344,买盘
11:28:49,4.48,0.0,21,9408,买盘
11:28:52,4.48,0.0,32,14336,买盘
11:28:58,4.48,0.0,11,4928,买盘
11:29:01,4.47,-0.01,90,40250,卖盘
11:29:07,4.48,0.01,10,4480,买盘
11:29:10,4.48,0.0,58,25984,买盘
11:29:13,4.48,0.0,13,5824,买盘
11:29:16,4.48,0.0,100,44800,买盘
11:29:19,4.48,0.0,29,12992,买盘
11:29:22,4.48,0.0,5,2240,买盘
11:29:25,4.48,0.0,6,2688,买盘
11:29:28,4.48,0.0,7,3136,买盘
11:29:31,4.47,-0.01,1,447,卖盘
11:29:37,4.48,0.01,13,5824,买盘
11:29:40,4.48,0.0,4,1792,买盘
11:29:43,4.48,0.0,9,4032,买盘
11:29:46,4.48,0.0,6,2688,买盘
11:29:49,4.47,-0.01,55,24585,卖盘
11:29:52,4.48,0.01,154,68992,买盘
11:29:55,4.48,0.0,604,270092,买盘
11:29:58,4.47,-0.01,118,52814,卖盘
13:00:01,4.48,0.01,215,96253,买盘
13:00:04,4.49,0.01,634,284036,买盘
13:00:07,4.48,-0.01,375,168041,卖盘
13:00:10,4.48,0.0,409,183175,卖盘
13:00:13,4.49,0.01,270,121194,买盘
13:00:16,4.48,-0.01,203,91016,卖盘
13:00:19,4.47,-0.01,227,101735,卖盘
13:00:22,4.49,0.02,10,4487,买盘
13:00:25,4.48,-0.01,20,8960,买盘
13:00:28,4.48,0.0,135,60480,买盘
13:00:31,4.48,0.0,14,6272,买盘
13:00:34,4.48,0.0,91,40768,买盘
13:00:37,4.48,0.0,447,200256,买盘
13:00:43,4.48,0.0,11,4928,买盘
13:00:46,4.47,-0.01,128,57216,卖盘
13:00:49,4.48,0.01,373,167102,买盘
13:00:52,4.48,0.0,15,6720,买盘
13:00:55,4.48,0.0,170,76160,买盘
13:00:58,4.48,0.0,734,328832,买盘
13:01:01,4.47,-0.01,5,2236,卖盘
13:01:04,4.48,0.01,288,129016,买盘
13:01:07,4.48,0.0,211,94528,卖盘
13:01:16,4.48,0.0,3,1346,卖盘
13:01:19,4.49,0.01,3,1347,买盘
13:01:22,4.49,0.0,782,350429,买盘
13:01:25,4.48,-0.01,31,13888,买盘
13:01:28,4.48,0.0,165,73978,买盘
13:01:31,4.48,0.0,6,2688,卖盘
13:01:34,4.5,0.02,578,259652,买盘
13:01:37,4.49,-0.01,41,18409,买盘
13:01:40,4.49,0.0,444,199356,卖盘
13:01:43,4.5,0.01,177,79528,买盘
13:01:49,4.5,0.0,24,10800,买盘
13:01:52,4.5,0.0,574,258300,买盘
13:01:55,4.5,0.0,358,161100,买盘
13:01:58,4.5,0.0,84,37800,买盘
13:02:01,4.5,0.0,66,29700,买盘
13:02:04,4.5,0.0,67,30150,买盘
13:02:07,4.52,0.02,310,139813,买盘
13:02:10,4.51,-0.01,368,166311,中性盘
13:02:13,4.52,0.01,307,138764,买盘
13:02:16,4.52,0.0,44,19888,卖盘
13:02:19,4.53,0.01,844,382235,买盘
13:02:22,4.53,0.0,60,27180,买盘
13:02:25,4.53,0.0,183,82899,买盘
13:02:28,4.53,0.0,195,88335,买盘
13:02:31,4.53,0.0,58,26274,卖盘
13:02:34,4.54,0.01,60,27240,买盘
13:02:37,4.52,-0.02,1605,727555,卖盘
13:02:40,4.52,0.0,66,29832,买盘
13:02:43,4.52,0.0,48,21696,买盘
13:02:46,4.51,-0.01,11,4964,卖盘
13:02:49,4.52,0.01,188,84960,买盘
13:02:52,4.51,-0.01,70,31630,卖盘
13:02:55,4.51,0.0,310,139870,卖盘
13:02:58,4.51,0.0,302,136245,卖盘
13:03:01,4.52,0.01,129,58296,买盘
13:03:04,4.52,0.0,21,9492,买盘
13:03:07,4.52,0.0,142,64184,买盘
13:03:10,4.52,0.0,112,50602,买盘
13:03:13,4.51,-0.01,245,110495,卖盘
13:03:16,4.51,0.0,97,43747,买盘
13:03:19,4.5,-0.01,289,130061,卖盘
13:03:22,4.51,0.01,167,75316,买盘
13:03:25,4.51,0.0,366,165066,买盘
13:03:28,4.51,0.0,358,161458,买盘
13:03:34,4.51,0.0,20,9020,买盘
13:03:37,4.51,0.0,72,32472,买盘
13:03:40,4.5,-0.01,256,115200,卖盘
13:03:46,4.5,0.0,10,4500,买盘
13:03:49,4.5,0.0,128,57600,买盘
13:03:52,4.5,0.0,47,21150,买盘
13:03:58,4.5,0.0,34,15300,买盘
13:04:01,4.5,0.0,7,3150,买盘
13:04:04,4.5,0.0,21,9450,买盘
13:04:07,4.5,0.0,3,1350,买盘
13:04:10,4.5,0.0,105,47250,买盘
13:04:25,4.49,-0.01,269,120781,卖盘
13:04:28,4.49,0.0,71,31879,买盘
13:04:31,4.49,0.0,60,26940,买盘
13:04:34,4.49,0.0,30,13470,买盘
13:04:37,4.49,0.0,63,28287,买盘
13:04:40,4.49,0.0,18,8082,买盘
13:04:43,4.49,0.0,9,4041,买盘
13:04:49,4.49,0.0,3,1347,买盘
13:04:58,4.49,0.0,18,8070,买盘
13:05:01,4.48,-0.01,283,126789,卖盘
13:05:04,4.48,0.0,455,203840,卖盘
13:05:07,4.48,0.0,1,448,卖盘
13:05:10,4.48,0.0,1,448,卖盘
13:05:13,4.48,0.0,1,448,卖盘
13:05:19,4.48,0.0,98,43904,卖盘
13:05:22,4.48,0.0,5,2240,买盘
13:05:25,4.48,0.0,10,4480,买盘
13:05:28,4.48,0.0,274,122752,买盘
13:05:43,4.48,0.0,60,26880,买盘
13:05:58,4.47,-0.01,263,117561,卖盘
13:06:01,4.47,0.0,1296,579312,卖盘
13:06:04,4.47,0.0,18,8046,卖盘
13:06:07,4.47,0.0,15,6705,卖盘
13:06:10,4.47,0.0,603,269541,卖盘
13:06:13,4.47,0.0,100,44700,买盘
13:06:16,4.47,0.0,11,4917,买盘
13:06:19,4.47,0.0,310,138749,买盘
13:06:22,4.47,0.0,6,2682,买盘
13:06:25,4.47,0.0,41,18327,卖盘
13:06:31,4.47,0.0,118,52746,卖盘
13:06:37,4.47,0.0,100,44700,卖盘
13:06:40,4.48,0.01,2,896,买盘
13:06:43,4.48,0.0,21,9408,买盘
13:06:49,4.47,-0.01,130,58225,卖盘
13:06:55,4.48,0.01,425,190400,买盘
13:06:58,4.48,0.0,50,22400,买盘
13:07:04,4.47,-0.01,100,44700,卖盘
13:07:10,4.48,0.01,6,2688,买盘
13:07:16,4.48,0.0,40,17920,买盘
13:07:19,4.48,0.0,20,8960,买盘
13:07:22,4.48,0.0,2,896,买盘
13:07:25,4.48,0.0,1,448,买盘
13:07:37,4.47,-0.01,44,19702,卖盘
13:07:43,4.47,0.0,194,86902,卖盘
13:07:46,4.47,0.0,6,2682,卖盘
13:07:52,4.48,0.01,23,10304,买盘
13:07:55,4.48,0.0,10,4480,买盘
13:07:58,4.48,0.0,3,1344,买盘
13:08:07,4.48,0.0,2,896,买盘
13:08:10,4.48,0.0,1,448,买盘
13:08:22,4.48,0.0,6,2688,买盘
13:08:25,4.48,0.0,2,896,买盘
13:08:28,4.48,0.0,343,153664,买盘
13:08:31,4.48,0.0,2,896,买盘
13:08:34,4.48,0.0,16,7168,买盘
13:08:37,4.48,0.0,157,70336,买盘
13:08:40,4.48,0.0,6,2688,买盘
13:08:43,4.47,-0.01,143,64061,卖盘
13:08:55,4.47,0.0,10,4470,卖盘
13:09:01,4.48,0.01,96,43008,买盘
13:09:07,4.47,-0.01,10,4470,卖盘
13:09:10,4.48,0.01,1,448,买盘
13:09:22,4.48,0.0,32,14336,买盘
13:09:25,4.48,0.0,7,3136,买盘
13:09:28,4.48,0.0,6,2688,买盘
13:09:31,4.48,0.0,197,88256,买盘
13:09:34,4.48,0.0,14,6272,买盘
13:09:37,4.48,0.0,3,1344,卖盘
13:09:46,4.49,0.01,1,449,买盘
13:09:49,4.49,0.0,87,39062,买盘
13:09:52,4.48,-0.01,80,35861,卖盘
13:09:55,4.48,0.0,68,30464,卖盘
13:10:01,4.49,0.01,31,13919,买盘
13:10:04,4.49,0.0,8,3592,买盘
13:10:07,4.49,0.0,5,2245,买盘
13:10:10,4.49,0.0,49,22001,买盘
13:10:13,4.49,0.0,643,288707,买盘
13:10:25,4.49,0.0,83,37267,卖盘
13:10:28,4.5,0.01,21,9450,买盘
13:10:31,4.5,0.0,1,450,买盘
13:10:37,4.5,0.0,84,37800,买盘
13:10:40,4.5,0.0,10,4500,买盘
13:10:43,4.5,0.0,13,5850,买盘
13:10:46,4.5,0.0,30,13500,买盘
13:10:49,4.49,-0.01,60,26960,卖盘
13:10:55,4.49,0.0,636,285575,卖盘
13:10:58,4.49,0.0,10,4490,买盘
13:11:04,4.48,-0.01,83,37260,卖盘
13:11:07,4.48,0.0,121,54208,卖盘
13:11:10,4.49,0.01,8,3592,买盘
13:11:16,4.49,0.0,22,9878,买盘
13:11:19,4.49,0.0,72,32328,买盘
13:11:22,4.49,0.0,3,1345,买盘
13:11:31,4.48,-0.01,30,13460,卖盘
13:11:34,4.48,0.0,1,448,卖盘
13:11:40,4.48,0.0,132,59179,卖盘
13:11:43,4.48,0.0,4,1795,卖盘
13:11:46,4.49,0.01,10,4490,买盘
13:11:52,4.49,0.0,5,2245,买盘
13:11:55,4.48,-0.01,140,62720,卖盘
13:11:58,4.48,0.0,34,15232,卖盘
13:12:01,4.48,0.0,3,1344,卖盘
13:12:04,4.48,0.0,388,173824,卖盘
13:12:07,4.48,0.0,77,34496,卖盘
13:12:10,4.48,0.0,11,4928,卖盘
13:12:19,4.48,0.0,16,7181,卖盘
13:12:22,4.48,0.0,379,169792,卖盘
13:12:25,4.48,0.0,3,1344,卖盘
13:12:31,4.47,-0.01,114,51071,卖盘
13:12:46,4.48,0.01,125,55975,买盘
13:12:52,4.47,-0.01,30,13410,卖盘
13:12:55,4.48,0.01,20,8960,买盘
13:12:58,4.48,0.0,1,448,买盘
13:13:04,4.48,0.0,2,896,买盘
13:13:07,4.48,0.0,50,22400,买盘
13:13:10,4.48,0.0,69,30912,买盘
13:13:13,4.47,-0.01,303,135441,卖盘
13:13:16,4.48,0.01,2,896,买盘
13:13:19,4.48,0.0,7,3136,买盘
13:13:22,4.48,0.0,6,2688,买盘
13:13:25,4.48,0.0,1,448,买盘
13:13:34,4.48,0.0,41,18368,买盘
13:13:37,4.48,0.0,3,1344,买盘
13:13:40,4.47,-0.01,99,44314,卖盘
13:13:43,4.47,0.0,160,71520,卖盘
13:13:46,4.47,0.0,174,77778,卖盘
13:13:49,4.47,0.0,167,74649,卖盘
13:13:52,4.47,0.0,164,73309,卖盘
13:13:55,4.47,0.0,129,57663,卖盘
13:13:58,4.47,0.0,23,10281,卖盘
13:14:01,4.47,0.0,124,55428,卖盘
13:14:04,4.47,0.0,1,447,买盘
13:14:07,4.47,0.0,1,447,买盘
13:14:10,4.47,0.0,117,52299,买盘
13:14:16,4.46,-0.01,11,4906,卖盘
13:14:25,4.47,0.01,269,120042,买盘
13:14:28,4.47,0.0,1,447,买盘
13:14:34,4.47,0.0,3,1341,买盘
13:14:37,4.46,-0.01,48,21411,卖盘
13:14:43,4.47,0.01,5,2235,买盘
13:14:46,4.47,0.0,10,4470,买盘
13:14:49,4.47,0.0,150,67050,买盘
13:14:52,4.47,0.0,2,894,买盘
13:15:01,4.47,0.0,2,894,买盘
13:15:16,4.47,0.0,20,8940,买盘
13:15:22,4.47,0.0,13,5803,买盘
13:15:25,4.47,0.0,2,894,买盘
13:15:34,4.46,-0.01,55,24530,卖盘
13:15:37,4.47,0.01,1,447,买盘
13:15:46,4.47,0.0,536,239592,买盘
13:15:52,4.47,0.0,2,894,卖盘
13:15:58,4.47,0.0,80,35766,卖盘
13:16:01,4.47,0.0,5,2235,卖盘
13:16:19,4.48,0.01,61,27328,买盘
13:16:22,4.48,0.0,130,58240,买盘
13:16:25,4.48,0.0,10,4480,买盘
13:16:31,4.48,0.0,81,36288,买盘
13:16:43,4.48,0.0,20,8960,买盘
13:16:52,4.47,-0.01,62,27714,卖盘
13:16:55,4.47,0.0,452,202075,卖盘
13:16:58,4.47,0.0,12,5364,卖盘
13:17:01,4.47,0.0,192,85824,卖盘
13:17:04,4.47,0.0,480,214560,卖盘
13:17:07,4.47,0.0,4,1788,买盘
13:17:16,4.47,0.0,10,4470,买盘
13:17:25,4.47,0.0,3,1341,买盘
13:17:31,4.46,-0.01,21,9366,卖盘
13:17:37,4.47,0.01,2,894,买盘
13:17:40,4.47,0.0,10,4470,买盘
13:17:43,4.47,0.0,56,25032,买盘
13:17:46,4.47,0.0,5,2235,买盘
13:17:49,4.46,-0.01,11,4916,卖盘
13:17:52,4.47,0.01,25,11175,买盘
13:17:55,4.47,0.0,54,24138,买盘
13:17:58,4.46,-0.01,27,12062,卖盘
13:18:04,4.47,0.01,4,1788,买盘
13:18:07,4.47,0.0,166,74046,买盘
13:18:10,4.47,0.0,1000,447000,买盘
13:18:13,4.47,0.0,7,3129,买盘
13:18:16,4.47,0.0,48,21456,买盘
13:18:25,4.47,0.0,14,6258,买盘
13:18:28,4.47,0.0,53,23691,买盘
13:18:31,4.47,0.0,12,5364,买盘
13:18:34,4.47,0.0,92,41124,买盘
13:18:37,4.47,0.0,42,18774,买盘
13:18:40,4.47,0.0,17,7599,卖盘
13:18:43,4.47,0.0,10,4470,买盘
13:18:46,4.47,0.0,28,12516,买盘
13:18:49,4.47,0.0,141,63027,买盘
13:18:52,4.47,0.0,48,21456,买盘
13:18:55,4.46,-0.01,230,102580,卖盘
13:18:58,4.47,0.01,148,66156,买盘
13:19:01,4.47,0.0,9,4023,买盘
13:19:04,4.46,-0.01,23,10258,卖盘
13:19:07,4.47,0.01,107,47829,买盘
13:19:10,4.47,0.0,1,447,卖盘
13:19:13,4.47,0.0,181,80907,卖盘
13:19:19,4.48,0.01,56,25088,买盘
13:19:28,4.47,-0.01,51,22798,卖盘
13:19:37,4.48,0.01,25,11200,买盘
13:19:49,4.48,0.0,26,11648,买盘
13:19:52,4.47,-0.01,4,1791,卖盘
13:19:55,4.47,0.0,269,120490,卖盘
13:20:04,4.48,0.01,10,4480,买盘
13:20:07,4.48,0.0,8,3584,买盘
13:20:10,4.48,0.0,22,9856,买盘
13:20:13,4.48,0.0,3,1344,买盘
13:20:31,4.48,0.0,20,8960,买盘
13:20:37,4.48,0.0,3,1344,买盘
13:20:43,4.47,-0.01,42,18777,卖盘
13:20:46,4.47,0.0,19,8498,卖盘
13:20:49,4.47,0.0,1,447,卖盘
13:20:52,4.47,0.0,691,308877,卖盘
13:20:55,4.47,0.0,75,33525,卖盘
13:20:58,4.47,0.0,18,8046,卖盘
13:21:01,4.47,0.0,224,100128,买盘
13:21:04,4.47,0.0,74,33078,买盘
13:21:07,4.47,0.0,20,8940,买盘
13:21:13,4.47,0.0,23,10281,买盘
13:21:16,4.47,0.0,50,22350,买盘
13:21:19,4.46,-0.01,61,27207,卖盘
13:21:22,4.47,0.01,13,5811,买盘
13:21:25,4.47,0.0,1,447,买盘
13:21:31,4.47,0.0,10,4470,买盘
13:21:34,4.47,0.0,2,894,买盘
13:21:40,4.47,0.0,12,5364,买盘
13:21:52,4.47,0.0,17,7599,买盘
13:21:55,4.47,0.0,54,24138,买盘
13:21:58,4.47,0.0,14,6258,卖盘
13:22:01,4.47,0.0,143,63921,买盘
13:22:07,4.47,0.0,20,8940,卖盘
13:22:10,4.47,0.0,26,11622,卖盘
13:22:13,4.47,0.0,15,6705,卖盘
13:22:16,4.47,0.0,21,9387,卖盘
13:22:22,4.48,0.01,1,448,买盘
13:22:25,4.48,0.0,15,6720,买盘
13:22:31,4.47,-0.01,27,12073,卖盘
13:22:34,4.48,0.01,10,4480,买盘
13:22:37,4.48,0.0,1,448,买盘
13:22:40,4.47,-0.01,44,19668,卖盘
13:22:49,4.48,0.01,300,134400,买盘
13:22:55,4.48,0.0,25,11200,买盘
13:22:58,4.48,0.0,140,62720,买盘
13:23:01,4.48,0.0,2,896,买盘
13:23:04,4.48,0.0,39,17472,买盘
13:23:07,4.48,0.0,151,67648,买盘
13:23:10,4.48,0.0,17,7616,买盘
13:23:13,4.48,0.0,206,92288,买盘
13:23:16,4.48,0.0,132,59136,买盘
13:23:19,4.48,0.0,10,4480,卖盘
13:23:22,4.48,0.0,30,13440,买盘
13:23:25,4.5,0.02,1074,482425,买盘
13:23:31,4.48,-0.02,22,9876,卖盘
13:23:37,4.49,0.01,111,49839,买盘
13:23:40,4.49,0.0,74,33226,买盘
13:23:49,4.49,0.0,4,1796,买盘
13:23:52,4.49,0.0,106,47594,买盘
13:23:55,4.49,0.0,10,4490,买盘
13:23:58,4.49,0.0,180,80820,买盘
13:24:01,4.49,0.0,41,18409,买盘
13:24:04,4.49,0.0,11,4939,买盘
13:24:07,4.49,0.0,49,22001,买盘
13:24:10,4.49,0.0,1,449,卖盘
13:24:13,4.5,0.01,1,450,买盘
13:24:16,4.49,-0.01,22,9878,卖盘
13:24:19,4.5,0.01,1,450,买盘
13:24:22,4.5,0.0,111,49950,买盘
13:24:25,4.51,0.01,1418,638189,买盘
13:24:28,4.51,0.0,8,3608,买盘
13:24:31,4.51,0.0,102,46002,买盘
13:24:34,4.51,0.0,70,31570,买盘
13:24:37,4.51,0.0,92,41492,买盘
13:24:40,4.51,0.0,92,41492,买盘
13:24:43,4.51,0.0,402,181302,买盘
13:24:46,4.52,0.01,212,95617,买盘
13:24:49,4.52,0.0,51,23052,买盘
13:24:58,4.52,0.0,16,7232,买盘
13:25:01,4.52,0.0,82,37064,买盘
13:25:04,4.52,0.0,25,11300,买盘
13:25:07,4.52,0.0,293,132436,买盘
13:25:10,4.52,0.0,110,49720,买盘
13:25:13,4.52,0.0,7,3164,买盘
13:25:16,4.52,0.0,39,17618,买盘
13:25:19,4.52,0.0,266,120231,买盘
13:25:22,4.51,-0.01,80,36080,卖盘
13:25:25,4.52,0.01,169,76388,买盘
13:25:28,4.51,-0.01,288,129888,卖盘
13:25:31,4.51,0.0,143,64489,卖盘
13:25:34,4.51,0.0,1,451,买盘
13:25:37,4.51,0.0,20,9020,买盘
13:25:43,4.5,-0.01,43,19356,卖盘
13:25:46,4.51,0.01,13,5863,买盘
13:25:52,4.5,-0.01,501,225452,卖盘
13:25:55,4.5,0.0,168,75603,卖盘
13:25:58,4.49,-0.01,85,38240,卖盘
13:26:01,4.5,0.01,5,2250,买盘
13:26:04,4.5,0.0,150,67500,买盘
13:26:22,4.5,0.0,10,4500,买盘
13:26:28,4.5,0.0,9,4050,买盘
13:26:31,4.5,0.0,156,70200,买盘
13:26:34,4.5,0.0,1,450,买盘
13:26:37,4.5,0.0,164,73798,买盘
13:26:43,4.5,0.0,6,2700,买盘
13:26:46,4.5,0.0,13,5850,买盘
13:26:52,4.49,-0.01,1364,612556,卖盘
13:26:55,4.49,0.0,55,24695,买盘
13:26:58,4.49,0.0,279,125271,买盘
13:27:01,4.49,0.0,10,4490,买盘
13:27:04,4.49,0.0,216,96984,买盘
13:27:07,4.49,0.0,2,898,买盘
13:27:10,4.49,0.0,47,21103,买盘
13:27:13,4.49,0.0,2,898,买盘
13:27:16,4.49,0.0,17,7627,买盘
13:27:19,4.49,0.0,8,3592,买盘
13:27:25,4.49,0.0,30,13470,买盘
13:27:28,4.49,0.0,201,90249,买盘
13:27:31,4.49,0.0,23,10327,买盘
13:27:37,4.49,0.0,61,27378,买盘
13:27:40,4.49,0.0,14,6286,买盘
13:27:43,4.48,-0.01,1056,473178,卖盘
13:27:46,4.48,0.0,57,25536,卖盘
13:27:49,4.49,0.01,1,449,买盘
13:27:55,4.49,0.0,3,1347,买盘
13:27:58,4.48,-0.01,19,8512,卖盘
13:28:01,4.48,0.0,92,41248,卖盘
13:28:04,4.48,0.0,322,144256,卖盘
13:28:07,4.49,0.01,177,79473,买盘
13:28:10,4.49,0.0,1,449,卖盘
13:28:13,4.48,-0.01,242,108551,卖盘
13:28:16,4.49,0.01,61,27389,卖盘
13:28:22,4.5,0.01,3,1348,买盘
13:28:25,4.49,-0.01,1,449,卖盘
13:28:28,4.5,0.01,36,16200,买盘
13:28:31,4.49,-0.01,1,449,卖盘
13:28:34,4.5,0.01,40,18000,买盘
13:28:37,4.49,-0.01,37,16613,卖盘
13:28:43,4.5,0.01,17,7638,买盘
13:28:49,4.49,-0.01,52,23358,卖盘
13:28:52,4.49,0.0,10,4495,卖盘
13:28:55,4.5,0.01,230,103500,买盘
13:28:58,4.5,0.0,31,13950,买盘
13:29:01,4.5,0.0,2,900,买盘
13:29:04,4.49,-0.01,1078,485089,卖盘
13:29:07,4.49,0.0,38,17062,卖盘
13:29:10,4.5,0.01,57,25650,买盘
13:29:13,4.5,0.0,2,900,买盘
13:29:16,4.5,0.0,35,15750,买盘
13:29:19,4.49,-0.01,238,107084,卖盘
13:29:22,4.5,0.01,1,450,买盘
13:29:25,4.5,0.0,99,44550,买盘
13:29:31,4.5,0.0,47,21150,买盘
13:29:40,4.5,0.0,10,4500,卖盘
13:29:46,4.5,0.0,1,450,卖盘
13:29:49,4.51,0.01,3,1353,买盘
13:29:55,4.51,0.0,3,1352,买盘
13:29:58,4.51,0.0,7,3157,买盘
13:30:01,4.5,-0.01,59,26550,卖盘
13:30:04,4.51,0.01,57,25707,买盘
13:30:13,4.5,-0.01,103,46350,卖盘
13:30:19,4.5,0.0,30,13500,买盘
13:30:22,4.51,0.01,65,29256,买盘
13:30:25,4.5,-0.01,21,9450,买盘
13:30:28,4.5,0.0,1,450,买盘
13:30:31,4.5,0.0,64,28800,买盘
13:30:34,4.5,0.0,319,143550,买盘
13:30:40,4.5,0.0,10,4500,买盘
13:30:43,4.5,0.0,56,25200,买盘
13:30:46,4.5,0.0,50,22500,买盘
13:30:49,4.5,0.0,30,13500,买盘
13:30:52,4.5,0.0,27,12150,买盘
13:30:58,4.5,0.0,179,80549,买盘
13:31:01,4.5,0.0,11,4950,买盘
13:31:04,4.5,0.0,6,2700,买盘
13:31:07,4.5,0.0,2,900,买盘
13:31:10,4.5,0.0,3,1350,买盘
13:31:16,4.5,0.0,10,4500,买盘
13:31:19,4.5,0.0,23,10350,买盘
13:31:22,4.5,0.0,30,13500,买盘
13:31:25,4.5,0.0,32,14400,买盘
13:31:31,4.5,0.0,25,11250,买盘
13:31:37,4.49,-0.01,421,189100,卖盘
13:31:40,4.5,0.01,142,63760,买盘
13:31:43,4.49,-0.01,23,10327,卖盘
13:31:52,4.5,0.01,4,1800,买盘
13:31:58,4.49,-0.01,600,269400,卖盘
13:32:01,4.5,0.01,253,113624,买盘
13:32:04,4.49,-0.01,47,21103,卖盘
13:32:07,4.49,0.0,396,177804,卖盘
13:32:10,4.49,0.0,19,8531,买盘
13:32:13,4.49,0.0,22,9878,买盘
13:32:16,4.48,-0.01,400,179200,卖盘
13:32:19,4.48,0.0,1,448,卖盘
13:32:22,4.49,0.01,11,4939,买盘
13:32:25,4.48,-0.01,560,250880,卖盘
13:32:31,4.48,0.0,1740,779520,卖盘
13:32:34,4.48,0.0,268,120064,卖盘
13:32:37,4.47,-0.01,553,247519,卖盘
13:32:40,4.48,0.01,10,4480,卖盘
13:32:43,4.48,0.0,101,45212,买盘
13:32:46,4.47,-0.01,300,134100,卖盘
13:32:49,4.47,0.0,308,137684,卖盘
13:32:55,4.47,0.0,89,39783,卖盘
13:32:58,4.47,0.0,41,18327,买盘
13:33:01,4.47,0.0,9,4023,买盘
13:33:04,4.47,0.0,47,21009,买盘
13:33:07,4.46,-0.01,304,135588,卖盘
13:33:10,4.47,0.01,21,9387,买盘
13:33:13,4.47,0.0,50,22350,买盘
13:33:16,4.46,-0.01,343,153011,卖盘
13:33:19,4.47,0.01,36,16092,买盘
13:33:22,4.47,0.0,44,19668,买盘
13:33:28,4.47,0.0,100,44700,买盘
13:33:34,4.47,0.0,52,23244,买盘
13:33:37,4.47,0.0,116,51852,买盘
13:33:43,4.47,0.0,53,23691,买盘
13:33:46,4.47,0.0,2,894,买盘
13:33:49,4.47,0.0,69,30843,买盘
13:33:52,4.47,0.0,1,447,卖盘
13:34:01,4.47,0.0,37,16539,卖盘
13:34:10,4.47,0.0,315,140839,卖盘
13:34:13,4.47,0.0,5,2235,买盘
13:34:16,4.47,0.0,100,44700,买盘
13:34:19,4.47,0.0,15,6705,买盘
13:34:22,4.47,0.0,8,3576,买盘
13:34:25,4.47,0.0,92,41124,买盘
13:34:28,4.47,0.0,1,447,买盘
13:34:31,4.47,0.0,5,2235,买盘
13:34:37,4.47,0.0,1,447,卖盘
13:34:40,4.46,-0.01,503,224494,卖盘
13:34:49,4.47,0.01,247,110420,卖盘
13:34:55,4.48,0.01,1,448,买盘
13:34:58,4.48,0.0,8,3584,买盘
13:35:01,4.48,0.0,1,448,买盘
13:35:04,4.48,0.0,34,15232,买盘
13:35:07,4.47,-0.01,5,2235,卖盘
13:35:10,4.48,0.01,1,448,买盘
13:35:19,4.47,-0.01,52,23244,卖盘
13:35:22,4.48,0.01,8,3584,买盘
13:35:25,4.47,-0.01,50,22350,卖盘
13:35:28,4.48,0.01,20,8960,买盘
13:35:37,4.48,0.0,32,14336,买盘
13:35:40,4.48,0.0,12,5372,买盘
13:35:46,4.48,0.0,1,448,买盘
13:35:52,4.48,0.0,28,12544,买盘
13:35:55,4.48,0.0,270,120960,买盘
13:35:58,4.48,0.0,79,35392,买盘
13:36:01,4.48,0.0,116,51968,买盘
13:36:04,4.48,0.0,2,896,买盘
13:36:07,4.48,0.0,201,90048,买盘
13:36:10,4.47,-0.01,201,89995,卖盘
13:36:16,4.48,0.01,10,4480,买盘
13:36:25,4.48,0.0,3,1344,买盘
13:36:28,4.48,0.0,140,62720,买盘
13:36:31,4.48,0.0,24,10752,买盘
13:36:34,4.47,-0.01,41,18327,卖盘
13:36:37,4.47,0.0,149,66603,卖盘
13:36:43,4.47,0.0,170,76027,卖盘
13:36:46,4.48,0.01,15,6720,买盘
13:36:49,4.48,0.0,9,4032,买盘
13:36:55,4.48,0.0,2,896,买盘
13:36:58,4.48,0.0,10,4480,买盘
13:37:01,4.48,0.0,20,8960,买盘
13:37:28,4.48,0.0,41,18368,买盘
13:37:40,4.48,0.0,3,1344,买盘
13:37:46,4.48,0.0,38,17024,买盘
13:37:52,4.48,0.0,76,34048,买盘
13:38:01,4.48,0.0,128,57344,买盘
13:38:04,4.48,0.0,1,448,买盘
13:38:07,4.48,0.0,7,3136,买盘
13:38:10,4.47,-0.01,1,447,卖盘
13:38:16,4.48,0.01,5,2240,买盘
13:38:25,4.47,-0.01,15,6706,卖盘
13:38:34,4.47,0.0,10,4470,卖盘
13:38:37,4.47,0.0,3,1341,卖盘
13:38:40,4.47,0.0,103,46131,卖盘
13:38:43,4.48,0.01,100,44800,买盘
13:38:46,4.47,-0.01,67,29949,卖盘
13:38:49,4.48,0.01,1,448,买盘
13:38:58,4.48,0.0,17,7616,买盘
13:39:01,4.47,-0.01,37,16556,卖盘
13:39:22,4.48,0.01,10,4480,买盘
13:39:25,4.48,0.0,4,1792,买盘
13:39:28,4.48,0.0,255,114240,买盘
13:39:31,4.47,-0.01,1,447,卖盘
13:39:40,4.48,0.01,1,448,买盘
13:39:46,4.47,-0.01,109,48797,卖盘
13:39:49,4.48,0.01,31,13888,买盘
13:40:01,4.48,0.0,141,63168,买盘
13:40:13,4.48,0.0,28,12520,买盘
13:40:16,4.47,-0.01,1,447,卖盘
13:40:19,4.48,0.01,11,4921,买盘
13:40:22,4.48,0.0,39,17472,买盘
13:40:25,4.48,0.0,1,448,买盘
13:40:31,4.47,-0.01,7,3129,卖盘
13:40:34,4.47,0.0,25,11176,卖盘
13:40:37,4.48,0.01,347,155445,买盘
13:40:43,4.48,0.0,241,107968,买盘
13:40:46,4.48,0.0,5,2240,买盘
13:40:52,4.48,0.0,191,85536,买盘
13:40:55,4.48,0.0,1,448,买盘
13:40:58,4.48,0.0,5,2240,买盘
13:41:04,4.48,0.0,19,8503,买盘
13:41:07,4.47,-0.01,12,5364,卖盘
13:41:10,4.48,0.01,20,8960,买盘
13:41:13,4.48,0.0,21,9408,买盘
13:41:19,4.48,0.0,1,448,买盘
13:41:25,4.48,0.0,1,448,买盘
13:41:28,4.48,0.0,103,46144,买盘
13:41:31,4.48,0.0,3,1344,买盘
13:41:34,4.48,0.0,5,2240,买盘
13:41:40,4.48,0.0,50,22400,买盘
13:41:43,4.48,0.0,16,7168,买盘
13:41:49,4.48,0.0,185,82880,买盘
13:41:52,4.48,0.0,69,30883,买盘
13:41:55,4.47,-0.01,139,62219,卖盘
13:41:58,4.47,0.0,1,447,卖盘
13:42:01,4.48,0.01,5,2240,买盘
13:42:07,4.48,0.0,22,9836,买盘
13:42:10,4.48,0.0,171,76608,买盘
13:42:19,4.48,0.0,22,9856,买盘
13:42:22,4.48,0.0,2,896,买盘
13:42:28,4.48,0.0,2,896,买盘
13:42:31,4.48,0.0,1,448,买盘
13:42:37,4.48,0.0,180,80640,买盘
13:42:40,4.48,0.0,50,22400,买盘
13:42:43,4.48,0.0,146,65408,买盘
13:42:49,4.48,0.0,39,17472,买盘
13:42:55,4.48,0.0,105,47040,买盘
13:42:58,4.48,0.0,2,896,买盘
13:43:01,4.48,0.0,5,2240,买盘
13:43:04,4.48,0.0,201,90048,买盘
13:43:13,4.48,0.0,25,11200,买盘
13:43:16,4.48,0.0,5,2240,买盘
13:43:19,4.47,-0.01,7,3133,卖盘
13:43:28,4.48,0.01,4,1792,买盘
13:43:34,4.48,0.0,5,2240,买盘
13:43:40,4.48,0.0,12,5366,买盘
13:43:43,4.48,0.0,5,2240,买盘
13:43:49,4.48,0.0,9,4032,买盘
13:43:52,4.48,0.0,2,896,买盘
13:43:58,4.48,0.0,557,249536,买盘
13:44:01,4.47,-0.01,211,94513,卖盘
13:44:04,4.48,0.01,13,5824,买盘
13:44:07,4.47,-0.01,180,80630,卖盘
13:44:10,4.47,0.0,53,23691,卖盘
13:44:13,4.47,0.0,142,63614,卖盘
13:44:19,4.48,0.01,140,62720,买盘
13:44:22,4.48,0.0,449,201152,买盘
13:44:28,4.49,0.01,4,1796,买盘
13:44:31,4.49,0.0,3,1347,买盘
13:44:34,4.48,-0.01,2,897,卖盘
13:44:40,4.49,0.01,35,15700,买盘
13:44:52,4.49,0.0,52,23298,买盘
13:44:55,4.49,0.0,100,44900,买盘
13:44:58,4.49,0.0,8,3592,买盘
13:45:01,4.49,0.0,15,6735,买盘
13:45:04,4.49,0.0,18,8082,买盘
13:45:07,4.49,0.0,1,449,买盘
13:45:10,4.49,0.0,15,6735,买盘
13:45:22,4.49,0.0,1,449,买盘
13:45:28,4.49,0.0,9,4041,买盘
13:45:31,4.48,-0.01,90,40409,卖盘
13:45:34,4.49,0.01,40,17960,买盘
13:45:40,4.49,0.0,76,34124,买盘
13:45:43,4.49,0.0,536,240664,买盘
13:45:49,4.5,0.01,164,73712,买盘
13:45:52,4.5,0.0,4,1800,买盘
13:45:55,4.5,0.0,20,9000,买盘
13:45:58,4.5,0.0,5,2249,买盘
13:46:01,4.5,0.0,51,22950,买盘
13:46:07,4.5,0.0,51,22950,买盘
13:46:10,4.5,0.0,609,273911,买盘
13:46:13,4.5,0.0,33,14850,买盘
13:46:16,4.5,0.0,377,169650,买盘
13:46:19,4.5,0.0,1,450,买盘
13:46:25,4.5,0.0,24,10800,买盘
13:46:28,4.49,-0.01,201,90250,卖盘
13:46:37,4.5,0.01,2,900,买盘
13:46:43,4.5,0.0,6,2700,买盘
13:46:46,4.5,0.0,226,101700,买盘
13:46:49,4.5,0.0,302,135900,买盘
13:46:52,4.5,0.0,25,11250,买盘
13:46:55,4.5,0.0,1,450,买盘
13:46:58,4.49,-0.01,85,38240,卖盘
13:47:04,4.5,0.01,8,3600,买盘
13:47:07,4.5,0.0,8,3600,买盘
13:47:10,4.5,0.0,1,450,买盘
13:47:13,4.5,0.0,63,28350,买盘
13:47:16,4.5,0.0,16,7200,买盘
13:47:19,4.5,0.0,191,85950,买盘
13:47:22,4.5,0.0,54,24300,买盘
13:47:34,4.5,0.0,87,39150,买盘
13:47:37,4.5,0.0,11,4950,买盘
13:47:40,4.5,0.0,4,1800,买盘
13:47:49,4.5,0.0,10,4500,买盘
13:47:58,4.5,0.0,206,92700,买盘
13:48:01,4.5,0.0,545,244750,买盘
13:48:04,4.49,-0.01,306,137418,卖盘
13:48:07,4.5,0.01,167,75121,买盘
13:48:19,4.49,-0.01,67,30083,卖盘
13:48:22,4.49,0.0,2,898,卖盘
13:48:25,4.5,0.01,10,4500,买盘
13:48:28,4.5,0.0,20,9000,买盘
13:48:31,4.5,0.0,39,17514,买盘
13:48:34,4.5,0.0,30,13500,买盘
13:48:37,4.5,0.0,23,10350,买盘
13:48:40,4.5,0.0,7,3150,买盘
13:48:43,4.49,-0.01,24,10780,卖盘
13:48:52,4.49,0.0,5,2245,卖盘
13:49:01,4.5,0.01,11,4950,买盘
13:49:04,4.49,-0.01,4,1796,卖盘
13:49:07,4.5,0.01,8,3600,买盘
13:49:13,4.49,-0.01,3,1347,卖盘
13:49:19,4.49,0.0,48,21552,卖盘
13:49:22,4.49,0.0,7,3143,卖盘
13:49:25,4.49,0.0,13,5837,卖盘
13:49:28,4.5,0.01,50,22500,买盘
13:49:31,4.49,-0.01,61,27449,卖盘
13:49:34,4.5,0.01,5,2250,买盘
13:49:40,4.5,0.0,42,18900,买盘
13:49:43,4.5,0.0,9,4043,买盘
13:49:46,4.5,0.0,1,450,买盘
13:49:49,4.5,0.0,47,21150,买盘
13:50:01,4.5,0.0,30,13500,买盘
13:50:04,4.49,-0.01,75,33675,卖盘
13:50:07,4.49,0.0,20,8980,卖盘
13:50:10,4.5,0.01,53,23850,买盘
13:50:16,4.5,0.0,62,27900,买盘
13:50:19,4.5,0.0,2,900,买盘
13:50:25,4.5,0.0,1,450,买盘
13:50:28,4.5,0.0,10,4500,买盘
13:50:34,4.49,-0.01,7,3147,卖盘
13:50:40,4.5,0.01,1,450,买盘
13:50:43,4.5,0.0,17,7650,买盘
13:50:49,4.5,0.0,5,2250,买盘
13:50:55,4.49,-0.01,10,4490,卖盘
13:50:58,4.49,0.0,30,13470,卖盘
13:51:01,4.5,0.01,206,92700,买盘
13:51:04,4.5,0.0,43,19340,买盘
13:51:07,4.5,0.0,18,8100,买盘
13:51:13,4.5,0.0,9,4047,买盘
13:51:16,4.5,0.0,28,12600,买盘
13:51:19,4.5,0.0,6,2700,买盘
13:51:22,4.5,0.0,150,67500,买盘
13:51:25,4.5,0.0,1243,559350,买盘
13:51:28,4.5,0.0,999,449550,买盘
13:51:31,4.5,0.0,78,35112,卖盘
13:51:49,4.51,0.01,13,5863,买盘
13:51:55,4.51,0.0,222,100122,买盘
13:51:58,4.51,0.0,27,12177,买盘
13:52:01,4.5,-0.01,128,57600,卖盘
13:52:04,4.5,0.0,19,8552,卖盘
13:52:07,4.5,0.0,14,6300,卖盘
13:52:10,4.51,0.01,102,45996,买盘
13:52:13,4.5,-0.01,3,1350,卖盘
13:52:16,4.51,0.01,51,23001,买盘
13:52:19,4.51,0.0,1,451,买盘
13:52:22,4.51,0.0,107,48257,买盘
13:52:25,4.51,0.0,1,451,买盘
13:52:28,4.5,-0.01,22,9919,卖盘
13:52:31,4.51,0.01,24,10824,买盘
13:52:34,4.51,0.0,5,2255,买盘
13:52:37,4.51,0.0,908,409508,买盘
13:52:40,4.51,0.0,10,4510,买盘
13:52:43,4.51,0.0,240,108026,买盘
13:52:46,4.51,0.0,71,32021,买盘
13:52:49,4.51,0.0,10,4510,买盘
13:52:52,4.51,0.0,205,92450,买盘
13:52:58,4.51,0.0,1,451,买盘
13:53:01,4.51,0.0,8,3608,买盘
13:53:10,4.51,0.0,23,10373,买盘
13:53:13,4.51,0.0,13,5863,买盘
13:53:16,4.5,-0.01,4,1801,卖盘
13:53:19,4.51,0.01,81,36531,买盘
13:53:25,4.5,-0.01,2,900,卖盘
13:53:43,4.51,0.01,1,451,买盘
13:53:46,4.51,0.0,12,5412,买盘
13:53:52,4.5,-0.01,13,5850,卖盘
13:53:55,4.51,0.01,104,46904,买盘
13:53:58,4.5,-0.01,10,4500,卖盘
13:54:10,4.51,0.01,50,22550,买盘
13:54:22,4.51,0.0,1,451,买盘
13:54:25,4.51,0.0,1,451,买盘
13:54:37,4.51,0.0,16,7216,买盘
13:54:43,4.51,0.0,10,4510,买盘
13:54:49,4.51,0.0,50,22550,买盘
13:55:01,4.51,0.0,7,3157,买盘
13:55:07,4.51,0.0,5,2255,买盘
13:55:10,4.51,0.0,56,25209,买盘
13:55:16,4.51,0.0,1,451,买盘
13:55:19,4.51,0.0,11,4961,买盘
13:55:25,4.5,-0.01,314,141600,卖盘
13:55:28,4.5,0.0,64,28800,卖盘
13:55:37,4.51,0.01,9,4059,买盘
13:55:43,4.5,-0.01,315,141850,卖盘
13:55:49,4.5,0.0,4,1800,卖盘
13:55:52,4.5,0.0,117,52650,卖盘
13:55:55,4.5,0.0,7,3150,卖盘
13:55:58,4.5,0.0,13,5853,卖盘
13:56:01,4.51,0.01,465,209262,买盘
13:56:04,4.51,0.0,55,24805,买盘
13:56:10,4.5,-0.01,5,2250,卖盘
13:56:16,4.5,0.0,9,4051,卖盘
13:56:19,4.5,0.0,7,3150,卖盘
13:56:22,4.51,0.01,73,32923,买盘
13:56:25,4.51,0.0,14,6307,买盘
13:56:28,4.5,-0.01,13,5850,卖盘
13:56:34,4.51,0.01,73,32923,买盘
13:56:37,4.5,-0.01,86,38700,卖盘
13:56:40,4.51,0.01,10,4510,买盘
13:56:43,4.5,-0.01,50,22500,卖盘
13:56:46,4.5,0.0,46,20703,卖盘
13:56:49,4.5,0.0,22,9901,卖盘
13:56:52,4.51,0.01,1,451,买盘
13:56:55,4.51,0.0,288,129888,买盘
13:56:58,4.5,-0.01,5,2250,卖盘
13:57:01,4.51,0.01,33,14883,买盘
13:57:07,4.51,0.0,235,105971,买盘
13:57:10,4.51,0.0,40,18040,买盘
13:57:13,4.51,0.0,162,72945,买盘
13:57:16,4.51,0.0,6,2706,买盘
13:57:19,4.5,-0.01,6,2700,卖盘
13:57:22,4.5,0.0,10,4500,卖盘
13:57:25,4.5,0.0,52,23401,卖盘
13:57:28,4.51,0.01,110,49610,买盘
13:57:31,4.5,-0.01,132,59514,卖盘
13:57:34,4.5,0.0,10,4500,卖盘
13:57:43,4.5,0.0,86,38756,卖盘
13:57:46,4.51,0.01,78,35156,买盘
13:57:49,4.5,-0.01,298,134100,卖盘
13:57:52,4.5,0.0,29,13050,卖盘
13:57:55,4.51,0.01,20,9020,买盘
13:58:01,4.51,0.0,23,10373,买盘
13:58:04,4.5,-0.01,30,13500,卖盘
13:58:07,4.5,0.0,158,71226,卖盘
13:58:10,4.51,0.01,15,6765,买盘
13:58:13,4.51,0.0,35,15785,买盘
13:58:16,4.51,0.0,19,8569,买盘
13:58:22,4.5,-0.01,447,201150,卖盘
13:58:25,4.5,0.0,66,29700,卖盘
13:58:28,4.5,0.0,243,109351,卖盘
13:58:31,4.5,0.0,148,66650,卖盘
13:58:34,4.5,0.0,83,37360,卖盘
13:58:37,4.5,0.0,11,4950,卖盘
13:58:40,4.5,0.0,15,6750,卖盘
13:58:43,4.5,0.0,258,116153,卖盘
13:58:49,4.5,0.0,356,160200,卖盘
13:58:52,4.5,0.0,34,15300,卖盘
13:58:55,4.5,0.0,313,141019,卖盘
13:58:58,4.5,0.0,30,13500,买盘
13:59:01,4.5,0.0,11,4950,买盘
13:59:04,4.5,0.0,70,31500,买盘
13:59:13,4.5,0.0,100,45000,买盘
13:59:16,4.5,0.0,142,63900,买盘
13:59:25,4.5,0.0,43,19350,买盘
13:59:31,4.49,-0.01,187,83963,卖盘
13:59:34,4.49,0.0,8,3592,卖盘
13:59:37,4.5,0.01,8,3600,买盘
13:59:40,4.49,-0.01,17,7633,卖盘
13:59:43,4.5,0.01,5,2250,买盘
13:59:49,4.49,-0.01,50,22450,卖盘
13:59:52,4.5,0.01,5,2250,买盘
13:59:58,4.49,-0.01,48,21552,卖盘
14:00:01,4.49,0.0,74,33233,卖盘
14:00:04,4.49,0.0,52,23348,卖盘
14:00:07,4.5,0.01,1,450,买盘
14:00:10,4.5,0.0,2,900,买盘
14:00:13,4.49,-0.01,11,4940,卖盘
14:00:16,4.5,0.01,1,450,买盘
14:00:19,4.49,-0.01,65,29200,卖盘
14:00:25,4.5,0.01,59,26496,买盘
14:00:28,4.49,-0.01,552,248348,卖盘
14:00:34,4.49,0.0,196,88004,卖盘
14:00:37,4.5,0.01,55,24700,买盘
14:00:40,4.5,0.0,2,900,买盘
14:00:46,4.5,0.0,48,21600,买盘
14:00:55,4.5,0.0,10,4500,买盘
14:00:58,4.5,0.0,8,3600,买盘
14:01:01,4.5,0.0,43,19346,买盘
14:01:07,4.49,-0.01,16,7185,卖盘
14:01:10,4.5,0.01,48,21600,买盘
14:01:16,4.5,0.0,4,1800,买盘
14:01:19,4.49,-0.01,373,167479,卖盘
14:01:22,4.5,0.01,14,6300,买盘
14:01:25,4.49,-0.01,8,3592,卖盘
14:01:28,4.5,0.01,20,9000,买盘
14:01:31,4.5,0.0,2,900,买盘
14:01:37,4.5,0.0,20,9000,买盘
14:01:40,4.49,-0.01,55,24695,卖盘
14:01:43,4.5,0.01,1,450,买盘
14:01:49,4.5,0.0,2,900,买盘
14:01:58,4.49,-0.01,451,202499,卖盘
14:02:01,4.49,0.0,2,898,卖盘
14:02:04,4.49,0.0,12,5388,卖盘
14:02:07,4.5,0.01,1,450,买盘
14:02:10,4.5,0.0,54,24300,买盘
14:02:16,4.49,-0.01,78,35022,卖盘
14:02:19,4.49,0.0,85,38165,卖盘
14:02:22,4.5,0.01,241,108231,买盘
14:02:37,4.5,0.0,15,6750,买盘
14:02:40,4.49,-0.01,200,89800,卖盘
14:02:46,4.49,0.0,62,27838,卖盘
14:02:55,4.5,0.01,7,3150,买盘
14:03:01,4.5,0.0,6,2700,买盘
14:03:04,4.5,0.0,2,900,买盘
14:03:07,4.5,0.0,10,4500,买盘
14:03:10,4.5,0.0,24,10800,买盘
14:03:13,4.5,0.0,5,2250,买盘
14:03:16,4.5,0.0,3,1350,买盘
14:03:19,4.5,0.0,27,12130,买盘
14:03:22,4.5,0.0,26,11700,买盘
14:03:25,4.49,-0.01,3,1349,卖盘
14:03:28,4.5,0.01,15,6740,买盘
14:03:37,4.5,0.0,98,44010,买盘
14:03:40,4.49,-0.01,428,192284,卖盘
14:03:43,4.5,0.01,100,45000,买盘
14:03:46,4.49,-0.01,61,27399,卖盘
14:03:55,4.49,0.0,4,1796,卖盘
14:03:58,4.5,0.01,7,3150,买盘
14:04:01,4.5,0.0,10,4500,买盘
14:04:10,4.5,0.0,113,50850,买盘
14:04:16,4.5,0.0,106,47682,买盘
14:04:19,4.5,0.0,2,900,买盘
14:04:22,4.49,-0.01,48,21552,卖盘
14:04:31,4.49,0.0,200,89800,卖盘
14:04:40,4.49,0.0,118,53082,卖盘
14:04:43,4.5,0.01,14,6300,买盘
14:04:49,4.49,-0.01,254,114046,卖盘
14:04:58,4.5,0.01,15,6750,买盘
14:05:04,4.5,0.0,13,5850,买盘
14:05:07,4.5,0.0,10,4500,买盘
14:05:10,4.5,0.0,37,16650,买盘
14:05:13,4.5,0.0,1,450,买盘
14:05:16,4.5,0.0,15,6750,买盘
14:05:19,4.5,0.0,123,55345,买盘
14:05:22,4.49,-0.01,13,5837,卖盘
14:05:25,4.5,0.01,1,450,买盘
14:05:28,4.49,-0.01,50,22450,卖盘
14:05:31,4.5,0.01,68,30600,买盘
14:05:34,4.49,-0.01,87,39063,卖盘
14:05:43,4.49,0.0,5,2245,卖盘
14:05:46,4.49,0.0,88,39516,卖盘
14:05:49,4.49,0.0,155,69595,卖盘
14:05:52,4.5,0.01,12,5390,买盘
14:05:55,4.49,-0.01,20,8980,卖盘
14:05:58,4.49,0.0,17,7633,卖盘
14:06:01,4.49,0.0,241,108209,卖盘
14:06:04,4.49,0.0,735,330015,卖盘
14:06:07,4.49,0.0,163,73187,卖盘
14:06:10,4.48,-0.01,80,35843,卖盘
14:06:13,4.49,0.01,19,8531,买盘
14:06:16,4.49,0.0,54,24197,买盘
14:06:19,4.49,0.0,20,8980,买盘
14:06:22,4.48,-0.01,90,40320,卖盘
14:06:25,4.49,0.01,3,1347,买盘
14:06:34,4.49,0.0,40,17960,买盘
14:06:37,4.49,0.0,4,1796,买盘
14:06:40,4.49,0.0,366,164271,买盘
14:06:43,4.48,-0.01,48,21504,卖盘
14:06:46,4.49,0.01,464,208336,买盘
14:06:49,4.49,0.0,93,41669,买盘
14:06:55,4.49,0.0,1,449,买盘
14:07:01,4.49,0.0,50,22450,买盘
14:07:04,4.49,0.0,9,4041,买盘
14:07:10,4.49,0.0,60,26940,买盘
14:07:13,4.49,0.0,5,2245,买盘
14:07:16,4.48,-0.01,175,78500,卖盘
14:07:22,4.49,0.01,12,5388,卖盘
14:07:25,4.49,0.0,20,8980,中性盘
14:07:34,4.49,0.0,10,4490,买盘
14:07:37,4.49,0.0,225,101025,买盘
14:07:43,4.49,0.0,55,24695,卖盘
14:07:46,4.49,0.0,15,6735,卖盘
14:07:52,4.49,0.0,148,66452,卖盘
14:07:58,4.49,0.0,20,8980,卖盘
14:08:04,4.5,0.01,500,225000,买盘
14:08:10,4.49,-0.01,2,898,卖盘
14:08:13,4.5,0.01,10,4500,买盘
14:08:16,4.5,0.0,14,6300,买盘
14:08:19,4.49,-0.01,6,2694,卖盘
14:08:40,4.49,0.0,85,38165,卖盘
14:08:46,4.5,0.01,33,14819,买盘
14:08:49,4.49,-0.01,4,1796,卖盘
14:08:52,4.49,0.0,49,22007,卖盘
14:09:04,4.49,0.0,27,12123,卖盘
14:09:07,4.49,0.0,59,26496,卖盘
14:09:10,4.5,0.01,608,273492,买盘
14:09:13,4.49,-0.01,87,39063,卖盘
14:09:25,4.49,0.0,5,2245,卖盘
14:09:31,4.5,0.01,28,12600,买盘
14:09:34,4.5,0.0,100,44905,买盘
14:09:49,4.49,-0.01,40,17960,卖盘
14:09:52,4.5,0.01,2,900,买盘
14:09:58,4.5,0.0,100,45000,买盘
14:10:01,4.5,0.0,53,23850,买盘
14:10:07,4.5,0.0,11,4950,买盘
14:10:10,4.5,0.0,20,9000,买盘
14:10:16,4.5,0.0,13,5850,买盘
14:10:22,4.49,-0.01,24,10776,卖盘
14:10:28,4.5,0.01,35,15725,买盘
14:10:34,4.49,-0.01,82,36818,卖盘
14:10:40,4.5,0.01,134,60300,买盘
14:10:46,4.49,-0.01,268,120332,卖盘
14:10:49,4.5,0.01,700,315000,买盘
14:10:52,4.49,-0.01,46,20654,卖盘
14:10:55,4.49,0.0,58,26042,卖盘
14:11:01,4.5,0.01,200,90000,买盘
14:11:04,4.49,-0.01,119,53441,卖盘
14:11:07,4.5,0.01,25,11250,买盘
14:11:16,4.5,0.0,7,3150,买盘
14:11:19,4.5,0.0,10,4500,买盘
14:11:22,4.49,-0.01,100,44925,卖盘
14:11:25,4.49,0.0,6,2694,卖盘
14:11:28,4.5,0.01,10,4500,买盘
14:11:31,4.5,0.0,23,10350,买盘
14:11:34,4.49,-0.01,39,17530,卖盘
14:11:40,4.49,0.0,43,19307,卖盘
14:11:43,4.5,0.01,1,450,买盘
14:11:49,4.5,0.0,67,30129,买盘
14:11:52,4.49,-0.01,73,32777,卖盘
14:11:55,4.49,0.0,70,31430,卖盘
14:12:01,4.5,0.01,20,9000,买盘
14:12:07,4.49,-0.01,384,172421,卖盘
14:12:10,4.49,0.0,436,195764,卖盘
14:12:16,4.5,0.01,14,6300,买盘
14:12:22,4.5,0.0,534,240300,买盘
14:12:25,4.49,-0.01,42,18858,卖盘
14:12:28,4.5,0.01,1,450,买盘
14:12:34,4.49,-0.01,59,26526,卖盘
14:12:37,4.5,0.01,3,1350,买盘
14:12:40,4.49,-0.01,5,2245,卖盘
14:12:43,4.5,0.01,8,3600,买盘
14:12:49,4.49,-0.01,27,12145,卖盘
14:13:01,4.49,0.0,35,15746,卖盘
14:13:04,4.49,0.0,74,33226,卖盘
14:13:07,4.49,0.0,132,59269,卖盘
14:13:10,4.49,0.0,26,11674,卖盘
14:13:13,4.49,0.0,47,21103,卖盘
14:13:19,4.5,0.01,11,4950,买盘
14:13:22,4.49,-0.01,94,42249,卖盘
14:13:25,4.49,0.0,30,13470,卖盘
14:13:28,4.49,0.0,89,39981,卖盘
14:13:31,4.49,0.0,92,41308,卖盘
14:13:34,4.49,0.0,54,24246,卖盘
14:13:40,4.49,0.0,2,898,卖盘
14:13:43,4.5,0.01,2,899,买盘
14:13:46,4.49,-0.01,48,21552,卖盘
14:13:49,4.5,0.01,8,3594,买盘
14:13:55,4.5,0.0,964,433034,买盘
14:13:58,4.49,-0.01,749,336097,卖盘
14:14:01,4.49,0.0,19,8531,买盘
14:14:04,4.48,-0.01,76,34060,卖盘
14:14:07,4.48,0.0,25,11200,卖盘
14:14:10,4.48,0.0,2,896,卖盘
14:14:13,4.49,0.01,27,12098,买盘
14:14:19,4.48,-0.01,36,16129,卖盘
14:14:22,4.48,0.0,1246,558208,卖盘
14:14:25,4.48,0.0,21,9408,卖盘
14:14:28,4.49,0.01,2,898,买盘
14:14:31,4.49,0.0,126,56549,买盘
14:14:37,4.49,0.0,15,6735,买盘
14:14:40,4.48,-0.01,1,448,卖盘
14:14:43,4.48,0.0,25,11221,卖盘
14:14:46,4.49,0.01,3,1347,买盘
14:14:49,4.49,0.0,1,449,买盘
14:14:52,4.49,0.0,1,449,买盘
14:14:55,4.48,-0.01,1,448,卖盘
14:14:58,4.49,0.01,30,13454,买盘
14:15:01,4.49,0.0,1201,539446,买盘
14:15:07,4.49,0.0,4,1796,卖盘
14:15:10,4.49,0.0,109,48941,卖盘
14:15:16,4.5,0.01,103,46251,买盘
14:15:19,4.5,0.0,2,900,买盘
14:15:22,4.49,-0.01,196,88004,卖盘
14:15:28,4.49,0.0,74,33226,卖盘
14:15:31,4.49,0.0,58,26042,卖盘
14:15:34,4.49,0.0,49,22001,卖盘
14:15:37,4.49,0.0,160,71840,卖盘
14:15:40,4.49,0.0,35,15715,卖盘
14:15:43,4.48,-0.01,743,333376,卖盘
14:15:49,4.48,0.0,114,51122,卖盘
14:15:52,4.49,0.01,27,12123,买盘
14:15:58,4.49,0.0,6,2694,买盘
14:16:01,4.48,-0.01,30,13440,卖盘
14:16:07,4.49,0.01,2,898,买盘
14:16:10,4.49,0.0,5,2245,买盘
14:16:13,4.48,-0.01,11,4928,卖盘
14:16:16,4.48,0.0,25,11200,卖盘
14:16:19,4.48,0.0,62,27790,卖盘
14:16:22,4.49,0.01,41,18408,买盘
14:16:28,4.48,-0.01,1,448,卖盘
14:16:31,4.49,0.01,26,11649,买盘
14:16:37,4.48,-0.01,18,8067,卖盘
14:16:40,4.49,0.01,1,449,买盘
14:16:46,4.48,-0.01,160,71780,卖盘
14:16:49,4.49,0.01,21,9429,买盘
14:16:52,4.49,0.0,20,8980,买盘
14:16:55,4.49,0.0,10,4490,买盘
14:16:58,4.49,0.0,2,898,买盘
14:17:01,4.48,-0.01,274,122752,卖盘
14:17:04,4.48,0.0,597,267752,卖盘
14:17:07,4.49,0.01,5,2245,买盘
14:17:10,4.49,0.0,8,3592,买盘
14:17:19,4.49,0.0,73,32777,买盘
14:17:37,4.49,0.0,200,89800,买盘
14:17:40,4.49,0.0,13,5837,买盘
14:17:43,4.48,-0.01,30,13440,卖盘
14:17:46,4.49,0.01,39,17511,买盘
14:17:55,4.49,0.0,110,49390,买盘
14:17:58,4.49,0.0,124,55676,买盘
14:18:01,4.49,0.0,31,13919,买盘
14:18:04,4.49,0.0,6,2694,买盘
14:18:07,4.49,0.0,163,73157,买盘
14:18:10,4.49,0.0,11,4939,买盘
14:18:13,4.49,0.0,152,68114,买盘
14:18:19,4.49,0.0,3,1347,买盘
14:18:28,4.48,-0.01,320,143476,卖盘
14:18:34,4.48,0.0,1,448,卖盘
14:18:37,4.49,0.01,100,44900,买盘
14:18:46,4.49,0.0,180,80820,买盘
14:18:49,4.49,0.0,26,11674,买盘
14:18:52,4.49,0.0,4,1796,买盘
14:18:55,4.49,0.0,10,4490,买盘
14:18:58,4.48,-0.01,146,65428,卖盘
14:19:01,4.49,0.01,34,15263,买盘
14:19:10,4.48,-0.01,62,27776,卖盘
14:19:13,4.48,0.0,126,56564,卖盘
14:19:28,4.48,0.0,2,896,卖盘
14:19:31,4.48,0.0,60,26880,卖盘
14:19:37,4.48,0.0,10,4480,卖盘
14:19:40,4.49,0.01,1,449,买盘
14:19:43,4.48,-0.01,61,27384,卖盘
14:19:49,4.48,0.0,1,448,卖盘
14:19:58,4.48,0.0,57,25536,卖盘
14:20:04,4.49,0.01,3,1347,买盘
14:20:13,4.49,0.0,66,29634,买盘
14:20:19,4.49,0.0,10,4490,买盘
14:20:22,4.48,-0.01,64,28672,卖盘
14:20:25,4.48,0.0,3,1344,卖盘
14:20:31,4.49,0.01,311,139639,买盘
14:20:37,4.49,0.0,123,55227,买盘
14:20:40,4.48,-0.01,64,28716,卖盘
14:20:43,4.48,0.0,86,38529,卖盘
14:20:46,4.49,0.01,1,449,买盘
14:20:49,4.49,0.0,6,2694,买盘
14:20:52,4.49,0.0,100,44900,买盘
14:21:01,4.49,0.0,10,4490,买盘
14:21:04,4.49,0.0,7,3143,买盘
14:21:10,4.49,0.0,54,24246,买盘
14:21:13,4.49,0.0,45,20205,买盘
14:21:19,4.49,0.0,53,23754,买盘
14:21:22,4.49,0.0,77,34573,买盘
14:21:25,4.49,0.0,105,47145,买盘
14:21:28,4.49,0.0,120,53880,买盘
14:21:34,4.49,0.0,62,27838,买盘
14:21:40,4.49,0.0,78,35022,买盘
14:21:43,4.49,0.0,24,10776,买盘
14:21:49,4.49,0.0,4,1796,买盘
14:21:52,4.49,0.0,1,449,买盘
14:21:55,4.49,0.0,49,22001,买盘
14:22:01,4.49,0.0,5,2245,买盘
14:22:04,4.49,0.0,32,14358,买盘
14:22:07,4.48,-0.01,49,21952,卖盘
14:22:10,4.49,0.01,310,139387,买盘
14:22:13,4.49,0.0,73,32580,卖盘
14:22:16,4.49,0.0,1,449,买盘
14:22:22,4.49,0.0,22,9878,买盘
14:22:25,4.49,0.0,10,4490,买盘
14:22:28,4.49,0.0,3,1347,买盘
14:22:31,4.49,0.0,8,3592,买盘
14:22:34,4.48,-0.01,18,8081,卖盘
14:22:37,4.49,0.01,14,6278,买盘
14:22:40,4.49,0.0,10,4490,买盘
14:22:49,4.49,0.0,6,2694,买盘
14:22:52,4.49,0.0,4,1796,买盘
14:22:55,4.49,0.0,47,21058,买盘
14:22:58,4.49,0.0,45,20205,买盘
14:23:01,4.49,0.0,21,9429,买盘
14:23:04,4.48,-0.01,111,49838,卖盘
14:23:07,4.49,0.01,155,69595,买盘
14:23:10,4.49,0.0,11,4929,买盘
14:23:16,4.48,-0.01,5,2240,卖盘
14:23:19,4.49,0.01,40,17960,买盘
14:23:25,4.49,0.0,50,22450,买盘
14:23:28,4.49,0.0,14,6286,买盘
14:23:31,4.48,-0.01,1,448,卖盘
14:23:34,4.48,0.0,81,36288,卖盘
14:23:40,4.48,0.0,11,4935,卖盘
14:23:46,4.48,0.0,60,26885,卖盘
14:23:52,4.49,0.01,4,1796,买盘
14:23:58,4.49,0.0,22,9878,买盘
14:24:04,4.48,-0.01,3,1346,卖盘
14:24:07,4.48,0.0,50,22401,卖盘
14:24:10,4.49,0.01,1,449,买盘
14:24:13,4.49,0.0,23,10327,买盘
14:24:16,4.49,0.0,656,294313,买盘
14:24:22,4.49,0.0,105,47145,买盘
14:24:25,4.49,0.0,3,1347,买盘
14:24:28,4.49,0.0,1,449,买盘
14:24:31,4.49,0.0,20,8980,买盘
14:24:34,4.49,0.0,212,95186,买盘
14:24:37,4.48,-0.01,300,134400,卖盘
14:24:40,4.48,0.0,83,37217,卖盘
14:24:43,4.49,0.01,10,4490,买盘
14:24:46,4.49,0.0,135,60615,买盘
14:24:49,4.49,0.0,40,17960,买盘
14:24:52,4.49,0.0,13,5837,买盘
14:24:55,4.48,-0.01,303,135747,卖盘
14:25:01,4.49,0.01,134,60166,买盘
14:25:04,4.49,0.0,5,2245,买盘
14:25:07,4.49,0.0,49,22001,买盘
14:25:10,4.49,0.0,311,139332,买盘
14:25:13,4.49,0.0,47,21093,买盘
14:25:19,4.49,0.0,82,36818,买盘
14:25:22,4.49,0.0,22,9877,买盘
14:25:25,4.49,0.0,359,160852,买盘
14:25:28,4.49,0.0,5,2245,买盘
14:25:31,4.49,0.0,11,4939,买盘
14:25:34,4.48,-0.01,8,3585,卖盘
14:25:37,4.48,0.0,21,9408,卖盘
14:25:43,4.48,0.0,132,59136,卖盘
14:25:46,4.49,0.01,6,2689,买盘
14:25:49,4.49,0.0,27,12123,买盘
14:25:52,4.48,-0.01,301,134849,卖盘
14:25:58,4.49,0.01,13,5837,买盘
14:26:01,4.48,-0.01,92,41216,卖盘
14:26:04,4.49,0.01,253,113597,买盘
14:26:07,4.48,-0.01,1,448,卖盘
14:26:10,4.49,0.01,3,1347,买盘
