成交时间,成交价格,价格变动,成交量,成交金额,性质
09:25:02,19.03,0.03,64009,121809127,买盘
09:30:02,19.48,0.45,2521,4894998,买盘
09:30:05,19.5,0.02,2197,4279058,买盘
09:30:08,19.52,0.02,3116,6071052,中性盘
09:30:11,19.64,0.12,2264,4423636,买盘
09:30:14,19.49,-0.15,1870,3653201,卖盘
09:30:17,19.5,0.01,2925,5738747,中性盘
09:30:20,19.6,0.1,4796,9387734,买盘
09:30:23,19.6,0.0,8905,17436277,卖盘
09:30:26,19.78,0.18,7058,13828884,买盘
09:30:29,19.6,-0.18,10117,19740063,中性盘
09:30:32,19.49,-0.11,9336,18254751,卖盘
09:30:35,19.52,0.03,8271,16117079,买盘
09:30:38,19.41,-0.11,8351,16253852,卖盘
09:30:41,19.36,-0.05,9670,18793706,卖盘
09:30:44,19.34,-0.02,9998,19358869,卖盘
09:30:47,19.3,-0.04,6186,11949621,卖盘
09:30:50,19.2,-0.1,10169,19573162,卖盘
09:30:53,19.18,-0.02,6932,13314682,卖盘
09:30:56,19.13,-0.05,7987,15309343,卖盘
09:30:59,19.13,0.0,3287,6290845,卖盘
09:31:02,19.12,-0.01,6672,12758468,卖盘
09:31:05,19.18,0.06,5136,9829453,买盘
09:31:08,19.21,0.03,5319,10207344,买盘
09:31:11,19.3,0.09,3186,6125546,买盘
09:31:14,19.33,0.03,2690,5188947,买盘
09:31:17,19.37,0.04,2330,4512418,买盘
09:31:20,19.47,0.1,2006,3907563,买盘
09:31:23,19.55,0.08,698,1364458,买盘
09:31:26,19.64,0.09,2359,4617275,买盘
09:31:29,19.64,0.0,2522,4950970,买盘
09:31:32,19.66,0.02,2715,5333309,买盘
09:31:35,19.78,0.12,1571,3092707,买盘
09:31:38,19.8,0.02,3323,6565073,买盘
09:31:41,19.87,0.07,2627,5204007,买盘
09:31:44,19.85,-0.02,2585,5136704,中性盘
09:31:47,19.87,0.02,3736,7430083,中性盘
09:31:50,19.78,-0.09,7198,14282242,卖盘
09:31:53,19.62,-0.16,6021,11853239,卖盘
09:31:56,19.55,-0.07,2880,5643983,卖盘
09:31:59,19.52,-0.03,2171,4245075,卖盘
09:32:02,19.41,-0.11,2588,5034375,卖盘
09:32:05,19.3,-0.11,2838,5496697,卖盘
09:32:08,19.34,0.04,5048,9747571,买盘
09:32:11,19.34,0.0,4279,8258554,买盘
09:32:14,19.24,-0.1,3836,7404707,卖盘
09:32:17,19.18,-0.06,2371,4569091,卖盘
09:32:20,19.16,-0.02,1305,2503383,卖盘
09:32:23,19.16,0.0,4453,8520020,卖盘
09:32:26,19.24,0.08,2375,4548541,买盘
09:32:29,19.25,0.01,2198,4216941,买盘
09:32:32,19.27,0.02,1839,3541386,买盘
09:32:35,19.37,0.1,1458,2814336,买盘
09:32:38,19.46,0.09,1146,2219923,买盘
09:32:41,19.44,-0.02,1103,2142171,卖盘
09:32:44,19.47,0.03,2239,4359065,卖盘
09:32:47,19.44,-0.03,1824,3549683,卖盘
09:32:50,19.34,-0.1,1982,3844243,卖盘
09:32:53,19.3,-0.04,1210,2339545,卖盘
09:32:56,19.18,-0.12,2354,4529266,卖盘
09:32:59,19.18,0.0,1213,2331889,卖盘
09:33:02,19.25,0.07,1916,3675610,买盘
09:33:05,19.25,0.0,2958,5687593,卖盘
09:33:08,19.25,0.0,2078,3988974,买盘
09:33:11,19.27,0.02,1886,3629595,买盘
09:33:14,19.27,0.0,2175,4187997,卖盘
09:33:17,19.22,-0.05,1876,3609782,卖盘
09:33:20,19.23,0.01,2031,3902952,买盘
09:33:23,19.23,0.0,2334,4481099,买盘
09:33:26,19.2,-0.03,2538,4870331,卖盘
09:33:29,19.13,-0.07,6965,13329201,卖盘
09:33:32,19.1,-0.03,5582,10669611,卖盘
09:33:35,19.1,0.0,3814,7284822,卖盘
09:33:38,19.06,-0.04,3309,6311844,卖盘
09:33:41,19.05,-0.01,1890,3602255,卖盘
09:33:44,19.05,0.0,9754,18573316,卖盘
09:33:47,18.99,-0.06,12782,24298957,卖盘
09:33:50,18.9,-0.09,2883,5465015,卖盘
09:33:53,18.88,-0.02,3163,5978608,卖盘
09:33:56,18.8,-0.08,2387,4495863,卖盘
09:33:59,18.68,-0.12,4540,8514171,卖盘
09:34:02,18.6,-0.08,3497,6518253,卖盘
09:34:05,18.5,-0.1,4131,7667939,卖盘
09:34:08,18.5,0.0,5607,10374777,卖盘
09:34:11,18.48,-0.02,6831,12604673,卖盘
09:34:14,18.42,-0.06,25744,47431485,卖盘
09:34:17,18.42,0.0,25791,47512726,卖盘
09:34:20,18.42,0.0,4043,7447206,买盘
09:34:23,18.42,0.0,4996,9202632,买盘
09:34:26,18.42,0.0,3886,7158012,买盘
09:34:29,18.42,0.0,2925,5387850,买盘
09:34:32,18.42,0.0,2193,4039506,买盘
09:34:35,18.42,0.0,1730,3186660,买盘
09:34:38,18.42,0.0,1527,2812734,买盘
09:34:41,18.42,0.0,1692,3116664,买盘
09:34:44,18.42,0.0,1782,3282444,买盘
09:34:47,18.42,0.0,1118,2059356,买盘
09:34:50,18.42,0.0,1918,3532956,买盘
09:34:53,18.42,0.0,1681,3096402,买盘
09:34:56,18.42,0.0,1352,2490384,买盘
09:34:59,18.42,0.0,1553,2860626,买盘
09:35:02,18.42,0.0,1141,2101722,买盘
09:35:05,18.42,0.0,1675,3085350,买盘
09:35:08,18.42,0.0,847,1560174,买盘
09:35:11,18.42,0.0,1247,2296974,买盘
09:35:14,18.42,0.0,632,1164144,买盘
09:35:17,18.42,0.0,834,1536228,买盘
09:35:20,18.42,0.0,710,1307820,买盘
09:35:23,18.42,0.0,4896,9018432,买盘
09:35:26,18.42,0.0,680,1252560,买盘
09:35:29,18.42,0.0,1055,1943310,买盘
09:35:32,18.42,0.0,1232,2269344,买盘
09:35:35,18.42,0.0,819,1508598,买盘
09:35:38,18.42,0.0,698,1285716,买盘
09:35:41,18.42,0.0,644,1186248,买盘
09:35:44,18.42,0.0,1035,1906470,买盘
09:35:47,18.42,0.0,474,873108,买盘
09:35:50,18.42,0.0,937,1725954,买盘
09:35:53,18.42,0.0,786,1447812,买盘
09:35:56,18.42,0.0,425,782850,买盘
09:35:59,18.42,0.0,1112,2048304,买盘
09:36:02,18.42,0.0,1223,2252766,买盘
09:36:05,18.42,0.0,5890,10849380,买盘
09:36:08,18.42,0.0,10082,18571044,买盘
09:36:11,18.42,0.0,23274,42870708,买盘
09:36:14,18.42,0.0,15835,29168070,买盘
09:36:17,18.42,0.0,11785,21707970,买盘
09:36:20,18.42,0.0,10534,19403628,买盘
09:36:23,18.6,0.18,8422,15536803,买盘
09:36:26,18.88,0.28,2612,4886623,买盘
09:36:29,19.03,0.15,1650,3130538,买盘
09:36:32,19.05,0.02,1470,2811227,买盘
09:36:35,19.05,0.0,3583,6825669,卖盘
09:36:38,19.0,-0.05,1393,2640823,中性盘
09:36:41,18.7,-0.3,1752,3293291,卖盘
09:36:44,18.6,-0.1,1544,2885851,卖盘
09:36:47,18.51,-0.09,4727,8760102,卖盘
09:36:50,18.5,-0.01,2619,4831845,卖盘
09:36:53,18.5,0.0,2907,5371614,买盘
09:36:56,18.51,0.01,3409,6300716,买盘
09:36:59,18.55,0.04,1857,3436698,买盘
09:37:02,18.57,0.02,1557,2889847,中性盘
09:37:05,18.84,0.27,1128,2102822,买盘
09:37:08,18.85,0.01,1819,3402415,买盘
09:37:11,18.85,0.0,928,1749340,买盘
09:37:14,18.9,0.05,1590,2997619,买盘
09:37:17,18.79,-0.11,1444,2719899,卖盘
09:37:20,18.79,0.0,1615,3042326,买盘
09:37:23,18.84,0.05,959,1800246,中性盘
09:37:26,18.87,0.03,1083,2034756,买盘
09:37:29,18.72,-0.15,1703,3203013,中性盘
09:37:32,18.72,0.0,1667,3120398,买盘
09:37:35,18.72,0.0,1519,2845862,卖盘
09:37:38,18.72,0.0,1201,2251755,卖盘
09:37:41,18.8,0.08,1425,2673587,买盘
09:37:44,18.72,-0.08,1186,2223708,卖盘
09:37:47,18.72,0.0,988,1849548,买盘
09:37:50,18.85,0.13,1728,3241412,买盘
09:37:53,18.8,-0.05,737,1383039,买盘
09:37:56,18.84,0.04,843,1585440,买盘
09:37:59,18.85,0.01,766,1441765,买盘
09:38:02,18.84,-0.01,1400,2636646,卖盘
09:38:05,18.7,-0.14,3021,5664557,卖盘
09:38:08,18.66,-0.04,1820,3401050,卖盘
09:38:11,18.66,0.0,1171,2186127,卖盘
09:38:14,18.63,-0.03,1388,2585987,卖盘
09:38:17,18.6,-0.03,755,1404401,卖盘
09:38:20,18.6,0.0,2089,3884316,买盘
09:38:23,18.56,-0.04,1145,2127051,卖盘
09:38:26,18.55,-0.01,1088,2019483,卖盘
09:38:29,18.52,-0.03,1337,2479664,卖盘
09:38:32,18.52,0.0,1499,2776562,卖盘
09:38:35,18.52,0.0,2791,5167135,卖盘
09:38:38,18.51,-0.01,3426,6341977,卖盘
09:38:41,18.51,0.0,2906,5379768,买盘
09:38:44,18.51,0.0,2607,4823059,买盘
09:38:47,18.45,-0.06,2755,5094203,卖盘
09:38:50,18.45,0.0,4169,7694225,卖盘
09:38:53,18.42,-0.03,3245,5982412,卖盘
09:38:56,18.42,0.0,3131,5768652,卖盘
09:38:59,18.44,0.02,3132,5770737,买盘
09:39:02,18.42,-0.02,4832,8905399,卖盘
09:39:05,18.46,0.04,1561,2879793,买盘
09:39:08,18.5,0.04,1838,3390148,买盘
09:39:11,18.5,0.0,1165,2151253,卖盘
09:39:14,18.51,0.01,1657,3064370,买盘
09:39:17,18.51,0.0,867,1604596,卖盘
09:39:20,18.53,0.02,861,1595215,买盘
09:39:23,18.54,0.01,1050,1946096,买盘
09:39:26,18.55,0.01,616,1142590,买盘
09:39:29,18.57,0.02,508,942798,买盘
09:39:32,18.59,0.02,548,1017554,买盘
09:39:35,18.61,0.02,352,654642,买盘
09:39:38,18.63,0.02,700,1302734,买盘
09:39:41,18.63,0.0,707,1317535,中性盘
09:39:44,18.69,0.06,340,634643,买盘
09:39:47,18.69,0.0,298,556642,卖盘
09:39:50,18.72,0.03,767,1433267,买盘
09:39:53,18.72,0.0,435,813572,买盘
09:39:56,18.72,0.0,952,1783022,卖盘
09:39:59,18.69,-0.03,2408,4505455,卖盘
09:40:02,18.67,-0.02,1913,3573674,卖盘
09:40:05,18.6,-0.07,2197,4095476,卖盘
09:40:08,18.6,0.0,1964,3649490,卖盘
09:40:11,18.51,-0.09,1611,2986828,卖盘
09:40:14,18.51,0.0,1943,3596093,卖盘
09:40:17,18.51,0.0,609,1126599,买盘
09:40:20,18.49,-0.02,942,1740637,卖盘
09:40:23,18.48,-0.01,956,1767159,中性盘
09:40:26,18.5,0.02,1074,1983716,买盘
09:40:29,18.48,-0.02,1075,1986385,中性盘
09:40:32,18.44,-0.04,1182,2181585,卖盘
09:40:35,18.44,0.0,1675,3092293,卖盘
09:40:38,18.44,0.0,1588,2927666,买盘
09:40:41,18.43,-0.01,2868,5287182,卖盘
09:40:44,18.43,0.0,2989,5508959,卖盘
09:40:47,18.43,0.0,3784,6972119,买盘
09:40:50,18.44,0.01,6158,11344824,买盘
09:40:53,18.44,0.0,2377,4381919,买盘
09:40:56,18.44,0.0,898,1655492,卖盘
09:40:59,18.48,0.04,714,1317200,中性盘
09:41:02,18.49,0.01,1045,1929993,买盘
09:41:05,18.48,-0.01,603,1115029,卖盘
09:41:08,18.47,-0.01,654,1207774,卖盘
09:41:11,18.46,-0.01,511,943365,卖盘
09:41:14,18.46,0.0,520,960121,买盘
09:41:17,18.46,0.0,874,1613283,卖盘
09:41:20,18.45,-0.01,1034,1908473,卖盘
09:41:23,18.45,0.0,2340,4318037,买盘
09:41:26,18.45,0.0,4482,8264367,卖盘
09:41:29,18.46,0.01,1097,2024100,买盘
09:41:32,18.46,0.0,998,1841095,卖盘
09:41:35,18.46,0.0,1503,2773368,卖盘
09:41:38,18.45,-0.01,578,1066481,卖盘
09:41:41,18.45,0.0,625,1153159,卖盘
09:41:44,18.45,0.0,900,1660301,买盘
09:41:47,18.45,0.0,907,1672765,买盘
09:41:50,18.44,-0.01,3121,5762926,卖盘
09:41:53,18.43,-0.01,1015,1871362,卖盘
09:41:56,18.43,0.0,17859,32897671,卖盘
09:41:59,18.42,-0.01,2916,5373910,卖盘
09:42:02,18.42,0.0,3516,6476984,卖盘
09:42:05,18.42,0.0,2702,4977733,卖盘
09:42:08,18.42,0.0,959,1766478,买盘
09:42:11,18.42,0.0,2108,3882936,买盘
09:42:14,18.42,0.0,814,1499388,买盘
09:42:17,18.42,0.0,1543,2842206,买盘
09:42:20,18.42,0.0,1186,2184612,买盘
09:42:23,18.42,0.0,1017,1873314,买盘
09:42:26,18.42,0.0,1220,2247240,买盘
09:42:29,18.42,0.0,1927,3549534,买盘
09:42:32,18.42,0.0,2687,4949454,买盘
09:42:35,18.43,0.01,1696,3123893,买盘
09:42:38,18.44,0.01,358,659612,买盘
09:42:41,18.43,-0.01,652,1201673,卖盘
09:42:44,18.43,0.0,544,1002669,买盘
09:42:47,18.45,0.02,234,431402,买盘
09:42:50,18.43,-0.02,882,1626390,卖盘
09:42:53,18.42,-0.01,445,820353,卖盘
09:42:56,18.43,0.01,585,1078054,买盘
09:42:59,18.42,-0.01,915,1685816,卖盘
09:43:02,18.43,0.01,684,1260769,卖盘
09:43:05,18.43,0.0,974,1795237,卖盘
09:43:08,18.43,0.0,2077,3826650,买盘
09:43:11,18.43,0.0,822,1514467,买盘
09:43:14,18.43,0.0,1107,2039485,买盘
09:43:17,18.43,0.0,1323,2437431,买盘
09:43:20,18.42,-0.01,738,1359674,卖盘
09:43:23,18.42,0.0,2081,3832841,卖盘
09:43:26,18.43,0.01,933,1718892,买盘
09:43:29,18.43,0.0,961,1770384,买盘
09:43:32,18.44,0.01,583,1074493,买盘
09:43:35,18.44,0.0,506,932708,买盘
09:43:38,18.45,0.01,344,634297,买盘
09:43:41,18.46,0.01,513,946527,买盘
09:43:44,18.44,-0.02,433,798901,卖盘
09:43:47,18.45,0.01,155,286099,中性盘
09:43:50,18.45,0.0,995,1835685,卖盘
09:43:53,18.47,0.02,389,718323,买盘
09:43:56,18.46,-0.01,463,854840,卖盘
09:43:59,18.48,0.02,288,532129,买盘
09:44:02,18.48,0.0,714,1319614,卖盘
09:44:05,18.53,0.05,392,725686,买盘
09:44:08,18.55,0.02,371,687453,买盘
09:44:11,18.58,0.03,708,1311691,买盘
09:44:14,18.55,-0.03,1220,2257832,卖盘
09:44:17,18.57,0.02,824,1528895,买盘
09:44:20,18.56,-0.01,699,1296549,买盘
09:44:23,18.56,0.0,833,1542980,卖盘
09:44:26,18.56,0.0,684,1269305,买盘
09:44:29,18.56,0.0,650,1206425,买盘
09:44:32,18.56,0.0,978,1816413,买盘
09:44:35,18.57,0.01,460,854053,买盘
09:44:38,18.56,-0.01,865,1605429,卖盘
09:44:41,18.59,0.03,534,992007,买盘
09:44:44,18.57,-0.02,363,674161,卖盘
09:44:47,18.6,0.03,519,964902,买盘
09:44:50,18.6,0.0,536,995500,卖盘
09:44:53,18.6,0.0,929,1726411,买盘
09:44:56,18.6,0.0,627,1167445,买盘
09:44:59,18.6,0.0,330,614117,卖盘
09:45:02,18.58,-0.02,656,1220092,卖盘
09:45:05,18.59,0.01,1248,2313537,买盘
09:45:08,18.57,-0.02,230,427165,中性盘
09:45:11,18.55,-0.02,1100,2037168,卖盘
09:45:14,18.5,-0.05,448,830610,卖盘
09:45:17,18.49,-0.01,1298,2397032,中性盘
09:45:20,18.46,-0.03,328,605264,中性盘
09:45:23,18.45,-0.01,999,1844471,买盘
09:45:26,18.44,-0.01,1107,2041623,卖盘
09:45:29,18.43,-0.01,1057,1948971,卖盘
09:45:32,18.44,0.01,453,835125,买盘
09:45:35,18.42,-0.02,2784,5132393,卖盘
09:45:38,18.42,0.0,824,1518308,卖盘
09:45:41,18.42,0.0,1165,2146358,卖盘
09:45:44,18.43,0.01,1205,2220623,买盘
09:45:47,18.43,0.0,621,1144578,卖盘
09:45:50,18.45,0.02,504,929624,中性盘
09:45:53,18.45,0.0,466,859827,卖盘
09:45:56,18.43,-0.02,476,877637,卖盘
09:45:59,18.44,0.01,973,1794044,买盘
09:46:02,18.43,-0.01,457,842542,卖盘
09:46:05,18.43,0.0,851,1568863,卖盘
09:46:08,18.43,0.0,406,748485,卖盘
09:46:11,18.44,0.01,830,1530154,买盘
09:46:14,18.44,0.0,776,1431100,卖盘
09:46:17,18.45,0.01,702,1294438,买盘
09:46:20,18.45,0.0,300,553433,卖盘
09:46:23,18.45,0.0,378,697518,卖盘
09:46:26,18.46,0.01,442,815953,中性盘
09:46:29,18.48,0.02,236,435759,中性盘
09:46:32,18.48,0.0,248,457712,买盘
09:46:35,18.49,0.01,315,581837,买盘
09:46:38,18.5,0.01,425,785377,买盘
09:46:41,18.5,0.0,445,823051,买盘
09:46:44,18.5,0.0,246,455128,卖盘
09:46:47,18.51,0.01,1316,2439889,买盘
09:46:50,18.52,0.01,212,392609,卖盘
09:46:53,18.52,0.0,179,332258,卖盘
09:46:56,18.58,0.06,353,654165,买盘
09:46:59,18.52,-0.06,387,716595,卖盘
09:47:02,18.58,0.06,320,593288,买盘
09:47:05,18.52,-0.06,643,1192137,卖盘
09:47:08,18.52,0.0,262,485458,买盘
09:47:11,18.56,0.04,312,578216,买盘
09:47:14,18.56,0.0,215,398705,买盘
09:47:17,18.56,0.0,623,1154695,卖盘
09:47:20,18.52,-0.04,314,582016,买盘
09:47:23,18.52,0.0,1788,3308038,卖盘
09:47:26,18.52,0.0,1049,1938469,买盘
09:47:29,18.47,-0.05,407,752113,卖盘
09:47:32,18.47,0.0,1193,2201490,买盘
09:47:35,18.49,0.02,259,478249,买盘
09:47:38,18.47,-0.02,586,1081542,卖盘
09:47:41,18.49,0.02,208,384274,买盘
09:47:44,18.45,-0.04,484,893606,卖盘
09:47:47,18.46,0.01,867,1600227,买盘
09:47:50,18.45,-0.01,235,433729,卖盘
09:47:53,18.45,0.0,675,1245408,买盘
09:47:56,18.44,-0.01,397,732349,卖盘
09:47:59,18.44,0.0,861,1588051,卖盘
09:48:02,18.45,0.01,1970,3633855,中性盘
09:48:05,18.45,0.0,580,1070793,卖盘
09:48:08,18.45,0.0,503,928468,卖盘
09:48:11,18.45,0.0,575,1061054,卖盘
09:48:14,18.45,0.0,1490,2749216,卖盘
09:48:17,18.45,0.0,541,998391,卖盘
09:48:20,18.44,-0.01,948,1749033,卖盘
09:48:23,18.45,0.01,887,1636023,买盘
09:48:26,18.45,0.0,366,675104,买盘
09:48:29,18.44,-0.01,393,724558,卖盘
09:48:32,18.43,-0.01,1088,2005546,卖盘
09:48:35,18.43,0.0,530,977234,卖盘
09:48:38,18.44,0.01,2033,3747470,中性盘
09:48:41,18.43,-0.01,1223,2253447,卖盘
09:48:44,18.42,-0.01,671,1236353,卖盘
09:48:47,18.42,0.0,1407,2592020,卖盘
09:48:50,18.43,0.01,1048,1930749,买盘
09:48:53,18.42,-0.01,1080,1989716,卖盘
09:48:56,18.42,0.0,1132,2085644,卖盘
09:48:59,18.43,0.01,2335,4301411,买盘
09:49:02,18.43,0.0,852,1570163,卖盘
09:49:05,18.44,0.01,618,1139248,买盘
09:49:08,18.44,0.0,1019,1877564,卖盘
09:49:11,18.44,0.0,229,422173,买盘
09:49:14,18.43,-0.01,558,1028390,卖盘
09:49:17,18.43,0.0,552,1017374,卖盘
09:49:20,18.43,0.0,356,656087,买盘
09:49:23,18.43,0.0,626,1153359,买盘
09:49:26,18.43,0.0,748,1378357,买盘
09:49:29,18.43,0.0,710,1308582,卖盘
09:49:32,18.43,0.0,335,617448,卖盘
09:49:35,18.43,0.0,579,1067380,卖盘
09:49:38,18.43,0.0,447,823922,卖盘
09:49:41,18.43,0.0,480,884610,卖盘
09:49:44,18.43,0.0,559,1030078,买盘
09:49:47,18.42,-0.01,1026,1890172,卖盘
09:49:50,18.42,0.0,1612,2969895,卖盘
09:49:53,18.42,0.0,813,1497814,卖盘
09:49:56,18.43,0.01,1739,3203417,买盘
09:49:59,18.42,-0.01,932,1716940,卖盘
09:50:02,18.43,0.01,582,1072402,买盘
09:50:05,18.43,0.0,413,761001,卖盘
09:50:08,18.43,0.0,887,1634274,卖盘
09:50:11,18.43,0.0,267,491961,买盘
09:50:14,18.43,0.0,875,1611921,买盘
09:50:17,18.42,-0.01,875,1612111,卖盘
09:50:20,18.43,0.01,638,1175464,买盘
09:50:23,18.43,0.0,1047,1928867,买盘
09:50:26,18.42,-0.01,877,1615655,卖盘
09:50:29,18.42,0.0,1045,1925388,卖盘
09:50:32,18.43,0.01,466,858557,买盘
09:50:35,18.42,-0.01,796,1466365,卖盘
09:50:38,18.43,0.01,775,1427868,买盘
09:50:41,18.42,-0.01,920,1694845,卖盘
09:50:44,18.42,0.0,687,1265566,卖盘
09:50:47,18.42,0.0,379,698167,卖盘
09:50:50,18.43,0.01,875,1611924,买盘
09:50:53,18.43,0.0,843,1553363,买盘
09:50:56,18.42,-0.01,629,1158693,卖盘
09:50:59,18.43,0.01,774,1425915,买盘
09:51:02,18.42,-0.01,1723,3174860,卖盘
09:51:05,18.44,0.02,1609,2965018,买盘
09:51:08,18.44,0.0,437,805426,卖盘
09:51:11,18.43,-0.01,407,750174,卖盘
09:51:14,18.43,0.0,476,877208,卖盘
09:51:17,18.42,-0.01,464,855024,卖盘
09:51:20,18.43,0.01,487,897243,买盘
09:51:23,18.43,0.0,704,1296954,买盘
09:51:26,18.43,0.0,732,1348742,买盘
09:51:29,18.43,0.0,415,764672,卖盘
09:51:32,18.43,0.0,796,1467235,卖盘
09:51:35,18.43,0.0,457,842318,卖盘
09:51:38,18.43,0.0,412,759120,买盘
09:51:41,18.42,-0.01,1250,2302843,卖盘
09:51:44,18.43,0.01,3200,5894715,卖盘
09:51:47,18.42,-0.01,1364,2512799,卖盘
09:51:50,18.43,0.01,1586,2921532,买盘
09:51:53,18.42,-0.01,2256,4155950,卖盘
09:51:56,18.42,0.0,324,596808,买盘
09:51:59,18.42,0.0,494,909948,买盘
09:52:02,18.42,0.0,427,786534,买盘
09:52:05,18.42,0.0,358,659436,买盘
09:52:08,18.42,0.0,372,685224,买盘
09:52:11,18.42,0.0,186,342612,买盘
09:52:14,18.42,0.0,451,830742,买盘
09:52:17,18.42,0.0,202,372084,买盘
09:52:20,18.42,0.0,383,705486,买盘
09:52:23,18.42,0.0,150,276300,买盘
09:52:26,18.42,0.0,331,609702,买盘
09:52:29,18.42,0.0,538,990996,买盘
09:52:32,18.42,0.0,266,489972,买盘
09:52:35,18.42,0.0,202,372084,买盘
09:52:38,18.42,0.0,65,119730,买盘
09:52:41,18.42,0.0,180,331560,买盘
09:52:44,18.42,0.0,104,191568,买盘
09:52:47,18.42,0.0,136,250512,买盘
09:52:50,18.42,0.0,120,221040,买盘
09:52:53,18.42,0.0,754,1388868,买盘
09:52:56,18.42,0.0,205,377610,买盘
09:52:59,18.42,0.0,106,195252,买盘
09:53:02,18.42,0.0,106,195252,买盘
09:53:05,18.42,0.0,206,379452,买盘
09:53:08,18.42,0.0,166,305772,买盘
09:53:11,18.42,0.0,1107,2039094,买盘
09:53:14,18.42,0.0,106,195252,买盘
09:53:17,18.42,0.0,68,125256,买盘
09:53:20,18.42,0.0,110,202620,买盘
09:53:23,18.42,0.0,580,1068360,买盘
09:53:26,18.42,0.0,58,106836,买盘
09:53:29,18.42,0.0,156,287352,买盘
09:53:32,18.42,0.0,82,151044,买盘
09:53:35,18.42,0.0,119,219198,买盘
09:53:38,18.42,0.0,109,200778,买盘
09:53:41,18.42,0.0,622,1145724,买盘
09:53:44,18.42,0.0,141,259722,买盘
09:53:47,18.42,0.0,178,327876,买盘
09:53:50,18.42,0.0,1157,2131194,买盘
09:53:53,18.42,0.0,175,322350,买盘
09:53:56,18.42,0.0,656,1208352,买盘
09:53:59,18.42,0.0,559,1029678,买盘
09:54:02,18.42,0.0,1628,2998776,买盘
09:54:05,18.42,0.0,1105,2035410,买盘
09:54:08,18.42,0.0,482,887844,买盘
09:54:11,18.42,0.0,745,1372290,买盘
09:54:14,18.42,0.0,633,1165986,买盘
09:54:17,18.42,0.0,678,1248876,买盘
09:54:20,18.42,0.0,582,1072044,买盘
09:54:23,18.42,0.0,612,1127304,买盘
09:54:26,18.42,0.0,320,589440,买盘
09:54:29,18.42,0.0,360,663120,买盘
09:54:32,18.42,0.0,719,1324398,买盘
09:54:35,18.42,0.0,340,626280,买盘
09:54:38,18.42,0.0,521,959682,买盘
09:54:41,18.42,0.0,1354,2494068,买盘
09:54:44,18.42,0.0,1231,2267502,买盘
09:54:47,18.42,0.0,1672,3079824,买盘
09:54:50,18.42,0.0,3648,6719616,买盘
09:54:53,18.42,0.0,2658,4896036,买盘
09:54:56,18.42,0.0,1821,3354282,买盘
09:54:59,18.42,0.0,3952,7279584,买盘
09:55:02,18.48,0.06,4014,7398658,买盘
09:55:05,18.56,0.08,1137,2104582,买盘
09:55:08,18.48,-0.08,541,1001135,卖盘
09:55:11,18.56,0.08,449,831032,买盘
09:55:14,18.48,-0.08,205,379102,中性盘
09:55:17,18.52,0.04,158,292528,买盘
09:55:20,18.52,0.0,304,562606,卖盘
09:55:23,18.52,0.0,586,1084116,卖盘
09:55:26,18.51,-0.01,1681,3102638,中性盘
09:55:29,18.43,-0.08,1010,1863056,卖盘
09:55:32,18.44,0.01,573,1056845,中性盘
09:55:35,18.43,-0.01,737,1357973,卖盘
09:55:38,18.43,0.0,772,1422330,买盘
09:55:41,18.43,0.0,464,855063,买盘
09:55:44,18.42,-0.01,1121,2065871,卖盘
09:55:47,18.44,0.02,725,1336187,买盘
09:55:50,18.45,0.01,559,1030564,买盘
09:55:53,18.45,0.0,230,424219,卖盘
09:55:56,18.52,0.07,298,550905,买盘
09:55:59,18.44,-0.08,180,332075,卖盘
09:56:02,18.45,0.01,264,487009,买盘
09:56:05,18.44,-0.01,785,1447735,卖盘
09:56:08,18.44,0.0,492,907539,卖盘
09:56:11,18.44,0.0,557,1027157,卖盘
09:56:14,18.45,0.01,354,652821,买盘
09:56:17,18.45,0.0,537,990403,买盘
09:56:20,18.44,-0.01,406,748529,中性盘
09:56:23,18.43,-0.01,444,818456,卖盘
09:56:26,18.45,0.02,767,1414625,买盘
09:56:29,18.43,-0.02,307,565999,卖盘
09:56:32,18.42,-0.01,1262,2325049,卖盘
09:56:35,18.42,0.0,607,1117941,卖盘
09:56:38,18.43,0.01,877,1615743,买盘
09:56:41,18.42,-0.01,451,830890,卖盘
09:56:44,18.43,0.01,735,1354024,中性盘
09:56:47,18.43,0.0,858,1581249,买盘
09:56:50,18.43,0.0,279,514251,卖盘
09:56:53,18.42,-0.01,2638,4859705,卖盘
09:56:56,18.42,0.0,500,921000,买盘
09:56:59,18.42,0.0,954,1757268,买盘
09:57:02,18.42,0.0,321,591282,买盘
09:57:05,18.42,0.0,189,348138,买盘
09:57:08,18.42,0.0,926,1705692,买盘
09:57:11,18.42,0.0,564,1038888,买盘
09:57:14,18.42,0.0,219,403398,买盘
09:57:17,18.42,0.0,170,313140,买盘
09:57:20,18.42,0.0,294,541548,买盘
09:57:23,18.42,0.0,260,478920,买盘
09:57:26,18.42,0.0,601,1107042,买盘
09:57:29,18.42,0.0,306,563652,买盘
09:57:32,18.42,0.0,408,751536,买盘
09:57:35,18.42,0.0,308,567336,买盘
09:57:38,18.42,0.0,424,781008,买盘
09:57:41,18.42,0.0,426,784692,买盘
09:57:44,18.42,0.0,333,613386,买盘
09:57:47,18.42,0.0,287,528654,买盘
09:57:50,18.42,0.0,415,764430,买盘
09:57:53,18.42,0.0,142,261564,买盘
09:57:56,18.42,0.0,388,714696,买盘
09:57:59,18.42,0.0,221,407082,买盘
09:58:02,18.42,0.0,685,1261770,买盘
09:58:05,18.42,0.0,500,921000,买盘
09:58:08,18.42,0.0,872,1605929,买盘
09:58:11,18.42,0.0,118,217364,卖盘
09:58:14,18.43,0.01,292,537930,买盘
09:58:17,18.43,0.0,577,1062901,买盘
09:58:20,18.43,0.0,200,368468,买盘
09:58:23,18.43,0.0,265,488422,买盘
09:58:26,18.43,0.0,338,622809,卖盘
09:58:29,18.43,0.0,169,311449,买盘
09:58:32,18.43,0.0,436,803353,买盘
09:58:35,18.42,-0.01,373,687245,卖盘
09:58:38,18.43,0.01,285,525044,买盘
09:58:41,18.43,0.0,225,414517,买盘
09:58:44,18.43,0.0,1100,2026595,买盘
09:58:47,18.42,-0.01,781,1438690,卖盘
09:58:50,18.42,0.0,491,904670,卖盘
09:58:53,18.42,0.0,608,1120087,卖盘
09:58:56,18.42,0.0,366,674239,卖盘
09:58:59,18.43,0.01,349,643003,买盘
09:59:02,18.42,-0.01,348,641170,卖盘
09:59:05,18.42,0.0,522,961841,卖盘
09:59:08,18.42,0.0,455,838110,买盘
09:59:11,18.42,0.0,709,1305978,买盘
09:59:14,18.42,0.0,368,677856,买盘
09:59:17,18.42,0.0,348,641016,买盘
09:59:20,18.42,0.0,188,346296,买盘
09:59:23,18.42,0.0,586,1079412,买盘
09:59:26,18.42,0.0,153,281826,买盘
09:59:29,18.42,0.0,286,526812,买盘
09:59:32,18.42,0.0,103,189726,买盘
09:59:35,18.42,0.0,116,213672,买盘
09:59:38,18.42,0.0,255,469710,买盘
09:59:41,18.42,0.0,584,1075728,买盘
09:59:44,18.42,0.0,299,550758,买盘
09:59:47,18.42,0.0,240,442080,买盘
09:59:50,18.42,0.0,571,1051782,买盘
09:59:53,18.42,0.0,308,567336,买盘
09:59:56,18.42,0.0,185,340770,买盘
09:59:59,18.42,0.0,240,442080,买盘
10:00:02,18.42,0.0,86,158412,买盘
10:00:05,18.42,0.0,207,381294,买盘
10:00:08,18.42,0.0,58,106836,买盘
10:00:11,18.42,0.0,298,548916,买盘
10:00:14,18.42,0.0,143,263406,买盘
10:00:17,18.42,0.0,140,257880,买盘
10:00:20,18.42,0.0,154,283668,买盘
10:00:23,18.42,0.0,64,117888,买盘
10:00:26,18.42,0.0,24,44208,买盘
10:00:29,18.42,0.0,16,29472,买盘
10:00:32,18.42,0.0,30,55260,买盘
10:00:35,18.42,0.0,132,243144,买盘
10:00:38,18.42,0.0,94,173148,买盘
10:00:41,18.42,0.0,98,180516,买盘
10:00:44,18.42,0.0,48,88416,买盘
10:00:47,18.42,0.0,76,139992,买盘
10:00:50,18.42,0.0,18,33156,买盘
10:00:53,18.42,0.0,14,25788,买盘
10:00:56,18.42,0.0,65,119730,买盘
10:00:59,18.42,0.0,66,121572,买盘
10:01:02,18.42,0.0,45,82890,买盘
10:01:05,18.42,0.0,24,44208,买盘
10:01:08,18.42,0.0,17,31314,买盘
10:01:11,18.42,0.0,47,86574,买盘
10:01:14,18.42,0.0,48,88416,买盘
10:01:17,18.42,0.0,38,69996,买盘
10:01:20,18.42,0.0,23,42366,买盘
10:01:23,18.42,0.0,16,29472,买盘
10:01:26,18.42,0.0,85,156570,买盘
10:01:29,18.42,0.0,41,75522,买盘
10:01:32,18.42,0.0,13,23946,买盘
10:01:35,18.42,0.0,36,66312,买盘
10:01:38,18.42,0.0,69,127098,买盘
10:01:41,18.42,0.0,14,25788,买盘
10:01:44,18.42,0.0,8,14736,买盘
10:01:47,18.42,0.0,253,466026,买盘
10:01:50,18.42,0.0,71,130782,买盘
10:01:53,18.42,0.0,24,44208,买盘
10:01:56,18.42,0.0,48,88416,买盘
10:01:59,18.42,0.0,8,14736,买盘
10:02:02,18.42,0.0,29,53418,买盘
10:02:05,18.42,0.0,6,11052,买盘
10:02:08,18.42,0.0,11,20262,买盘
10:02:11,18.42,0.0,88,162096,买盘
10:02:14,18.42,0.0,24,44208,买盘
10:02:17,18.42,0.0,31,57102,买盘
10:02:20,18.42,0.0,21,38682,买盘
10:02:23,18.42,0.0,27,49734,买盘
10:02:26,18.42,0.0,13,23946,买盘
10:02:29,18.42,0.0,10,18420,买盘
10:02:32,18.42,0.0,4,7368,买盘
10:02:35,18.42,0.0,13,23946,买盘
10:02:38,18.42,0.0,52,95784,买盘
10:02:41,18.42,0.0,1017,1873314,买盘
10:02:44,18.42,0.0,13,23946,买盘
10:02:47,18.42,0.0,14,25788,买盘
10:02:50,18.42,0.0,52,95784,买盘
10:02:53,18.42,0.0,23,42366,买盘
10:02:56,18.42,0.0,40,73680,买盘
10:02:59,18.42,0.0,13,23946,买盘
10:03:02,18.42,0.0,19,34998,买盘
10:03:05,18.42,0.0,27,49734,买盘
10:03:08,18.42,0.0,11,20262,买盘
10:03:11,18.42,0.0,37,68154,买盘
10:03:14,18.42,0.0,66,121572,买盘
10:03:17,18.42,0.0,71,130782,买盘
10:03:20,18.42,0.0,21,38682,买盘
10:03:23,18.42,0.0,5,9210,买盘
10:03:26,18.42,0.0,3,5526,买盘
10:03:29,18.42,0.0,20,36840,买盘
10:03:32,18.42,0.0,33,60786,买盘
10:03:35,18.42,0.0,106,195252,买盘
10:03:38,18.42,0.0,84,154728,买盘
10:03:41,18.42,0.0,32,58944,买盘
10:03:44,18.42,0.0,20,36840,买盘
10:03:47,18.42,0.0,23,42366,买盘
10:03:50,18.42,0.0,17,31314,买盘
10:03:53,18.42,0.0,33,60786,买盘
10:03:56,18.42,0.0,111,204462,买盘
10:03:59,18.42,0.0,7,12894,买盘
10:04:02,18.42,0.0,91,167622,买盘
10:04:05,18.42,0.0,9,16578,买盘
10:04:08,18.42,0.0,19,34998,买盘
10:04:11,18.42,0.0,75,138150,买盘
10:04:14,18.42,0.0,19,34998,买盘
10:04:17,18.42,0.0,26,47892,买盘
10:04:20,18.42,0.0,51,93942,买盘
10:04:23,18.42,0.0,123,226566,买盘
10:04:26,18.42,0.0,15,27630,买盘
10:04:29,18.42,0.0,53,97626,买盘
10:04:32,18.42,0.0,40,73680,买盘
10:04:35,18.42,0.0,65,119730,买盘
10:04:38,18.42,0.0,7,12894,买盘
10:04:41,18.42,0.0,31,57102,买盘
10:04:44,18.42,0.0,3,5526,买盘
10:04:47,18.42,0.0,72,132624,买盘
10:04:50,18.42,0.0,25,46050,买盘
10:04:53,18.42,0.0,13,23946,买盘
10:04:56,18.42,0.0,4,7368,买盘
10:04:59,18.42,0.0,1,1842,买盘
10:05:02,18.42,0.0,38,69996,买盘
10:05:05,18.42,0.0,7,12894,买盘
10:05:08,18.42,0.0,14,25788,买盘
10:05:11,18.42,0.0,45,82890,买盘
10:05:14,18.42,0.0,28,51576,买盘
10:05:17,18.42,0.0,70,128940,买盘
10:05:20,18.42,0.0,99,182358,买盘
10:05:23,18.42,0.0,4,7368,买盘
10:05:26,18.42,0.0,3,5526,买盘
10:05:29,18.42,0.0,23,42366,买盘
10:05:32,18.42,0.0,38,69996,买盘
10:05:35,18.42,0.0,52,95784,买盘
10:05:38,18.42,0.0,41,75522,买盘
10:05:41,18.42,0.0,16,29472,买盘
10:05:44,18.42,0.0,23,42366,买盘
10:05:47,18.42,0.0,53,97626,买盘
10:05:50,18.42,0.0,5,9210,买盘
10:05:53,18.42,0.0,13,23946,买盘
10:05:56,18.42,0.0,34,62628,买盘
10:05:59,18.42,0.0,8,14736,买盘
10:06:02,18.42,0.0,7,12894,买盘
10:06:05,18.42,0.0,49,90258,买盘
10:06:08,18.42,0.0,157,289194,买盘
10:06:11,18.42,0.0,21,38682,买盘
10:06:14,18.42,0.0,62,114204,买盘
10:06:17,18.42,0.0,24,44208,买盘
10:06:20,18.42,0.0,17,31314,买盘
10:06:23,18.42,0.0,34,62628,买盘
10:06:26,18.42,0.0,64,117888,买盘
10:06:29,18.42,0.0,20,36840,买盘
10:06:32,18.42,0.0,17,31314,买盘
10:06:35,18.42,0.0,22,40524,买盘
10:06:38,18.42,0.0,12,22104,买盘
10:06:41,18.42,0.0,23,42366,买盘
10:06:44,18.42,0.0,15,27630,买盘
10:06:47,18.42,0.0,9,16578,买盘
10:06:50,18.42,0.0,15,27630,买盘
10:06:53,18.42,0.0,1,1842,买盘
10:06:56,18.42,0.0,3,5526,买盘
10:06:59,18.42,0.0,130,239460,买盘
10:07:05,18.42,0.0,20,36840,买盘
10:07:08,18.42,0.0,32,58944,买盘
10:07:11,18.42,0.0,17,31314,买盘
10:07:14,18.42,0.0,12,22104,买盘
10:07:17,18.42,0.0,33,60786,买盘
10:07:20,18.42,0.0,7,12894,买盘
10:07:23,18.42,0.0,1,1842,买盘
10:07:26,18.42,0.0,71,130782,买盘
10:07:29,18.42,0.0,84,154728,买盘
10:07:32,18.42,0.0,9,16578,买盘
10:07:35,18.42,0.0,5,9210,买盘
10:07:38,18.42,0.0,11,20262,买盘
10:07:41,18.42,0.0,164,302088,买盘
10:07:44,18.42,0.0,179,329718,买盘
10:07:47,18.42,0.0,15,27630,买盘
10:07:50,18.42,0.0,9,16578,买盘
10:07:53,18.42,0.0,22,40524,买盘
10:07:56,18.42,0.0,32,58944,买盘
10:07:59,18.42,0.0,21,38682,买盘
10:08:02,18.42,0.0,45,82890,买盘
10:08:05,18.42,0.0,33,60786,买盘
10:08:08,18.42,0.0,22,40524,买盘
10:08:11,18.42,0.0,12,22104,买盘
10:08:14,18.42,0.0,26,47892,买盘
10:08:17,18.42,0.0,37,68154,买盘
10:08:20,18.42,0.0,39,71838,买盘
10:08:23,18.42,0.0,11,20262,买盘
10:08:26,18.42,0.0,345,635490,买盘
10:08:29,18.42,0.0,46,84732,买盘
10:08:32,18.42,0.0,27,49734,买盘
10:08:35,18.42,0.0,12,22104,买盘
10:08:38,18.42,0.0,1,1842,买盘
10:08:41,18.42,0.0,6,11052,买盘
10:08:44,18.42,0.0,2,3684,买盘
10:08:47,18.42,0.0,1,1842,买盘
10:08:50,18.42,0.0,52,95784,买盘
10:08:53,18.42,0.0,60,110520,买盘
10:08:56,18.42,0.0,33,60786,买盘
10:08:59,18.42,0.0,35,64470,买盘
10:09:02,18.42,0.0,47,86574,买盘
10:09:05,18.42,0.0,38,69996,买盘
10:09:08,18.42,0.0,7,12894,买盘
10:09:11,18.42,0.0,2,3684,买盘
10:09:14,18.42,0.0,24,44208,买盘
10:09:17,18.42,0.0,17,31314,买盘
10:09:20,18.42,0.0,6,11052,买盘
10:09:23,18.42,0.0,25,46050,买盘
10:09:26,18.42,0.0,32,58944,买盘
10:09:29,18.42,0.0,19,34998,买盘
10:09:32,18.42,0.0,74,136308,买盘
10:09:35,18.42,0.0,9,16578,买盘
10:09:38,18.42,0.0,27,49734,买盘
10:09:41,18.42,0.0,8,14736,买盘
10:09:44,18.42,0.0,10,18420,买盘
10:09:47,18.42,0.0,3,5526,买盘
10:09:50,18.42,0.0,29,53418,买盘
10:09:53,18.42,0.0,20,36840,买盘
10:09:56,18.42,0.0,7,12894,买盘
10:09:59,18.42,0.0,7,12894,买盘
10:10:02,18.42,0.0,359,661278,买盘
10:10:05,18.42,0.0,38,69996,买盘
10:10:08,18.42,0.0,5,9210,买盘
10:10:11,18.42,0.0,4,7368,买盘
10:10:14,18.42,0.0,16,29472,买盘
10:10:17,18.42,0.0,11,20262,买盘
10:10:20,18.42,0.0,2,3684,买盘
10:10:23,18.42,0.0,28,51576,买盘
10:10:26,18.42,0.0,24,44208,买盘
10:10:29,18.42,0.0,6,11052,买盘
10:10:32,18.42,0.0,14,25788,买盘
10:10:35,18.42,0.0,32,58944,买盘
10:10:38,18.42,0.0,48,88416,买盘
10:10:41,18.42,0.0,10,18420,买盘
10:10:44,18.42,0.0,234,431028,买盘
10:10:47,18.42,0.0,24,44208,买盘
10:10:50,18.42,0.0,19,34998,买盘
10:10:53,18.42,0.0,5,9210,买盘
10:10:56,18.42,0.0,19,34998,买盘
10:10:59,18.42,0.0,28,51576,买盘
10:11:02,18.42,0.0,38,69996,买盘
10:11:05,18.42,0.0,15,27630,买盘
10:11:08,18.42,0.0,54,99468,买盘
10:11:11,18.42,0.0,3,5526,买盘
10:11:14,18.42,0.0,8,14736,买盘
10:11:17,18.42,0.0,7,12894,买盘
10:11:20,18.42,0.0,7,12894,买盘
10:11:23,18.42,0.0,23,42366,买盘
10:11:26,18.42,0.0,17,31314,买盘
10:11:29,18.42,0.0,9,16578,买盘
10:11:32,18.42,0.0,268,493656,买盘
10:11:35,18.42,0.0,57,104994,买盘
10:11:38,18.42,0.0,20,36840,买盘
10:11:41,18.42,0.0,54,99468,买盘
10:11:44,18.42,0.0,34,62628,买盘
10:11:47,18.42,0.0,7,12894,买盘
10:11:50,18.42,0.0,62,114204,买盘
10:11:53,18.42,0.0,10,18420,买盘
10:11:56,18.42,0.0,3,5526,买盘
10:11:59,18.42,0.0,6,11052,买盘
10:12:02,18.42,0.0,21,38682,买盘
10:12:05,18.42,0.0,11,20262,买盘
10:12:08,18.42,0.0,9,16578,买盘
10:12:11,18.42,0.0,12,22104,买盘
10:12:14,18.42,0.0,29,53418,买盘
10:12:17,18.42,0.0,1,1842,买盘
10:12:20,18.42,0.0,11,20262,买盘
10:12:23,18.42,0.0,18,33156,买盘
10:12:26,18.42,0.0,17,31314,买盘
10:12:29,18.42,0.0,27,49734,买盘
10:12:32,18.42,0.0,9,16578,买盘
10:12:35,18.42,0.0,117,215514,买盘
10:12:38,18.42,0.0,119,219198,买盘
10:12:41,18.42,0.0,40,73680,买盘
10:12:44,18.42,0.0,8,14736,买盘
10:12:47,18.42,0.0,9,16578,买盘
10:12:50,18.42,0.0,130,239460,买盘
10:12:53,18.42,0.0,39,71838,买盘
10:12:56,18.42,0.0,13,23946,买盘
10:12:59,18.42,0.0,10,18420,买盘
10:13:02,18.42,0.0,28,51576,买盘
10:13:08,18.42,0.0,12,22104,买盘
10:13:11,18.42,0.0,43,79206,买盘
10:13:14,18.42,0.0,29,53418,买盘
10:13:17,18.42,0.0,10,18420,买盘
10:13:20,18.42,0.0,2,3684,买盘
10:13:23,18.42,0.0,13,23946,买盘
10:13:26,18.42,0.0,25,46050,买盘
10:13:29,18.42,0.0,10,18420,买盘
10:13:32,18.42,0.0,5,9210,买盘
10:13:35,18.42,0.0,2,3684,买盘
10:13:38,18.42,0.0,13,23946,买盘
10:13:41,18.42,0.0,16,29472,买盘
10:13:44,18.42,0.0,6,11052,买盘
10:13:47,18.42,0.0,132,243144,买盘
10:13:50,18.42,0.0,9,16578,买盘
10:13:53,18.42,0.0,3,5526,买盘
10:13:56,18.42,0.0,35,64470,买盘
10:13:59,18.42,0.0,13,23946,买盘
10:14:02,18.42,0.0,3,5526,买盘
10:14:05,18.42,0.0,17,31314,买盘
10:14:08,18.42,0.0,31,57102,买盘
10:14:11,18.42,0.0,3,5526,买盘
10:14:14,18.42,0.0,3,5526,买盘
10:14:17,18.42,0.0,2,3684,买盘
10:14:20,18.42,0.0,24,44208,买盘
10:14:23,18.42,0.0,18,33156,买盘
10:14:26,18.42,0.0,2,3684,买盘
10:14:29,18.42,0.0,12,22104,买盘
10:14:32,18.42,0.0,6,11052,买盘
10:14:35,18.42,0.0,80,147360,买盘
10:14:38,18.42,0.0,18,33156,买盘
10:14:41,18.42,0.0,3,5526,买盘
10:14:44,18.42,0.0,27,49734,买盘
10:14:47,18.42,0.0,11,20262,买盘
10:14:50,18.42,0.0,17,31314,买盘
10:14:53,18.42,0.0,15,27630,买盘
10:14:56,18.42,0.0,5,9210,买盘
10:14:59,18.42,0.0,18,33156,买盘
10:15:02,18.42,0.0,33,60786,买盘
10:15:05,18.42,0.0,8,14736,买盘
10:15:08,18.42,0.0,7,12894,买盘
10:15:11,18.42,0.0,9,16578,买盘
10:15:14,18.42,0.0,5,9210,买盘
10:15:17,18.42,0.0,2,3684,买盘
10:15:20,18.42,0.0,2,3684,买盘
10:15:23,18.42,0.0,3,5526,买盘
10:15:29,18.42,0.0,106,195252,买盘
10:15:32,18.42,0.0,11,20262,买盘
10:15:35,18.42,0.0,10,18420,买盘
10:15:38,18.42,0.0,82,151044,买盘
10:15:41,18.42,0.0,2,3684,买盘
10:15:44,18.42,0.0,25,46050,买盘
10:15:47,18.42,0.0,4,7368,买盘
10:15:50,18.42,0.0,68,125256,买盘
10:15:53,18.42,0.0,1,1842,买盘
10:15:56,18.42,0.0,3,5526,买盘
10:15:59,18.42,0.0,62,114204,买盘
10:16:02,18.42,0.0,14,25788,买盘
10:16:05,18.42,0.0,12,22104,买盘
10:16:08,18.42,0.0,5,9210,买盘
10:16:11,18.42,0.0,9,16578,买盘
10:16:14,18.42,0.0,14,25788,买盘
10:16:17,18.42,0.0,8,14736,买盘
10:16:20,18.42,0.0,26,47892,买盘
10:16:23,18.42,0.0,13,23946,买盘
10:16:26,18.42,0.0,8,14736,买盘
10:16:29,18.42,0.0,18,33156,买盘
10:16:32,18.42,0.0,82,151044,买盘
10:16:35,18.42,0.0,8,14736,买盘
10:16:38,18.42,0.0,6,11052,买盘
10:16:41,18.42,0.0,6,11052,买盘
10:16:44,18.42,0.0,27,49734,买盘
10:16:47,18.42,0.0,10,18420,买盘
10:16:50,18.42,0.0,14,25788,买盘
10:16:53,18.42,0.0,38,69996,买盘
10:16:56,18.42,0.0,57,104994,买盘
10:16:59,18.42,0.0,17,31314,买盘
10:17:02,18.42,0.0,64,117888,买盘
10:17:05,18.42,0.0,15,27630,买盘
10:17:08,18.42,0.0,11,20262,买盘
10:17:11,18.42,0.0,136,250512,买盘
10:17:14,18.42,0.0,15,27630,买盘
10:17:17,18.42,0.0,2,3684,买盘
10:17:20,18.42,0.0,1,1842,买盘
10:17:23,18.42,0.0,5,9210,买盘
10:17:26,18.42,0.0,28,51576,买盘
10:17:29,18.42,0.0,118,217356,买盘
10:17:32,18.42,0.0,14,25788,买盘
10:17:35,18.42,0.0,32,58944,买盘
10:17:38,18.42,0.0,22,40524,买盘
10:17:41,18.42,0.0,17,31314,买盘
10:17:44,18.42,0.0,17,31314,买盘
10:17:47,18.42,0.0,1,1842,买盘
10:17:50,18.42,0.0,62,114204,买盘
10:17:53,18.42,0.0,33,60786,买盘
10:17:56,18.42,0.0,9,16578,买盘
10:17:59,18.42,0.0,11,20262,买盘
10:18:02,18.42,0.0,58,106836,买盘
10:18:05,18.42,0.0,6,11052,买盘
10:18:08,18.42,0.0,19,34998,买盘
10:18:11,18.42,0.0,12,22104,买盘
10:18:14,18.42,0.0,11,20262,买盘
10:18:17,18.42,0.0,2,3684,买盘
10:18:20,18.42,0.0,16,29472,买盘
10:18:23,18.42,0.0,31,57102,买盘
10:18:26,18.42,0.0,152,279984,买盘
10:18:29,18.42,0.0,47,86574,买盘
10:18:32,18.42,0.0,2,3684,买盘
10:18:35,18.42,0.0,26,47892,买盘
10:18:38,18.42,0.0,9,16578,买盘
10:18:41,18.42,0.0,17,31314,买盘
10:18:44,18.42,0.0,15,27630,买盘
10:18:50,18.42,0.0,3,5526,买盘
10:18:53,18.42,0.0,27,49734,买盘
10:18:56,18.42,0.0,9,16578,买盘
10:18:59,18.42,0.0,1,1842,买盘
10:19:02,18.42,0.0,9,16578,买盘
10:19:05,18.42,0.0,3,5526,买盘
10:19:08,18.42,0.0,207,381294,买盘
10:19:11,18.42,0.0,1,1842,买盘
10:19:14,18.42,0.0,24,44208,买盘
10:19:17,18.42,0.0,7,12894,买盘
10:19:23,18.42,0.0,33,60786,买盘
10:19:26,18.42,0.0,4,7368,买盘
10:19:29,18.42,0.0,1,1842,买盘
10:19:32,18.42,0.0,10,18420,买盘
10:19:35,18.42,0.0,1,1842,买盘
10:19:38,18.42,0.0,3,5526,买盘
10:19:41,18.42,0.0,20,36840,买盘
10:19:44,18.42,0.0,32,58944,买盘
10:19:47,18.42,0.0,9,16578,买盘
10:19:50,18.42,0.0,3,5526,买盘
10:19:53,18.42,0.0,1,1842,买盘
10:19:56,18.42,0.0,44,81048,买盘
10:19:59,18.42,0.0,7,12894,买盘
10:20:02,18.42,0.0,38,69996,买盘
10:20:05,18.42,0.0,76,139992,买盘
10:20:08,18.42,0.0,3,5526,买盘
10:20:11,18.42,0.0,10,18420,买盘
10:20:14,18.42,0.0,6,11052,买盘
10:20:17,18.42,0.0,7,12894,买盘
10:20:20,18.42,0.0,16,29472,买盘
10:20:23,18.42,0.0,13,23946,买盘
10:20:26,18.42,0.0,12,22104,买盘
10:20:29,18.42,0.0,12,22104,买盘
10:20:32,18.42,0.0,17,31314,买盘
10:20:35,18.42,0.0,23,42366,买盘
10:20:38,18.42,0.0,20,36840,买盘
10:20:41,18.42,0.0,8,14736,买盘
10:20:44,18.42,0.0,12,22104,买盘
10:20:47,18.42,0.0,15,27630,买盘
10:20:50,18.42,0.0,107,197094,买盘
10:20:53,18.42,0.0,75,138150,买盘
10:20:56,18.42,0.0,2,3684,买盘
10:20:59,18.42,0.0,6,11052,买盘
10:21:02,18.42,0.0,3,5526,买盘
10:21:05,18.42,0.0,23,42366,买盘
10:21:08,18.42,0.0,12,22104,买盘
10:21:11,18.42,0.0,33,60786,买盘
10:21:14,18.42,0.0,19,34998,买盘
10:21:20,18.42,0.0,112,206304,买盘
10:21:23,18.42,0.0,135,248670,买盘
10:21:26,18.42,0.0,13,23946,买盘
10:21:29,18.42,0.0,55,101310,买盘
10:21:32,18.42,0.0,51,93942,买盘
10:21:38,18.42,0.0,9,16578,买盘
10:21:41,18.42,0.0,28,51576,买盘
10:21:44,18.42,0.0,519,955998,买盘
10:21:47,18.42,0.0,7,12894,买盘
10:21:53,18.42,0.0,12,22104,买盘
10:21:56,18.42,0.0,32,58944,买盘
10:22:05,18.42,0.0,12,22104,买盘
10:22:08,18.42,0.0,3,5526,买盘
10:22:14,18.42,0.0,8,14736,买盘
10:22:17,18.42,0.0,53,97626,买盘
10:22:20,18.42,0.0,40,73680,买盘
10:22:23,18.42,0.0,22,40524,买盘
10:22:26,18.42,0.0,21,38682,买盘
10:22:29,18.42,0.0,6,11052,买盘
10:22:35,18.42,0.0,5,9210,买盘
10:22:38,18.42,0.0,1,1842,买盘
10:22:41,18.42,0.0,6,11052,买盘
10:22:44,18.42,0.0,3,5526,买盘
10:22:47,18.42,0.0,4,7368,买盘
10:22:50,18.42,0.0,42,77364,买盘
10:22:53,18.42,0.0,31,57102,买盘
10:22:56,18.42,0.0,23,42366,买盘
10:23:02,18.42,0.0,3,5526,买盘
10:23:05,18.42,0.0,12,22104,买盘
10:23:08,18.42,0.0,2,3684,买盘
10:23:11,18.42,0.0,6,11052,买盘
10:23:17,18.42,0.0,1,1842,买盘
10:23:20,18.42,0.0,40,73680,买盘
10:23:23,18.42,0.0,13,23946,买盘
10:23:26,18.42,0.0,20,36840,买盘
10:23:29,18.42,0.0,13,23946,买盘
10:23:32,18.42,0.0,4,7368,买盘
10:23:35,18.42,0.0,19,34998,买盘
10:23:38,18.42,0.0,17,31314,买盘
10:23:41,18.42,0.0,3,5526,买盘
10:23:47,18.42,0.0,9,16578,买盘
10:23:50,18.42,0.0,15,27630,买盘
10:23:53,18.42,0.0,1,1842,买盘
10:23:56,18.42,0.0,15,27630,买盘
10:24:02,18.42,0.0,11,20262,买盘
10:24:05,18.42,0.0,8,14736,买盘
10:24:08,18.42,0.0,19,34998,买盘
10:24:11,18.42,0.0,14,25788,买盘
10:24:14,18.42,0.0,1,1842,买盘
10:24:17,18.42,0.0,6,11052,买盘
10:24:20,18.42,0.0,3,5526,买盘
10:24:23,18.42,0.0,1,1842,买盘
10:24:35,18.42,0.0,16,29472,买盘
10:24:38,18.42,0.0,220,405240,买盘
10:24:41,18.42,0.0,2,3684,买盘
10:24:44,18.42,0.0,8,14736,买盘
10:24:47,18.42,0.0,3,5526,买盘
10:24:53,18.42,0.0,6,11052,买盘
10:24:56,18.42,0.0,14,25788,买盘
10:24:59,18.42,0.0,4,7368,买盘
10:25:05,18.42,0.0,11,20262,买盘
10:25:08,18.42,0.0,6,11052,买盘
10:25:11,18.42,0.0,150,276300,买盘
10:25:14,18.42,0.0,8,14736,买盘
10:25:17,18.42,0.0,9,16578,买盘
10:25:20,18.42,0.0,22,40524,买盘
10:25:23,18.42,0.0,26,47892,买盘
10:25:26,18.42,0.0,67,123414,买盘
10:25:32,18.42,0.0,3,5526,买盘
10:25:35,18.42,0.0,4,7368,买盘
10:25:38,18.42,0.0,51,93942,买盘
10:25:41,18.42,0.0,66,121572,买盘
10:25:44,18.42,0.0,1,1842,买盘
10:25:47,18.42,0.0,5,9210,买盘
10:25:50,18.42,0.0,37,68154,买盘
10:25:56,18.42,0.0,10,18420,买盘
10:26:08,18.42,0.0,10,18420,买盘
10:26:11,18.42,0.0,16,29472,买盘
10:26:14,18.42,0.0,2,3684,买盘
10:26:20,18.42,0.0,120,221040,买盘
10:26:29,18.42,0.0,29,53418,买盘
10:26:32,18.42,0.0,19,34998,买盘
10:26:35,18.42,0.0,3,5526,买盘
10:26:38,18.42,0.0,12,22104,买盘
10:26:41,18.42,0.0,10,18420,买盘
10:26:44,18.42,0.0,1,1842,买盘
10:26:47,18.42,0.0,750,1381500,买盘
10:26:50,18.42,0.0,17,31314,买盘
10:26:53,18.42,0.0,3,5526,买盘
10:26:56,18.42,0.0,27,49734,买盘
10:27:08,18.42,0.0,5,9210,买盘
10:27:11,18.42,0.0,51,93942,买盘
10:27:14,18.42,0.0,2,3684,买盘
10:27:23,18.42,0.0,11,20262,买盘
10:27:26,18.42,0.0,73,134466,买盘
10:27:29,18.42,0.0,21,38682,买盘
10:27:32,18.42,0.0,5,9210,买盘
10:27:35,18.42,0.0,5,9210,买盘
10:27:38,18.42,0.0,5,9210,买盘
10:27:41,18.42,0.0,5,9210,买盘
10:27:44,18.42,0.0,165,303930,买盘
10:27:47,18.42,0.0,6,11052,买盘
10:27:50,18.42,0.0,12,22104,买盘
10:27:53,18.42,0.0,1,1842,买盘
10:27:56,18.42,0.0,1,1842,买盘
10:28:05,18.42,0.0,27,49734,买盘
10:28:08,18.42,0.0,3,5526,买盘
10:28:17,18.42,0.0,1,1842,买盘
10:28:20,18.42,0.0,14,25788,买盘
10:28:26,18.42,0.0,2,3684,买盘
10:28:29,18.42,0.0,33,60786,买盘
10:28:32,18.42,0.0,7,12894,买盘
10:28:35,18.42,0.0,4,7368,买盘
10:28:41,18.42,0.0,175,322350,买盘
10:28:44,18.42,0.0,24,44208,买盘
10:28:47,18.42,0.0,7,12894,买盘
10:28:50,18.42,0.0,12,22104,买盘
10:28:53,18.42,0.0,50,92100,买盘
10:28:56,18.42,0.0,3,5526,买盘
10:29:02,18.42,0.0,4,7368,买盘
10:29:05,18.42,0.0,7,12894,买盘
10:29:11,18.42,0.0,1,1842,买盘
10:29:14,18.42,0.0,11,20262,买盘
10:29:17,18.42,0.0,1,1842,买盘
10:29:20,18.42,0.0,7,12894,买盘
10:29:26,18.42,0.0,3,5526,买盘
10:29:32,18.42,0.0,50,92100,买盘
10:29:38,18.42,0.0,1,1842,买盘
10:29:41,18.42,0.0,260,478920,买盘
10:29:44,18.42,0.0,3,5526,买盘
10:29:47,18.42,0.0,4,7368,买盘
10:29:50,18.42,0.0,57,104994,买盘
10:29:53,18.42,0.0,11,20262,买盘
10:29:56,18.42,0.0,1,1842,买盘
10:29:59,18.42,0.0,266,489972,买盘
10:30:02,18.42,0.0,8,14736,买盘
10:30:05,18.42,0.0,3,5526,买盘
10:30:08,18.42,0.0,1,1842,买盘
10:30:11,18.42,0.0,14,25788,买盘
10:30:17,18.42,0.0,7,12894,买盘
10:30:20,18.42,0.0,9,16578,买盘
10:30:23,18.42,0.0,41,75522,买盘
10:30:26,18.42,0.0,5,9210,买盘
10:30:29,18.42,0.0,1,1842,买盘
10:30:32,18.42,0.0,2,3684,买盘
10:30:35,18.42,0.0,44,81048,买盘
10:30:38,18.42,0.0,23,42366,买盘
10:30:41,18.42,0.0,4,7368,买盘
10:30:44,18.42,0.0,3,5526,买盘
10:30:47,18.42,0.0,1,1842,买盘
10:30:50,18.42,0.0,17,31314,买盘
10:30:53,18.42,0.0,6,11052,买盘
10:30:56,18.42,0.0,1,1842,买盘
10:30:59,18.42,0.0,4,7368,买盘
10:31:02,18.42,0.0,12,22104,买盘
10:31:08,18.42,0.0,53,97626,买盘
10:31:11,18.42,0.0,21,38682,买盘
10:31:14,18.42,0.0,3,5526,买盘
10:31:17,18.42,0.0,4,7368,买盘
10:31:20,18.42,0.0,6,11052,买盘
10:31:26,18.42,0.0,35,64470,买盘
10:31:29,18.42,0.0,5,9210,买盘
10:31:32,18.42,0.0,11,20262,买盘
10:31:35,18.42,0.0,25,46050,买盘
10:31:41,18.42,0.0,1,1842,买盘
10:31:47,18.42,0.0,1558,2869836,买盘
10:31:50,18.42,0.0,257,473394,买盘
10:31:53,18.42,0.0,36,66312,买盘
10:31:56,18.42,0.0,5,9210,买盘
10:31:59,18.42,0.0,4,7368,买盘
10:32:02,18.42,0.0,4,7368,买盘
10:32:05,18.42,0.0,29,53418,买盘
10:32:08,18.42,0.0,1,1842,买盘
10:32:11,18.42,0.0,19,34998,买盘
10:32:14,18.42,0.0,2,3684,买盘
10:32:17,18.42,0.0,2,3684,买盘
10:32:20,18.42,0.0,23,42366,买盘
10:32:23,18.42,0.0,1,1842,买盘
10:32:26,18.42,0.0,119,219198,买盘
10:32:29,18.42,0.0,39,71838,买盘
10:32:32,18.42,0.0,7,12894,买盘
10:32:35,18.42,0.0,15,27630,买盘
10:32:38,18.42,0.0,6,11052,买盘
10:32:41,18.42,0.0,10,18420,买盘
10:32:47,18.42,0.0,1,1842,买盘
10:32:50,18.42,0.0,215,396030,买盘
10:32:53,18.42,0.0,1,1842,买盘
10:32:56,18.42,0.0,36,66312,买盘
10:32:59,18.42,0.0,1,1842,买盘
10:33:08,18.42,0.0,5,9210,买盘
10:33:11,18.42,0.0,20,36840,买盘
10:33:14,18.42,0.0,12,22104,买盘
10:33:20,18.42,0.0,66,121572,买盘
10:33:23,18.42,0.0,1,1842,买盘
10:33:26,18.42,0.0,26,47892,买盘
10:33:29,18.42,0.0,14,25788,买盘
10:33:32,18.42,0.0,95,174990,买盘
10:33:35,18.42,0.0,4,7368,买盘
10:33:38,18.42,0.0,38,69996,买盘
10:33:41,18.42,0.0,6,11052,买盘
10:33:44,18.42,0.0,3,5526,买盘
10:33:47,18.42,0.0,2,3684,买盘
10:33:50,18.42,0.0,54,99468,买盘
10:33:56,18.42,0.0,2,3684,买盘
10:33:59,18.42,0.0,55,101310,买盘
10:34:02,18.42,0.0,4,7368,买盘
10:34:05,18.42,0.0,6,11052,买盘
10:34:08,18.42,0.0,2,3684,买盘
10:34:11,18.42,0.0,4,7368,买盘
10:34:14,18.42,0.0,3,5526,买盘
10:34:20,18.42,0.0,14,25788,买盘
10:34:23,18.42,0.0,2,3684,买盘
10:34:26,18.42,0.0,1,1842,买盘
10:34:29,18.42,0.0,7,12894,买盘
10:34:32,18.42,0.0,20,36840,买盘
10:34:35,18.42,0.0,7,12894,买盘
10:34:38,18.42,0.0,56,103152,买盘
10:34:44,18.42,0.0,43,79206,买盘
10:34:47,18.42,0.0,9,16578,买盘
10:34:50,18.42,0.0,1,1842,买盘
10:34:53,18.42,0.0,19,34998,买盘
10:34:56,18.42,0.0,8,14736,买盘
10:34:59,18.42,0.0,6,11052,买盘
10:35:02,18.42,0.0,9,16578,买盘
10:35:05,18.42,0.0,1,1842,买盘
10:35:08,18.42,0.0,11,20262,买盘
10:35:11,18.42,0.0,3,5526,买盘
10:35:14,18.42,0.0,5,9210,买盘
10:35:17,18.42,0.0,6,11052,买盘
10:35:20,18.42,0.0,5,9210,买盘
10:35:23,18.42,0.0,21,38682,买盘
10:35:26,18.42,0.0,131,241302,买盘
10:35:29,18.42,0.0,83,152886,买盘
10:35:35,18.42,0.0,1,1842,买盘
10:35:38,18.42,0.0,3,5526,买盘
10:35:41,18.42,0.0,27,49734,买盘
10:35:44,18.42,0.0,8,14736,买盘
10:35:47,18.42,0.0,1,1842,买盘
10:35:50,18.42,0.0,8,14736,买盘
10:35:53,18.42,0.0,2,3684,买盘
10:35:56,18.42,0.0,14,25788,买盘
10:35:59,18.42,0.0,14,25788,买盘
10:36:02,18.42,0.0,19,34998,买盘
10:36:05,18.42,0.0,4,7368,买盘
10:36:08,18.42,0.0,12,22104,买盘
10:36:11,18.42,0.0,11,20262,买盘
10:36:14,18.42,0.0,3,5526,买盘
10:36:17,18.42,0.0,2,3684,买盘
10:36:20,18.42,0.0,2,3684,买盘
10:36:23,18.42,0.0,41,75522,买盘
10:36:26,18.42,0.0,19,34998,买盘
10:36:32,18.42,0.0,3,5526,买盘
10:36:35,18.42,0.0,7,12894,买盘
10:36:41,18.42,0.0,3,5526,买盘
10:36:44,18.42,0.0,13,23946,买盘
10:36:47,18.42,0.0,28,51576,买盘
10:36:50,18.42,0.0,3,5526,买盘
10:36:53,18.42,0.0,15,27630,买盘
10:36:56,18.42,0.0,65,119730,买盘
10:36:59,18.42,0.0,4,7368,买盘
10:37:02,18.42,0.0,113,208146,买盘
10:37:08,18.42,0.0,5,9210,买盘
10:37:11,18.42,0.0,4,7368,买盘
10:37:14,18.42,0.0,1,1842,买盘
10:37:17,18.42,0.0,9,16578,买盘
10:37:20,18.42,0.0,35,64470,买盘
10:37:26,18.42,0.0,21,38682,买盘
10:37:35,18.42,0.0,21,38682,买盘
10:37:38,18.42,0.0,3,5526,买盘
10:37:41,18.42,0.0,9,16578,买盘
10:37:44,18.42,0.0,4,7368,买盘
10:37:47,18.42,0.0,5,9210,买盘
10:37:50,18.42,0.0,22,40524,买盘
10:37:53,18.42,0.0,1,1842,买盘
10:37:56,18.42,0.0,1,1842,买盘
10:37:59,18.42,0.0,3,5526,买盘
10:38:02,18.42,0.0,11,20262,买盘
10:38:08,18.42,0.0,53,97626,买盘
10:38:11,18.42,0.0,7,12894,买盘
10:38:14,18.42,0.0,13,23946,买盘
10:38:17,18.42,0.0,10,18420,买盘
10:38:20,18.42,0.0,2,3684,买盘
10:38:23,18.42,0.0,30,55260,买盘
10:38:26,18.42,0.0,2,3684,买盘
10:38:29,18.42,0.0,1,1842,买盘
10:38:32,18.42,0.0,8,14736,买盘
10:38:35,18.42,0.0,16,29472,买盘
10:38:41,18.42,0.0,17,31314,买盘
10:38:44,18.42,0.0,21,38682,买盘
10:38:47,18.42,0.0,4,7368,买盘
10:38:50,18.42,0.0,47,86574,买盘
10:38:53,18.42,0.0,2,3684,买盘
10:38:56,18.42,0.0,3,5526,买盘
10:38:59,18.42,0.0,5,9210,买盘
10:39:02,18.42,0.0,6,11052,买盘
10:39:05,18.42,0.0,24,44208,买盘
10:39:08,18.42,0.0,2,3684,买盘
10:39:11,18.42,0.0,6,11052,买盘
10:39:14,18.42,0.0,4,7368,买盘
10:39:17,18.42,0.0,26,47892,买盘
10:39:20,18.42,0.0,6,11052,买盘
10:39:23,18.42,0.0,5,9210,买盘
10:39:26,18.42,0.0,40,73680,买盘
10:39:29,18.42,0.0,46,84732,买盘
10:39:35,18.42,0.0,3,5526,买盘
10:39:38,18.42,0.0,7,12894,买盘
10:39:41,18.42,0.0,8,14736,买盘
10:39:44,18.42,0.0,20,36840,买盘
10:39:47,18.42,0.0,1,1842,买盘
10:39:50,18.42,0.0,4,7368,买盘
10:39:53,18.42,0.0,3,5526,买盘
10:39:56,18.42,0.0,2,3684,买盘
10:39:59,18.42,0.0,41,75522,买盘
10:40:02,18.42,0.0,2,3684,买盘
10:40:08,18.42,0.0,26,47892,买盘
10:40:14,18.42,0.0,16,29472,买盘
10:40:20,18.42,0.0,9,16578,买盘
10:40:23,18.42,0.0,10,18420,买盘
10:40:26,18.42,0.0,1,1842,买盘
10:40:35,18.42,0.0,1,1842,买盘
10:40:38,18.42,0.0,14,25788,买盘
10:40:41,18.42,0.0,19,34998,买盘
10:40:44,18.42,0.0,103,189726,买盘
10:40:47,18.42,0.0,78,143676,买盘
10:40:53,18.42,0.0,21,38682,买盘
10:40:56,18.42,0.0,15,27630,买盘
10:40:59,18.42,0.0,17,31314,买盘
10:41:02,18.42,0.0,13,23946,买盘
10:41:05,18.42,0.0,12,22104,买盘
10:41:08,18.42,0.0,5,9210,买盘
10:41:11,18.42,0.0,27,49734,买盘
10:41:23,18.42,0.0,4,7368,买盘
10:41:26,18.42,0.0,603,1110726,买盘
10:41:29,18.42,0.0,10,18420,买盘
10:41:32,18.42,0.0,7,12894,买盘
10:41:35,18.42,0.0,4,7368,买盘
10:41:38,18.42,0.0,6,11052,买盘
10:41:41,18.42,0.0,35,64470,买盘
10:41:44,18.42,0.0,8,14736,买盘
10:41:47,18.42,0.0,2,3684,买盘
10:41:50,18.42,0.0,1,1842,买盘
10:41:53,18.42,0.0,3,5526,买盘
10:41:56,18.42,0.0,3,5526,买盘
10:41:59,18.42,0.0,25,46050,买盘
10:42:05,18.42,0.0,7,12894,买盘
10:42:08,18.42,0.0,18,33156,买盘
10:42:11,18.42,0.0,101,186042,买盘
10:42:14,18.42,0.0,32,58944,买盘
10:42:17,18.42,0.0,3,5526,买盘
10:42:20,18.42,0.0,3,5526,买盘
10:42:23,18.42,0.0,13,23946,买盘
10:42:29,18.42,0.0,37,68154,买盘
10:42:32,18.42,0.0,8,14736,买盘
10:42:35,18.42,0.0,26,47892,买盘
10:42:38,18.42,0.0,18,33156,买盘
10:42:41,18.42,0.0,1,1842,买盘
10:42:44,18.42,0.0,15,27630,买盘
10:42:50,18.42,0.0,4,7368,买盘
10:42:53,18.42,0.0,2,3684,买盘
10:42:56,18.42,0.0,26,47892,买盘
10:42:59,18.42,0.0,2,3684,买盘
10:43:02,18.42,0.0,1,1842,买盘
10:43:05,18.42,0.0,2,3684,买盘
10:43:08,18.42,0.0,1,1842,买盘
10:43:11,18.42,0.0,6,11052,买盘
10:43:14,18.42,0.0,101,186042,买盘
10:43:17,18.42,0.0,2,3684,买盘
10:43:20,18.42,0.0,2,3684,买盘
10:43:23,18.42,0.0,1,1842,买盘
10:43:26,18.42,0.0,13,23946,买盘
10:43:29,18.42,0.0,1,1842,买盘
10:43:32,18.42,0.0,10,18420,买盘
10:43:35,18.42,0.0,53,97626,买盘
10:43:38,18.42,0.0,2,3684,买盘
10:43:41,18.42,0.0,1,1842,买盘
10:43:44,18.42,0.0,1,1842,买盘
10:43:50,18.42,0.0,32,58944,买盘
10:43:56,18.42,0.0,6,11052,买盘
10:43:59,18.42,0.0,5,9210,买盘
10:44:02,18.42,0.0,90,165780,买盘
10:44:05,18.42,0.0,4,7368,买盘
10:44:08,18.42,0.0,7,12894,买盘
10:44:11,18.42,0.0,5,9210,买盘
10:44:14,18.42,0.0,12,22104,买盘
10:44:17,18.42,0.0,1,1842,买盘
10:44:20,18.42,0.0,7,12894,买盘
10:44:26,18.42,0.0,16,29472,买盘
10:44:29,18.42,0.0,10,18420,买盘
10:44:32,18.42,0.0,3,5526,买盘
10:44:38,18.42,0.0,2,3684,买盘
10:44:41,18.42,0.0,7,12894,买盘
10:44:44,18.42,0.0,1,1842,买盘
10:44:47,18.42,0.0,2,3684,买盘
10:44:50,18.42,0.0,3,5526,买盘
10:44:53,18.42,0.0,2,3684,买盘
10:44:56,18.42,0.0,11,20262,买盘
10:44:59,18.42,0.0,1,1842,买盘
10:45:02,18.42,0.0,9,16578,买盘
10:45:08,18.42,0.0,22,40524,买盘
10:45:11,18.42,0.0,14,25788,买盘
10:45:20,18.42,0.0,3,5526,买盘
10:45:26,18.42,0.0,26,47892,买盘
10:45:29,18.42,0.0,1,1842,买盘
10:45:35,18.42,0.0,9,16578,买盘
10:45:38,18.42,0.0,23,42366,买盘
10:45:41,18.42,0.0,10,18420,买盘
10:45:44,18.42,0.0,5,9210,买盘
10:45:47,18.42,0.0,53,97626,买盘
10:45:50,18.42,0.0,29,53418,买盘
10:45:53,18.42,0.0,20,36840,买盘
10:45:56,18.42,0.0,31,57102,买盘
10:45:59,18.42,0.0,4,7368,买盘
10:46:02,18.42,0.0,1,1842,买盘
10:46:05,18.42,0.0,14,25788,买盘
10:46:08,18.42,0.0,85,156570,买盘
10:46:11,18.42,0.0,19,34998,买盘
10:46:17,18.42,0.0,5,9210,买盘
10:46:20,18.42,0.0,4,7368,买盘
10:46:23,18.42,0.0,80,147360,买盘
10:46:26,18.42,0.0,20,36840,买盘
10:46:29,18.42,0.0,1,1842,买盘
10:46:32,18.42,0.0,8,14736,买盘
10:46:35,18.42,0.0,20,36840,买盘
10:46:38,18.42,0.0,60,110520,买盘
10:46:41,18.42,0.0,35,64470,买盘
10:46:44,18.42,0.0,64,117888,买盘
10:46:47,18.42,0.0,121,222882,买盘
10:46:50,18.42,0.0,67,123414,买盘
10:46:53,18.42,0.0,21,38682,买盘
10:46:56,18.42,0.0,15,27630,买盘
10:46:59,18.42,0.0,53,97626,买盘
10:47:02,18.42,0.0,9,16578,买盘
10:47:05,18.42,0.0,42,77364,买盘
10:47:08,18.42,0.0,5,9210,买盘
10:47:11,18.42,0.0,76,139992,买盘
10:47:14,18.42,0.0,30,55260,买盘
10:47:17,18.42,0.0,7,12894,买盘
10:47:20,18.42,0.0,19,34998,买盘
10:47:23,18.42,0.0,7,12894,买盘
10:47:26,18.42,0.0,41,75522,买盘
10:47:29,18.42,0.0,5,9210,买盘
10:47:32,18.42,0.0,57,104994,买盘
10:47:35,18.42,0.0,13,23946,买盘
10:47:38,18.42,0.0,15,27630,买盘
10:47:41,18.42,0.0,1,1842,买盘
10:47:44,18.42,0.0,3,5526,买盘
10:47:47,18.42,0.0,9,16578,买盘
10:47:50,18.42,0.0,13,23946,买盘
10:47:53,18.42,0.0,25,46050,买盘
10:47:56,18.42,0.0,8,14736,买盘
10:47:59,18.42,0.0,1,1842,买盘
10:48:02,18.42,0.0,60,110520,买盘
10:48:05,18.42,0.0,43,79206,买盘
10:48:08,18.42,0.0,26,47892,买盘
10:48:11,18.42,0.0,16,29472,买盘
10:48:14,18.42,0.0,4,7368,买盘
10:48:17,18.42,0.0,6,11052,买盘
10:48:20,18.42,0.0,13,23946,买盘
10:48:23,18.42,0.0,74,136308,买盘
10:48:26,18.42,0.0,20,36840,买盘
10:48:29,18.42,0.0,4,7368,买盘
10:48:32,18.42,0.0,15,27630,买盘
10:48:35,18.42,0.0,12,22104,买盘
10:48:38,18.42,0.0,5,9210,买盘
10:48:41,18.42,0.0,7,12894,买盘
10:48:44,18.42,0.0,2,3684,买盘
10:48:47,18.42,0.0,22,40524,买盘
10:48:50,18.42,0.0,50,92100,买盘
10:48:53,18.42,0.0,210,386820,买盘
10:48:56,18.42,0.0,21,38682,买盘
10:49:02,18.42,0.0,14,25788,买盘
10:49:05,18.42,0.0,13,23946,买盘
10:49:08,18.42,0.0,54,99468,买盘
10:49:11,18.42,0.0,34,62628,买盘
10:49:17,18.42,0.0,31,57102,买盘
10:49:20,18.42,0.0,8,14736,买盘
10:49:23,18.42,0.0,12,22104,买盘
10:49:26,18.42,0.0,52,95784,买盘
10:49:29,18.42,0.0,9,16578,买盘
10:49:32,18.42,0.0,6,11052,买盘
10:49:35,18.42,0.0,46,84732,买盘
10:49:38,18.42,0.0,224,412608,买盘
10:49:41,18.42,0.0,17,31314,买盘
10:49:44,18.42,0.0,3,5526,买盘
10:49:47,18.42,0.0,2,3684,买盘
10:49:50,18.42,0.0,15,27630,买盘
10:49:53,18.42,0.0,8,14736,买盘
10:49:56,18.42,0.0,1,1842,买盘
10:49:59,18.42,0.0,5,9210,买盘
10:50:02,18.42,0.0,6,11052,买盘
10:50:05,18.42,0.0,15,27630,买盘
10:50:08,18.42,0.0,3,5526,买盘
10:50:11,18.42,0.0,6,11052,买盘
10:50:14,18.42,0.0,57,104994,买盘
10:50:17,18.42,0.0,6,11052,买盘
10:50:23,18.42,0.0,20,36840,买盘
10:50:29,18.42,0.0,11,20262,买盘
10:50:32,18.42,0.0,2,3684,买盘
10:50:35,18.42,0.0,5,9210,买盘
10:50:38,18.42,0.0,5,9210,买盘
10:50:41,18.42,0.0,1,1842,买盘
10:50:44,18.42,0.0,30,55260,买盘
10:50:47,18.42,0.0,11,20262,买盘
10:50:50,18.42,0.0,9,16578,买盘
10:50:53,18.42,0.0,1,1842,买盘
10:50:56,18.42,0.0,1,1842,买盘
10:50:59,18.42,0.0,31,57102,买盘
10:51:02,18.42,0.0,70,128940,买盘
10:51:05,18.42,0.0,10,18420,买盘
10:51:08,18.42,0.0,1,1842,买盘
10:51:11,18.42,0.0,14,25788,买盘
10:51:17,18.42,0.0,48,88416,买盘
10:51:20,18.42,0.0,5,9210,买盘
10:51:23,18.42,0.0,4,7368,买盘
10:51:26,18.42,0.0,2,3684,买盘
10:51:29,18.42,0.0,8,14736,买盘
10:51:32,18.42,0.0,18,33156,买盘
10:51:35,18.42,0.0,92,169464,买盘
10:51:38,18.42,0.0,6,11052,买盘
10:51:41,18.42,0.0,5,9210,买盘
10:51:44,18.42,0.0,3,5526,买盘
10:51:47,18.42,0.0,58,106836,买盘
10:51:50,18.42,0.0,86,158412,买盘
10:51:53,18.42,0.0,19,34998,买盘
10:51:56,18.42,0.0,10,18420,买盘
10:51:59,18.42,0.0,4,7368,买盘
10:52:02,18.42,0.0,34,62628,买盘
10:52:05,18.42,0.0,2,3684,买盘
10:52:08,18.42,0.0,105,193410,买盘
10:52:11,18.42,0.0,5,9210,买盘
10:52:14,18.42,0.0,2,3684,买盘
10:52:17,18.42,0.0,17,31314,买盘
10:52:23,18.42,0.0,6,11052,买盘
10:52:26,18.42,0.0,7,12894,买盘
10:52:29,18.42,0.0,12,22104,买盘
10:52:35,18.42,0.0,1,1842,买盘
10:52:38,18.42,0.0,19,34998,买盘
10:52:41,18.42,0.0,15,27630,买盘
10:52:44,18.42,0.0,24,44208,买盘
10:52:47,18.42,0.0,33,60786,买盘
10:52:50,18.42,0.0,13,23946,买盘
10:52:53,18.42,0.0,18,33156,买盘
10:52:56,18.42,0.0,27,49734,买盘
10:52:59,18.42,0.0,1,1842,买盘
10:53:02,18.42,0.0,75,138150,买盘
10:53:05,18.42,0.0,11,20262,买盘
10:53:08,18.42,0.0,26,47892,买盘
10:53:11,18.42,0.0,176,324192,买盘
10:53:14,18.42,0.0,6,11052,买盘
10:53:17,18.42,0.0,3,5526,买盘
10:53:20,18.42,0.0,2,3684,买盘
10:53:23,18.42,0.0,16,29472,买盘
10:53:26,18.42,0.0,8,14736,买盘
10:53:29,18.42,0.0,17,31314,买盘
10:53:35,18.42,0.0,1,1842,买盘
10:53:38,18.42,0.0,32,58944,买盘
10:53:41,18.42,0.0,13,23946,买盘
10:53:44,18.42,0.0,3,5526,买盘
10:53:47,18.42,0.0,13,23946,买盘
10:53:50,18.42,0.0,9,16578,买盘
10:53:53,18.42,0.0,22,40524,买盘
10:53:56,18.42,0.0,1,1842,买盘
10:53:59,18.42,0.0,35,64470,买盘
10:54:02,18.42,0.0,14,25788,买盘
10:54:05,18.42,0.0,5,9210,买盘
10:54:08,18.42,0.0,4,7368,买盘
10:54:11,18.42,0.0,21,38682,买盘
10:54:14,18.42,0.0,16,29472,买盘
10:54:17,18.42,0.0,11,20262,买盘
10:54:20,18.42,0.0,1,1842,买盘
10:54:26,18.42,0.0,17,31314,买盘
10:54:29,18.42,0.0,3,5526,买盘
10:54:32,18.42,0.0,4,7368,买盘
10:54:35,18.42,0.0,25,46050,买盘
10:54:38,18.42,0.0,7,12894,买盘
10:54:41,18.42,0.0,30,55260,买盘
10:54:44,18.42,0.0,7,12894,买盘
10:54:47,18.42,0.0,7,12894,买盘
10:54:50,18.42,0.0,5,9210,买盘
10:54:53,18.42,0.0,21,38682,买盘
10:54:56,18.42,0.0,24,44208,买盘
10:54:59,18.42,0.0,4,7368,买盘
10:55:02,18.42,0.0,15,27630,买盘
10:55:05,18.42,0.0,6,11052,买盘
10:55:08,18.42,0.0,25,46050,买盘
10:55:11,18.42,0.0,13,23946,买盘
10:55:14,18.42,0.0,33,60786,买盘
10:55:17,18.42,0.0,10,18420,买盘
10:55:20,18.42,0.0,47,86574,买盘
10:55:23,18.42,0.0,27,49734,买盘
10:55:26,18.42,0.0,20,36840,买盘
10:55:29,18.42,0.0,18,33156,买盘
10:55:32,18.42,0.0,68,125256,买盘
10:55:35,18.42,0.0,84,154728,买盘
10:55:38,18.42,0.0,15,27630,买盘
10:55:41,18.42,0.0,8,14736,买盘
10:55:44,18.42,0.0,84,154728,买盘
10:55:47,18.42,0.0,77,141834,买盘
10:55:53,18.42,0.0,59,108678,买盘
10:55:56,18.42,0.0,98,180516,买盘
10:55:59,18.42,0.0,137,252354,买盘
10:56:02,18.42,0.0,88,162096,买盘
10:56:05,18.42,0.0,169,311298,买盘
10:56:08,18.42,0.0,150,276300,买盘
10:56:11,18.42,0.0,107,197094,买盘
10:56:14,18.42,0.0,108,198936,买盘
10:56:17,18.42,0.0,26,47892,买盘
10:56:20,18.42,0.0,12,22104,买盘
10:56:23,18.42,0.0,22,40524,买盘
10:56:26,18.42,0.0,143,263406,买盘
10:56:29,18.42,0.0,42,77364,买盘
10:56:32,18.42,0.0,16,29472,买盘
10:56:35,18.42,0.0,70,128940,买盘
10:56:38,18.42,0.0,32,58944,买盘
10:56:41,18.42,0.0,78,143676,买盘
10:56:44,18.42,0.0,67,123414,买盘
10:56:47,18.42,0.0,17,31314,买盘
10:56:50,18.42,0.0,281,517602,买盘
10:56:53,18.42,0.0,7,12894,买盘
10:56:56,18.42,0.0,47,86574,买盘
10:56:59,18.42,0.0,57,104994,买盘
10:57:02,18.42,0.0,40,73680,买盘
10:57:05,18.42,0.0,80,147360,买盘
10:57:08,18.42,0.0,101,186042,买盘
10:57:11,18.42,0.0,164,302088,买盘
10:57:14,18.42,0.0,784,1444128,买盘
10:57:17,18.42,0.0,102,187884,买盘
10:57:20,18.42,0.0,17,31314,买盘
10:57:23,18.42,0.0,104,191568,买盘
10:57:26,18.42,0.0,183,337086,买盘
10:57:29,18.42,0.0,536,987312,买盘
10:57:32,18.42,0.0,148,272616,买盘
10:57:35,18.42,0.0,165,303930,买盘
10:57:38,18.42,0.0,197,362874,买盘
10:57:41,18.42,0.0,66,121572,买盘
10:57:44,18.42,0.0,62,114204,买盘
10:57:47,18.42,0.0,1512,2785104,买盘
10:57:50,18.42,0.0,185,340770,买盘
10:57:53,18.42,0.0,360,663120,买盘
10:57:56,18.42,0.0,246,453132,买盘
10:57:59,18.42,0.0,126,232092,买盘
10:58:02,18.42,0.0,57,104994,买盘
10:58:05,18.42,0.0,301,554442,买盘
10:58:08,18.42,0.0,346,637332,买盘
10:58:11,18.42,0.0,355,653910,买盘
10:58:14,18.42,0.0,197,362874,买盘
10:58:17,18.42,0.0,139,256038,买盘
10:58:20,18.42,0.0,172,316824,买盘
10:58:23,18.42,0.0,371,683382,买盘
10:58:26,18.42,0.0,110,202620,买盘
10:58:29,18.42,0.0,271,499182,买盘
10:58:32,18.42,0.0,302,556284,买盘
10:58:35,18.42,0.0,245,451290,买盘
10:58:38,18.42,0.0,353,650226,买盘
10:58:41,18.42,0.0,281,517602,买盘
10:58:44,18.42,0.0,75,138150,买盘
10:58:47,18.42,0.0,170,313140,买盘
10:58:50,18.42,0.0,651,1199142,买盘
10:58:53,18.42,0.0,76,139992,买盘
10:58:56,18.42,0.0,411,757062,买盘
10:58:59,18.42,0.0,122,224724,买盘
10:59:02,18.42,0.0,306,563652,买盘
10:59:05,18.42,0.0,515,948630,买盘
10:59:08,18.42,0.0,312,574704,买盘
10:59:11,18.42,0.0,293,539706,买盘
10:59:14,18.42,0.0,294,541548,买盘
10:59:17,18.42,0.0,659,1213878,买盘
10:59:20,18.42,0.0,270,497340,买盘
10:59:23,18.42,0.0,399,734958,买盘
10:59:26,18.42,0.0,590,1086780,买盘
10:59:29,18.42,0.0,133,244986,买盘
10:59:32,18.42,0.0,111,204462,买盘
10:59:35,18.42,0.0,112,206304,买盘
10:59:38,18.42,0.0,204,375768,买盘
10:59:41,18.42,0.0,256,471552,买盘
10:59:44,18.42,0.0,596,1097832,买盘
10:59:47,18.42,0.0,128,235776,买盘
10:59:50,18.42,0.0,618,1138356,买盘
10:59:53,18.42,0.0,600,1105200,买盘
10:59:56,18.42,0.0,2060,3794520,买盘
10:59:59,18.42,0.0,3996,7360632,买盘
11:00:02,18.42,0.0,5268,9703656,买盘
11:00:05,18.42,0.0,6349,11694858,买盘
11:00:08,18.42,0.0,8282,15255444,买盘
11:00:11,18.42,0.0,11671,21497982,买盘
11:00:14,18.42,0.0,7830,14422860,买盘
11:00:17,18.42,0.0,9790,18033180,买盘
11:00:20,18.42,0.0,8005,14745210,买盘
11:00:23,18.43,0.01,8926,16441712,买盘
11:00:26,18.44,0.01,1183,2179642,买盘
11:00:29,18.46,0.02,549,1012863,买盘
11:00:32,18.49,0.03,228,421155,买盘
11:00:35,18.56,0.07,1183,2189062,买盘
11:00:38,18.58,0.02,410,760858,买盘
11:00:41,18.63,0.05,795,1478743,买盘
11:00:44,18.66,0.03,369,688429,买盘
11:00:47,18.7,0.04,697,1301506,买盘
11:00:50,18.75,0.05,617,1154852,买盘
11:00:53,18.71,-0.04,1242,2327572,卖盘
11:00:56,18.71,0.0,4002,7486477,卖盘
11:00:59,18.63,-0.08,3111,5813596,卖盘
11:01:02,18.65,0.02,3011,5598817,买盘
11:01:05,18.49,-0.16,1189,2204446,卖盘
11:01:08,18.46,-0.03,1165,2155714,卖盘
11:01:11,18.44,-0.02,1241,2289673,卖盘
11:01:14,18.43,-0.01,758,1398294,卖盘
11:01:17,18.42,-0.01,1312,2418597,卖盘
11:01:20,18.43,0.01,905,1667707,买盘
11:01:23,18.42,-0.01,1419,2614291,卖盘
11:01:26,18.43,0.01,1422,2619876,买盘
11:01:29,18.43,0.0,444,818346,卖盘
11:01:32,18.46,0.03,526,969706,买盘
11:01:35,18.46,0.0,363,669703,买盘
11:01:38,18.46,0.0,270,498563,卖盘
11:01:41,18.49,0.03,195,360928,买盘
11:01:44,18.49,0.0,373,690017,卖盘
11:01:47,18.49,0.0,184,341167,卖盘
11:01:50,18.51,0.02,286,531452,中性盘
11:01:53,18.49,-0.02,445,824101,卖盘
11:01:56,18.49,0.0,702,1301394,卖盘
11:01:59,18.52,0.03,311,575598,买盘
11:02:02,18.52,0.0,826,1530451,买盘
11:02:05,18.52,0.0,304,563268,卖盘
11:02:08,18.52,0.0,457,846452,卖盘
11:02:11,18.52,0.0,529,979990,卖盘
11:02:14,18.53,0.01,506,937874,买盘
11:02:17,18.53,0.0,411,761527,买盘
11:02:20,18.56,0.03,205,380044,买盘
11:02:23,18.56,0.0,290,538075,卖盘
11:02:26,18.56,0.0,443,822122,买盘
11:02:29,18.56,0.0,426,790593,买盘
11:02:32,18.56,0.0,490,909698,买盘
11:02:35,18.58,0.02,346,642609,买盘
11:02:38,18.59,0.01,209,388353,买盘
11:02:41,18.59,0.0,913,1697139,买盘
11:02:44,18.6,0.01,291,541212,买盘
11:02:47,18.61,0.01,206,383216,买盘
11:02:50,18.63,0.02,154,286690,买盘
11:02:53,18.64,0.01,224,417286,买盘
11:02:56,18.6,-0.04,2468,4594986,卖盘
11:02:59,18.6,0.0,4109,7641664,卖盘
11:03:02,18.57,-0.03,1754,3257915,中性盘
11:03:05,18.47,-0.1,2119,3925205,卖盘
11:03:08,18.46,-0.01,990,1832751,卖盘
11:03:11,18.45,-0.01,1283,2366335,卖盘
11:03:14,18.42,-0.03,939,1731085,卖盘
11:03:17,18.42,0.0,868,1599610,卖盘
11:03:20,18.43,0.01,891,1641488,中性盘
11:03:23,18.45,0.02,1400,2579518,买盘
11:03:26,18.43,-0.02,298,549351,卖盘
11:03:29,18.45,0.02,325,599827,卖盘
11:03:32,18.44,-0.01,392,723392,卖盘
11:03:35,18.49,0.05,835,1541208,中性盘
11:03:38,18.46,-0.03,461,850764,卖盘
11:03:41,18.49,0.03,164,303236,买盘
11:03:44,18.46,-0.03,462,853433,卖盘
11:03:47,18.49,0.03,292,539999,买盘
11:03:50,18.49,0.0,76,140536,卖盘
11:03:53,18.52,0.03,772,1428754,买盘
11:03:56,18.5,-0.02,369,682707,卖盘
11:03:59,18.51,0.01,196,362711,买盘
11:04:02,18.5,-0.01,289,534617,卖盘
11:04:05,18.49,-0.01,510,943425,卖盘
11:04:08,18.48,-0.01,396,732064,卖盘
11:04:11,18.45,-0.03,544,1004590,卖盘
11:04:14,18.45,0.0,189,348862,卖盘
11:04:17,18.45,0.0,694,1280633,卖盘
11:04:20,18.47,0.02,490,904074,买盘
11:04:23,18.46,-0.01,463,854299,卖盘
11:04:26,18.44,-0.02,511,942939,卖盘
11:04:29,18.44,0.0,393,725114,卖盘
11:04:32,18.46,0.02,154,284148,买盘
11:04:35,18.46,0.0,414,763976,买盘
11:04:38,18.45,-0.01,606,1118585,中性盘
11:04:41,18.45,0.0,214,394887,卖盘
11:04:44,18.45,0.0,348,642106,买盘
11:04:47,18.45,0.0,641,1182399,卖盘
11:04:50,18.45,0.0,937,1728233,买盘
11:04:53,18.44,-0.01,322,593851,卖盘
11:04:56,18.45,0.01,365,673137,买盘
11:04:59,18.44,-0.01,206,379791,中性盘
11:05:02,18.44,0.0,285,525441,买盘
11:05:05,18.44,0.0,686,1265226,中性盘
11:05:08,18.43,-0.01,671,1236919,卖盘
11:05:11,18.43,0.0,1223,2254118,卖盘
11:05:14,18.44,0.01,701,1292060,买盘
11:05:17,18.44,0.0,382,704115,买盘
11:05:20,18.43,-0.01,336,619195,卖盘
11:05:23,18.42,-0.01,339,624620,卖盘
11:05:26,18.43,0.01,737,1357921,买盘
11:05:29,18.42,-0.01,500,921212,卖盘
11:05:32,18.42,0.0,586,1079505,卖盘
11:05:35,18.43,0.01,1522,2803729,买盘
11:05:38,18.43,0.0,626,1153664,买盘
11:05:41,18.43,0.0,270,497521,卖盘
11:05:44,18.43,0.0,377,694644,卖盘
11:05:47,18.43,0.0,615,1133052,买盘
11:05:50,18.42,-0.01,524,965540,卖盘
11:05:53,18.43,0.01,843,1553299,买盘
11:05:56,18.42,-0.01,363,668786,卖盘
11:05:59,18.42,0.0,143,263498,卖盘
11:06:02,18.43,0.01,420,773711,买盘
11:06:05,18.43,0.0,1570,2892113,买盘
11:06:08,18.42,-0.01,1082,1993228,卖盘
11:06:11,18.42,0.0,1359,2503328,卖盘
11:06:14,18.42,0.0,1229,2264326,卖盘
11:06:17,18.42,0.0,1074,1978420,卖盘
11:06:20,18.42,0.0,3068,5651284,卖盘
11:06:23,18.42,0.0,3135,5774772,卖盘
11:06:26,18.42,0.0,663,1221246,买盘
11:06:29,18.42,0.0,477,878634,买盘
11:06:32,18.42,0.0,121,222882,买盘
11:06:35,18.42,0.0,332,611544,买盘
11:06:38,18.42,0.0,58,106836,买盘
11:06:41,18.42,0.0,378,696276,买盘
11:06:44,18.42,0.0,219,403398,买盘
11:06:47,18.42,0.0,52,95784,买盘
11:06:50,18.42,0.0,58,106836,买盘
11:06:53,18.42,0.0,195,359190,买盘
11:06:56,18.42,0.0,403,742326,买盘
11:06:59,18.42,0.0,66,121572,买盘
11:07:02,18.42,0.0,76,139992,买盘
11:07:05,18.42,0.0,152,279984,买盘
11:07:08,18.42,0.0,137,252354,买盘
11:07:11,18.42,0.0,81,149202,买盘
11:07:14,18.42,0.0,30,55260,买盘
11:07:17,18.42,0.0,14,25788,买盘
11:07:20,18.42,0.0,41,75522,买盘
11:07:23,18.42,0.0,74,136308,买盘
11:07:26,18.42,0.0,146,268932,买盘
11:07:29,18.42,0.0,66,121572,买盘
11:07:32,18.42,0.0,37,68154,买盘
11:07:35,18.42,0.0,98,180516,买盘
11:07:38,18.42,0.0,120,221040,买盘
11:07:41,18.42,0.0,49,90258,买盘
11:07:44,18.42,0.0,32,58944,买盘
11:07:47,18.42,0.0,100,184200,买盘
11:07:50,18.42,0.0,144,265248,买盘
11:07:53,18.42,0.0,16,29472,买盘
11:07:56,18.42,0.0,29,53418,买盘
11:07:59,18.42,0.0,190,349980,买盘
11:08:02,18.42,0.0,77,141834,买盘
11:08:05,18.42,0.0,105,193410,买盘
11:08:08,18.42,0.0,212,390504,买盘
11:08:11,18.42,0.0,165,303930,买盘
11:08:14,18.42,0.0,356,655752,买盘
11:08:17,18.42,0.0,802,1477284,买盘
11:08:20,18.42,0.0,504,928368,买盘
11:08:23,18.42,0.0,435,801270,买盘
11:08:26,18.42,0.0,1237,2278554,买盘
11:08:29,18.42,0.0,779,1434918,买盘
11:08:32,18.42,0.0,366,674172,买盘
11:08:35,18.42,0.0,468,862056,买盘
11:08:38,18.42,0.0,506,932052,买盘
11:08:41,18.42,0.0,365,672330,买盘
11:08:44,18.42,0.0,678,1248876,买盘
11:08:47,18.42,0.0,631,1162302,买盘
11:08:50,18.42,0.0,816,1503072,买盘
11:08:53,18.42,0.0,557,1025994,买盘
11:08:56,18.42,0.0,735,1353870,买盘
11:08:59,18.42,0.0,823,1515966,买盘
11:09:02,18.42,0.0,1218,2243556,买盘
11:09:05,18.43,0.01,1147,2113890,买盘
11:09:08,18.42,-0.01,222,409111,卖盘
11:09:11,18.43,0.01,315,580538,买盘
11:09:14,18.43,0.0,103,189806,买盘
11:09:17,18.42,-0.01,131,241393,卖盘
11:09:20,18.42,0.0,201,370391,卖盘
11:09:23,18.43,0.01,491,904486,买盘
11:09:26,18.43,0.0,488,899033,买盘
11:09:29,18.42,-0.01,229,421998,卖盘
11:09:32,18.43,0.01,202,372223,买盘
11:09:35,18.43,0.0,404,744315,买盘
11:09:38,18.43,0.0,255,470093,卖盘
11:09:41,18.43,0.0,148,272763,卖盘
11:09:44,18.42,-0.01,320,589552,卖盘
11:09:47,18.42,0.0,249,458837,卖盘
11:09:50,18.42,0.0,410,755322,卖盘
11:09:53,18.43,0.01,152,280066,买盘
11:09:56,18.42,-0.01,210,386886,卖盘
11:09:59,18.42,0.0,261,480949,卖盘
11:10:02,18.42,0.0,218,401608,卖盘
11:10:05,18.43,0.01,197,362895,买盘
11:10:08,18.42,-0.01,117,215544,卖盘
11:10:11,18.42,0.0,718,1322865,卖盘
11:10:14,18.43,0.01,519,956226,买盘
11:10:17,18.42,-0.01,400,736901,卖盘
11:10:20,18.43,0.01,186,342686,买盘
11:10:23,18.43,0.0,545,1004158,买盘
11:10:26,18.42,-0.01,289,532361,卖盘
11:10:29,18.42,0.0,66,121611,卖盘
11:10:32,18.42,0.0,83,152921,卖盘
11:10:35,18.42,0.0,113,208219,卖盘
11:10:38,18.43,0.01,139,256078,买盘
11:10:41,18.42,-0.01,277,510349,卖盘
11:10:44,18.43,0.01,244,449636,买盘
11:10:47,18.43,0.0,244,449584,卖盘
11:10:50,18.43,0.0,124,228518,卖盘
11:10:53,18.43,0.0,189,348361,买盘
11:10:56,18.43,0.0,128,236005,卖盘
11:10:59,18.44,0.01,407,749916,买盘
11:11:02,18.44,0.0,1248,2298992,买盘
11:11:05,18.43,-0.01,383,706178,卖盘
11:11:08,18.43,0.0,159,293086,买盘
11:11:11,18.43,0.0,466,858675,卖盘
11:11:14,18.44,0.01,78,143792,买盘
11:11:17,18.43,-0.01,287,529057,卖盘
11:11:20,18.44,0.01,108,199104,买盘
11:11:23,18.43,-0.01,91,167769,卖盘
11:11:26,18.44,0.01,187,344703,买盘
11:11:29,18.42,-0.02,226,416484,卖盘
11:11:32,18.42,0.0,252,464374,卖盘
11:11:35,18.42,0.0,225,414503,卖盘
11:11:38,18.42,0.0,352,648478,卖盘
11:11:41,18.43,0.01,243,447832,买盘
11:11:44,18.43,0.0,628,1156988,卖盘
11:11:47,18.42,-0.01,343,632171,卖盘
11:11:50,18.43,0.01,184,339099,买盘
11:11:53,18.43,0.0,363,668941,卖盘
11:11:56,18.42,-0.01,202,372220,卖盘
11:11:59,18.43,0.01,316,582450,买盘
11:12:02,18.43,0.0,299,550802,买盘
11:12:05,18.42,-0.01,222,409086,卖盘
11:12:08,18.42,0.0,503,926866,卖盘
11:12:11,18.43,0.01,118,217421,买盘
11:12:14,18.43,0.0,300,552734,买盘
11:12:17,18.42,-0.01,249,458853,卖盘
11:12:20,18.42,0.0,273,503102,卖盘
11:12:23,18.43,0.01,162,298504,买盘
11:12:26,18.43,0.0,469,864355,买盘
11:12:29,18.43,0.0,692,1275212,卖盘
11:12:32,18.43,0.0,117,215526,买盘
11:12:35,18.42,-0.01,281,517702,卖盘
11:12:38,18.42,0.0,348,641145,卖盘
11:12:41,18.42,0.0,339,624499,卖盘
11:12:44,18.42,0.0,350,644757,卖盘
11:12:47,18.42,0.0,202,372094,卖盘
11:12:50,18.42,0.0,244,449473,卖盘
11:12:53,18.42,0.0,537,989217,卖盘
11:12:56,18.42,0.0,276,508409,卖盘
11:12:59,18.42,0.0,403,742354,卖盘
11:13:02,18.42,0.0,1007,1854968,卖盘
11:13:05,18.42,0.0,615,1132830,卖盘
11:13:08,18.43,0.01,973,1792814,买盘
11:13:11,18.42,-0.01,85,156570,买盘
11:13:14,18.42,0.0,180,331560,买盘
11:13:17,18.42,0.0,356,655752,买盘
11:13:20,18.42,0.0,35,64470,买盘
11:13:23,18.42,0.0,90,165780,买盘
11:13:26,18.42,0.0,54,99468,买盘
11:13:29,18.42,0.0,82,151044,买盘
11:13:32,18.42,0.0,98,180516,买盘
11:13:35,18.42,0.0,122,224724,买盘
11:13:38,18.42,0.0,40,73680,买盘
11:13:41,18.42,0.0,130,239460,买盘
11:13:44,18.42,0.0,13,23946,买盘
11:13:47,18.42,0.0,102,187884,买盘
11:13:50,18.42,0.0,21,38682,买盘
11:13:53,18.42,0.0,197,362874,买盘
11:13:56,18.42,0.0,26,47892,买盘
11:13:59,18.42,0.0,63,116046,买盘
11:14:02,18.42,0.0,77,141834,买盘
11:14:05,18.42,0.0,24,44208,买盘
11:14:08,18.42,0.0,227,418134,买盘
11:14:11,18.42,0.0,55,101310,买盘
11:14:14,18.42,0.0,31,57102,买盘
11:14:17,18.42,0.0,8,14736,买盘
11:14:20,18.42,0.0,157,289194,买盘
11:14:23,18.42,0.0,27,49734,买盘
11:14:26,18.42,0.0,16,29472,买盘
11:14:29,18.42,0.0,35,64470,买盘
11:14:32,18.42,0.0,66,121572,买盘
11:14:35,18.42,0.0,72,132624,买盘
11:14:38,18.42,0.0,142,261564,买盘
11:14:41,18.42,0.0,177,326034,买盘
11:14:44,18.42,0.0,140,257880,买盘
11:14:47,18.42,0.0,43,79206,买盘
11:14:50,18.42,0.0,125,230250,买盘
11:14:53,18.42,0.0,16,29472,买盘
11:14:56,18.42,0.0,76,139992,买盘
11:14:59,18.42,0.0,84,154728,买盘
11:15:02,18.42,0.0,38,69996,买盘
11:15:05,18.42,0.0,10,18420,买盘
11:15:08,18.42,0.0,31,57102,买盘
11:15:11,18.42,0.0,25,46050,买盘
11:15:14,18.42,0.0,17,31314,买盘
11:15:17,18.42,0.0,22,40524,买盘
11:15:20,18.42,0.0,19,34998,买盘
11:15:23,18.42,0.0,4,7368,买盘
11:15:26,18.42,0.0,58,106836,买盘
11:15:29,18.42,0.0,10,18420,买盘
11:15:32,18.42,0.0,5,9210,买盘
11:15:35,18.42,0.0,125,230250,买盘
11:15:38,18.42,0.0,17,31314,买盘
11:15:41,18.42,0.0,43,79206,买盘
11:15:44,18.42,0.0,104,191568,买盘
11:15:47,18.42,0.0,27,49734,买盘
11:15:50,18.42,0.0,43,79206,买盘
11:15:53,18.42,0.0,3,5526,买盘
11:15:56,18.42,0.0,8,14736,买盘
11:15:59,18.42,0.0,25,46050,买盘
11:16:02,18.42,0.0,25,46050,买盘
11:16:05,18.42,0.0,36,66312,买盘
11:16:08,18.42,0.0,51,93942,买盘
11:16:11,18.42,0.0,16,29472,买盘
11:16:14,18.42,0.0,42,77364,买盘
11:16:17,18.42,0.0,22,40524,买盘
11:16:20,18.42,0.0,3,5526,买盘
11:16:23,18.42,0.0,61,112362,买盘
11:16:26,18.42,0.0,103,189726,买盘
11:16:29,18.42,0.0,26,47892,买盘
11:16:32,18.42,0.0,14,25788,买盘
11:16:35,18.42,0.0,20,36840,买盘
11:16:38,18.42,0.0,46,84732,买盘
11:16:41,18.42,0.0,70,128940,买盘
11:16:44,18.42,0.0,29,53418,买盘
11:16:47,18.42,0.0,74,136308,买盘
11:16:50,18.42,0.0,5,9210,买盘
11:16:53,18.42,0.0,7,12894,买盘
11:16:56,18.42,0.0,363,668646,买盘
11:16:59,18.42,0.0,20,36840,买盘
11:17:02,18.42,0.0,4,7368,买盘
11:17:05,18.42,0.0,24,44208,买盘
11:17:08,18.42,0.0,26,47892,买盘
11:17:11,18.42,0.0,21,38682,买盘
11:17:17,18.42,0.0,69,127098,买盘
11:17:20,18.42,0.0,29,53418,买盘
11:17:23,18.42,0.0,7,12894,买盘
11:17:26,18.42,0.0,8,14736,买盘
11:17:29,18.42,0.0,26,47892,买盘
11:17:32,18.42,0.0,9,16578,买盘
11:17:35,18.42,0.0,11,20262,买盘
11:17:38,18.42,0.0,17,31314,买盘
11:17:41,18.42,0.0,7,12894,买盘
11:17:44,18.42,0.0,6,11052,买盘
11:17:47,18.42,0.0,4,7368,买盘
11:17:50,18.42,0.0,18,33156,买盘
11:17:53,18.42,0.0,46,84732,买盘
11:17:56,18.42,0.0,21,38682,买盘
11:17:59,18.42,0.0,16,29472,买盘
11:18:02,18.42,0.0,52,95784,买盘
11:18:05,18.42,0.0,16,29472,买盘
11:18:08,18.42,0.0,4,7368,买盘
11:18:11,18.42,0.0,19,34998,买盘
11:18:14,18.42,0.0,1,1842,买盘
11:18:17,18.42,0.0,75,138150,买盘
11:18:20,18.42,0.0,3,5526,买盘
11:18:23,18.42,0.0,63,116046,买盘
11:18:26,18.42,0.0,55,101310,买盘
11:18:29,18.42,0.0,32,58944,买盘
11:18:32,18.42,0.0,89,163938,买盘
11:18:35,18.42,0.0,1,1842,买盘
11:18:38,18.42,0.0,8,14736,买盘
11:18:41,18.42,0.0,1,1842,买盘
11:18:44,18.42,0.0,20,36840,买盘
11:18:47,18.42,0.0,3,5526,买盘
11:18:50,18.42,0.0,18,33156,买盘
11:18:53,18.42,0.0,20,36840,买盘
11:18:56,18.42,0.0,18,33156,买盘
11:18:59,18.42,0.0,58,106836,买盘
11:19:02,18.42,0.0,108,198936,买盘
11:19:05,18.42,0.0,25,46050,买盘
11:19:08,18.42,0.0,11,20262,买盘
11:19:11,18.42,0.0,68,125256,买盘
11:19:14,18.42,0.0,143,263406,买盘
11:19:17,18.42,0.0,9,16578,买盘
11:19:20,18.42,0.0,15,27630,买盘
11:19:23,18.42,0.0,28,51576,买盘
11:19:26,18.42,0.0,73,134466,买盘
11:19:29,18.42,0.0,10,18420,买盘
11:19:32,18.42,0.0,7,12894,买盘
11:19:35,18.42,0.0,20,36840,买盘
11:19:38,18.42,0.0,116,213672,买盘
11:19:41,18.42,0.0,260,478920,买盘
11:19:44,18.42,0.0,136,250512,买盘
11:19:47,18.42,0.0,31,57102,买盘
11:19:50,18.42,0.0,34,62628,买盘
11:19:53,18.42,0.0,5,9210,买盘
11:19:56,18.42,0.0,27,49734,买盘
11:19:59,18.42,0.0,176,324192,买盘
11:20:02,18.42,0.0,95,174990,买盘
11:20:05,18.42,0.0,68,125256,买盘
11:20:08,18.42,0.0,113,208146,买盘
11:20:11,18.42,0.0,256,471552,买盘
11:20:14,18.42,0.0,183,337086,买盘
11:20:17,18.42,0.0,216,397872,买盘
11:20:20,18.42,0.0,556,1024152,买盘
11:20:23,18.42,0.0,142,261564,买盘
11:20:26,18.42,0.0,227,418134,买盘
11:20:29,18.42,0.0,198,364716,买盘
11:20:32,18.42,0.0,161,296562,买盘
11:20:35,18.42,0.0,390,718380,买盘
11:20:38,18.42,0.0,163,300246,买盘
11:20:41,18.42,0.0,144,265248,买盘
11:20:44,18.42,0.0,141,259722,买盘
11:20:47,18.42,0.0,648,1193616,买盘
11:20:50,18.42,0.0,196,361032,买盘
11:20:53,18.42,0.0,761,1401762,买盘
11:20:56,18.42,0.0,874,1609908,买盘
11:20:59,18.42,0.0,517,952314,买盘
11:21:02,18.42,0.0,252,464184,买盘
11:21:05,18.42,0.0,289,532338,买盘
11:21:08,18.42,0.0,396,729432,买盘
11:21:11,18.42,0.0,259,477078,买盘
11:21:14,18.42,0.0,100,184200,买盘
11:21:17,18.42,0.0,555,1022310,买盘
11:21:20,18.42,0.0,420,773640,买盘
11:21:23,18.42,0.0,362,666804,买盘
11:21:26,18.42,0.0,783,1442286,买盘
11:21:29,18.42,0.0,418,769956,买盘
11:21:32,18.42,0.0,763,1405446,买盘
11:21:35,18.42,0.0,476,876792,买盘
11:21:38,18.42,0.0,542,998364,买盘
11:21:41,18.42,0.0,707,1302294,买盘
11:21:44,18.43,0.01,333,613393,买盘
11:21:47,18.43,0.0,154,283727,买盘
11:21:50,18.42,-0.01,65,119788,卖盘
11:21:53,18.43,0.01,216,398047,买盘
11:21:56,18.43,0.0,312,574815,买盘
11:21:59,18.43,0.0,186,342746,买盘
11:22:02,18.43,0.0,190,350091,买盘
11:22:05,18.43,0.0,204,375906,买盘
11:22:08,18.42,-0.01,172,316852,卖盘
11:22:11,18.43,0.01,231,425623,买盘
11:22:14,18.43,0.0,207,381403,卖盘
11:22:17,18.43,0.0,116,213761,卖盘
11:22:20,18.43,0.0,205,377705,买盘
11:22:23,18.42,-0.01,137,252448,卖盘
11:22:26,18.42,0.0,750,1381631,卖盘
11:22:29,18.42,0.0,356,655752,买盘
11:22:32,18.42,0.0,253,466026,买盘
11:22:35,18.42,0.0,77,141834,买盘
11:22:38,18.42,0.0,138,254196,买盘
11:22:41,18.42,0.0,37,68154,买盘
11:22:44,18.42,0.0,19,34998,买盘
11:22:47,18.42,0.0,265,488130,买盘
11:22:50,18.42,0.0,55,101310,买盘
11:22:53,18.42,0.0,37,68154,买盘
11:22:56,18.42,0.0,32,58944,买盘
11:22:59,18.42,0.0,54,99468,买盘
11:23:02,18.42,0.0,60,110520,买盘
11:23:05,18.42,0.0,3,5526,买盘
11:23:08,18.42,0.0,23,42366,买盘
11:23:11,18.42,0.0,106,195252,买盘
11:23:14,18.42,0.0,115,211830,买盘
11:23:17,18.42,0.0,23,42366,买盘
11:23:20,18.42,0.0,65,119730,买盘
11:23:23,18.42,0.0,9,16578,买盘
11:23:26,18.42,0.0,27,49734,买盘
11:23:29,18.42,0.0,32,58944,买盘
11:23:32,18.42,0.0,28,51576,买盘
11:23:35,18.42,0.0,53,97626,买盘
11:23:38,18.42,0.0,33,60786,买盘
11:23:41,18.42,0.0,10,18420,买盘
11:23:44,18.42,0.0,6,11052,买盘
11:23:47,18.42,0.0,59,108678,买盘
11:23:50,18.42,0.0,48,88416,买盘
11:23:53,18.42,0.0,6,11052,买盘
11:23:56,18.42,0.0,10,18420,买盘
11:23:59,18.42,0.0,44,81048,买盘
11:24:02,18.42,0.0,81,149202,买盘
11:24:05,18.42,0.0,22,40524,买盘
11:24:08,18.42,0.0,20,36840,买盘
11:24:11,18.42,0.0,11,20262,买盘
11:24:14,18.42,0.0,38,69996,买盘
11:24:17,18.42,0.0,23,42366,买盘
11:24:20,18.42,0.0,71,130782,买盘
11:24:23,18.42,0.0,13,23946,买盘
11:24:26,18.42,0.0,37,68154,买盘
11:24:29,18.42,0.0,59,108678,买盘
11:24:32,18.42,0.0,21,38682,买盘
11:24:35,18.42,0.0,29,53418,买盘
11:24:38,18.42,0.0,8,14736,买盘
11:24:41,18.42,0.0,2,3684,买盘
11:24:44,18.42,0.0,63,116046,买盘
11:24:47,18.42,0.0,41,75522,买盘
11:24:50,18.42,0.0,18,33156,买盘
11:24:53,18.42,0.0,14,25788,买盘
11:24:56,18.42,0.0,23,42366,买盘
11:24:59,18.42,0.0,16,29472,买盘
11:25:02,18.42,0.0,200,368400,买盘
11:25:05,18.42,0.0,42,77364,买盘
11:25:08,18.42,0.0,8,14736,买盘
11:25:11,18.42,0.0,37,68154,买盘
11:25:14,18.42,0.0,4,7368,买盘
11:25:17,18.42,0.0,42,77364,买盘
11:25:20,18.42,0.0,35,64470,买盘
11:25:23,18.42,0.0,29,53418,买盘
11:25:29,18.42,0.0,15,27630,买盘
11:25:32,18.42,0.0,35,64470,买盘
11:25:35,18.42,0.0,5,9210,买盘
11:25:38,18.42,0.0,5,9210,买盘
11:25:41,18.42,0.0,165,303930,买盘
11:25:44,18.42,0.0,1,1842,买盘
11:25:47,18.42,0.0,2,3684,买盘
11:25:50,18.42,0.0,6,11052,买盘
11:25:53,18.42,0.0,128,235776,买盘
11:25:56,18.42,0.0,12,22104,买盘
11:25:59,18.42,0.0,41,75522,买盘
11:26:02,18.42,0.0,42,77364,买盘
11:26:05,18.42,0.0,3,5526,买盘
11:26:08,18.42,0.0,5,9210,买盘
11:26:11,18.42,0.0,17,31314,买盘
11:26:14,18.42,0.0,1,1842,买盘
11:26:17,18.42,0.0,22,40524,买盘
11:26:20,18.42,0.0,9,16578,买盘
11:26:23,18.42,0.0,22,40524,买盘
11:26:26,18.42,0.0,38,69996,买盘
11:26:29,18.42,0.0,50,92100,买盘
11:26:32,18.42,0.0,12,22104,买盘
11:26:35,18.42,0.0,5,9210,买盘
11:26:38,18.42,0.0,10,18420,买盘
11:26:41,18.42,0.0,28,51576,买盘
11:26:44,18.42,0.0,23,42366,买盘
11:26:47,18.42,0.0,18,33156,买盘
11:26:50,18.42,0.0,13,23946,买盘
11:26:53,18.42,0.0,92,169464,买盘
11:26:56,18.42,0.0,12,22104,买盘
11:26:59,18.42,0.0,6,11052,买盘
11:27:02,18.42,0.0,672,1237824,买盘
11:27:05,18.42,0.0,44,81048,买盘
11:27:08,18.42,0.0,28,51576,买盘
11:27:11,18.42,0.0,18,33156,买盘
11:27:14,18.42,0.0,25,46050,买盘
11:27:17,18.42,0.0,13,23946,买盘
11:27:20,18.42,0.0,51,93942,买盘
11:27:23,18.42,0.0,35,64470,买盘
11:27:26,18.42,0.0,547,1007574,买盘
11:27:29,18.42,0.0,113,208146,买盘
11:27:32,18.42,0.0,282,519444,买盘
11:27:35,18.42,0.0,175,322350,买盘
11:27:38,18.42,0.0,352,648384,买盘
11:27:41,18.42,0.0,131,241302,买盘
11:27:44,18.42,0.0,124,228408,买盘
11:27:47,18.42,0.0,479,882318,买盘
11:27:50,18.42,0.0,196,361032,买盘
11:27:53,18.42,0.0,474,873108,买盘
11:27:56,18.42,0.0,323,594966,买盘
11:27:59,18.42,0.0,129,237618,买盘
11:28:02,18.42,0.0,125,230250,买盘
11:28:05,18.42,0.0,225,414450,买盘
11:28:08,18.42,0.0,122,224724,买盘
11:28:11,18.42,0.0,366,674172,买盘
11:28:14,18.42,0.0,205,377610,买盘
11:28:17,18.42,0.0,102,187884,买盘
11:28:20,18.42,0.0,145,267090,买盘
11:28:23,18.42,0.0,171,314982,买盘
11:28:26,18.42,0.0,233,429186,买盘
11:28:29,18.42,0.0,194,357348,买盘
11:28:32,18.42,0.0,212,390504,买盘
11:28:35,18.42,0.0,124,228408,买盘
11:28:38,18.42,0.0,397,731274,买盘
11:28:41,18.42,0.0,656,1208352,买盘
11:28:44,18.42,0.0,385,709170,买盘
11:28:47,18.42,0.0,271,499182,买盘
11:28:50,18.42,0.0,482,887844,买盘
11:28:53,18.42,0.0,507,933894,买盘
11:28:56,18.42,0.0,551,1014942,买盘
11:28:59,18.42,0.0,406,747852,买盘
11:29:02,18.42,0.0,551,1014942,买盘
11:29:05,18.42,0.0,672,1237835,买盘
11:29:08,18.42,0.0,331,609702,卖盘
11:29:11,18.42,0.0,171,314982,买盘
11:29:14,18.42,0.0,332,611544,买盘
11:29:17,18.43,0.01,167,307632,买盘
11:29:20,18.43,0.0,198,364778,买盘
11:29:23,18.43,0.0,87,160274,买盘
11:29:26,18.43,0.0,116,213723,买盘
11:29:29,18.43,0.0,348,641223,买盘
11:29:32,18.43,0.0,187,344566,买盘
11:29:35,18.42,-0.01,148,272660,卖盘
11:29:38,18.43,0.01,534,983726,买盘
11:29:41,18.42,-0.01,348,641064,卖盘
11:29:44,18.42,0.0,134,246828,买盘
11:29:47,18.42,0.0,148,272616,买盘
11:29:50,18.42,0.0,293,539706,买盘
11:29:53,18.42,0.0,98,180516,买盘
11:29:56,18.42,0.0,288,530496,买盘
11:29:59,18.42,0.0,239,440238,买盘
11:30:02,18.42,0.0,12,22104,买盘
13:00:02,18.42,0.0,2525,4651366,买盘
13:00:05,18.42,0.0,2063,3800670,卖盘
13:00:08,18.42,0.0,3400,6263942,卖盘
13:00:11,18.42,0.0,629,1158996,卖盘
13:00:14,18.45,0.03,210,386931,买盘
13:00:17,18.45,0.0,184,338977,买盘
13:00:20,18.42,-0.03,100,184226,卖盘
13:00:23,18.45,0.03,181,333675,买盘
13:00:26,18.42,-0.03,90,165884,卖盘
13:00:29,18.45,0.03,207,381403,买盘
13:00:32,18.44,-0.01,399,734993,买盘
13:00:35,18.45,0.01,387,713219,买盘
13:00:38,18.42,-0.03,147,271056,卖盘
13:00:41,18.44,0.02,224,412855,买盘
13:00:44,18.42,-0.02,46,84783,卖盘
13:00:47,18.44,0.02,278,512268,买盘
13:00:50,18.44,0.0,275,506910,买盘
13:00:53,18.42,-0.02,262,483082,卖盘
13:00:56,18.42,0.0,121,223022,卖盘
13:00:59,18.42,0.0,301,554663,卖盘
13:01:02,18.43,0.01,395,727691,中性盘
13:01:05,18.42,-0.01,70,128962,卖盘
13:01:08,18.42,0.0,364,670822,卖盘
13:01:11,18.42,0.0,312,574765,卖盘
13:01:14,18.42,0.0,311,572881,卖盘
13:01:17,18.42,0.0,155,285525,卖盘
13:01:20,18.43,0.01,132,243179,买盘
13:01:23,18.43,0.0,147,270797,买盘
13:01:26,18.42,-0.01,274,504809,卖盘
13:01:29,18.42,0.0,326,600540,卖盘
13:01:32,18.42,0.0,147,270781,卖盘
13:01:35,18.42,0.0,633,1165997,卖盘
13:01:38,18.42,0.0,1284,2365143,卖盘
13:01:41,18.42,0.0,686,1263612,卖盘
13:01:44,18.42,0.0,183,337086,买盘
13:01:47,18.42,0.0,60,110520,买盘
13:01:50,18.42,0.0,28,51576,买盘
13:01:53,18.42,0.0,26,47892,买盘
13:01:56,18.42,0.0,132,243144,买盘
13:01:59,18.42,0.0,518,954156,买盘
13:02:02,18.42,0.0,96,176832,买盘
13:02:05,18.42,0.0,55,101310,买盘
13:02:08,18.42,0.0,67,123414,买盘
13:02:11,18.42,0.0,10,18420,买盘
13:02:14,18.42,0.0,111,204462,买盘
13:02:17,18.42,0.0,14,25788,买盘
13:02:20,18.42,0.0,30,55260,买盘
13:02:23,18.42,0.0,15,27630,买盘
13:02:29,18.42,0.0,13,23946,买盘
13:02:32,18.42,0.0,1,1842,买盘
13:02:35,18.42,0.0,98,180516,买盘
13:02:38,18.42,0.0,94,173148,买盘
13:02:41,18.42,0.0,33,60786,买盘
13:02:44,18.42,0.0,211,388662,买盘
13:02:47,18.42,0.0,24,44208,买盘
13:02:50,18.42,0.0,6,11052,买盘
13:02:53,18.42,0.0,17,31314,买盘
13:02:59,18.42,0.0,872,1606224,买盘
13:03:02,18.42,0.0,35,64470,买盘
13:03:05,18.42,0.0,27,49734,买盘
13:03:08,18.42,0.0,11,20262,买盘
13:03:11,18.42,0.0,560,1031520,买盘
13:03:14,18.42,0.0,13,23946,买盘
13:03:17,18.42,0.0,74,136308,买盘
13:03:20,18.42,0.0,2,3684,买盘
13:03:23,18.42,0.0,17,31314,买盘
13:03:26,18.42,0.0,16,29472,买盘
13:03:29,18.42,0.0,91,167622,买盘
13:03:32,18.42,0.0,24,44208,买盘
13:03:35,18.42,0.0,17,31314,买盘
13:03:38,18.42,0.0,15,27630,买盘
13:03:41,18.42,0.0,4,7368,买盘
13:03:47,18.42,0.0,8,14736,买盘
13:03:50,18.42,0.0,2,3684,买盘
13:03:59,18.42,0.0,4,7368,买盘
13:04:02,18.42,0.0,1,1842,买盘
13:04:05,18.42,0.0,7,12894,买盘
13:04:11,18.42,0.0,89,163938,买盘
13:04:14,18.42,0.0,2,3684,买盘
13:04:17,18.42,0.0,3,5526,买盘
13:04:20,18.42,0.0,9,16578,买盘
13:04:23,18.42,0.0,827,1523334,买盘
13:04:26,18.42,0.0,18,33156,买盘
13:04:29,18.42,0.0,30,55260,买盘
13:04:32,18.42,0.0,2,3684,买盘
13:04:35,18.42,0.0,5,9210,买盘
13:04:38,18.42,0.0,102,187884,买盘
13:04:41,18.42,0.0,5,9210,买盘
13:04:44,18.42,0.0,10,18420,买盘
13:04:47,18.42,0.0,17,31314,买盘
13:04:50,18.42,0.0,4,7368,买盘
13:04:53,18.42,0.0,51,93942,买盘
13:04:59,18.42,0.0,21,38682,买盘
13:05:02,18.42,0.0,20,36840,买盘
13:05:05,18.42,0.0,13,23946,买盘
13:05:08,18.42,0.0,33,60786,买盘
13:05:11,18.42,0.0,13,23946,买盘
13:05:17,18.42,0.0,188,346296,买盘
13:05:20,18.42,0.0,170,313140,买盘
13:05:29,18.42,0.0,5,9210,买盘
13:05:32,18.42,0.0,1,1842,买盘
13:05:35,18.42,0.0,19,34998,买盘
13:05:38,18.42,0.0,11,20262,买盘
13:05:41,18.42,0.0,5,9210,买盘
13:05:44,18.42,0.0,1,1842,买盘
13:05:47,18.42,0.0,71,130782,买盘
13:05:50,18.42,0.0,3,5526,买盘
13:05:56,18.42,0.0,14,25788,买盘
13:05:59,18.42,0.0,4,7368,买盘
13:06:02,18.42,0.0,11,20262,买盘
13:06:05,18.42,0.0,801,1475442,买盘
13:06:14,18.42,0.0,2,3684,买盘
13:06:17,18.42,0.0,54,99468,买盘
13:06:20,18.42,0.0,14,25788,买盘
13:06:26,18.42,0.0,17,31314,买盘
13:06:29,18.42,0.0,5,9210,买盘
13:06:32,18.42,0.0,58,106836,买盘
13:06:35,18.42,0.0,2,3684,买盘
13:06:38,18.42,0.0,3,5526,买盘
13:06:47,18.42,0.0,7,12894,买盘
13:06:50,18.42,0.0,7,12894,买盘
13:06:53,18.42,0.0,8,14736,买盘
13:06:56,18.42,0.0,2,3684,买盘
13:07:02,18.42,0.0,8,14736,买盘
13:07:05,18.42,0.0,2,3684,买盘
13:07:08,18.42,0.0,54,99468,买盘
13:07:11,18.42,0.0,52,95784,买盘
13:07:14,18.42,0.0,15,27630,买盘
13:07:17,18.42,0.0,1,1842,买盘
13:07:20,18.42,0.0,20,36840,买盘
13:07:23,18.42,0.0,1,1842,买盘
13:07:29,18.42,0.0,56,103152,买盘
13:07:32,18.42,0.0,9,16578,买盘
13:07:35,18.42,0.0,120,221040,买盘
13:07:38,18.42,0.0,4,7368,买盘
13:07:41,18.42,0.0,5,9210,买盘
13:07:44,18.42,0.0,6,11052,买盘
13:07:47,18.42,0.0,15,27630,买盘
13:07:50,18.42,0.0,142,261564,买盘
13:07:53,18.42,0.0,5,9210,买盘
13:07:56,18.42,0.0,2,3684,买盘
13:07:59,18.42,0.0,39,71838,买盘
13:08:02,18.42,0.0,6,11052,买盘
13:08:05,18.42,0.0,1,1842,买盘
13:08:11,18.42,0.0,1,1842,买盘
13:08:14,18.42,0.0,11,20262,买盘
13:08:17,18.42,0.0,1,1842,买盘
13:08:20,18.42,0.0,4,7368,买盘
13:08:23,18.42,0.0,12,22104,买盘
13:08:26,18.42,0.0,18,33156,买盘
13:08:29,18.42,0.0,2,3684,买盘
13:08:32,18.42,0.0,12,22104,买盘
13:08:35,18.42,0.0,1,1842,买盘
13:08:38,18.42,0.0,85,156570,买盘
13:08:41,18.42,0.0,8,14736,买盘
13:08:44,18.42,0.0,10,18420,买盘
13:08:47,18.42,0.0,3,5526,买盘
13:08:50,18.42,0.0,1,1842,买盘
13:08:59,18.42,0.0,4,7368,买盘
13:09:02,18.42,0.0,3,5526,买盘
13:09:05,18.42,0.0,1,1842,买盘
13:09:08,18.42,0.0,11,20262,买盘
13:09:14,18.42,0.0,2,3684,买盘
13:09:17,18.42,0.0,8,14736,买盘
13:09:20,18.42,0.0,1,1842,买盘
13:09:26,18.42,0.0,4,7368,买盘
13:09:29,18.42,0.0,1,1842,买盘
13:09:32,18.42,0.0,1,1842,买盘
13:09:35,18.42,0.0,7,12894,买盘
13:09:41,18.42,0.0,3,5526,买盘
13:09:44,18.42,0.0,8,14736,买盘
13:09:50,18.42,0.0,51,93942,买盘
13:09:53,18.42,0.0,4,7368,买盘
13:09:56,18.42,0.0,16,29472,买盘
13:09:59,18.42,0.0,16,29472,买盘
13:10:02,18.42,0.0,68,125256,买盘
13:10:05,18.42,0.0,93,171306,买盘
13:10:08,18.42,0.0,2,3684,买盘
13:10:11,18.42,0.0,14,25788,买盘
13:10:14,18.42,0.0,39,71838,买盘
13:10:17,18.42,0.0,6,11052,买盘
13:10:20,18.42,0.0,7,12894,买盘
13:10:23,18.42,0.0,17,31314,买盘
13:10:29,18.42,0.0,10,18420,买盘
13:10:35,18.42,0.0,14,25788,买盘
13:10:38,18.42,0.0,101,186042,买盘
13:10:41,18.42,0.0,46,84732,买盘
13:10:44,18.42,0.0,5,9210,买盘
13:10:47,18.42,0.0,8,14736,买盘
13:10:53,18.42,0.0,10,18420,买盘
13:10:56,18.42,0.0,82,151044,买盘
13:10:59,18.42,0.0,1,1842,买盘
13:11:02,18.42,0.0,1,1842,买盘
13:11:11,18.42,0.0,10,18420,买盘
13:11:17,18.42,0.0,11,20262,买盘
13:11:20,18.42,0.0,28,51576,买盘
13:11:26,18.42,0.0,3,5526,买盘
13:11:29,18.42,0.0,4,7368,买盘
13:11:32,18.42,0.0,1,1842,买盘
13:11:35,18.42,0.0,10,18420,买盘
13:11:38,18.42,0.0,32,58944,买盘
13:11:41,18.42,0.0,4,7368,买盘
13:11:44,18.42,0.0,4,7368,买盘
13:11:47,18.42,0.0,8,14736,买盘
13:11:53,18.42,0.0,20,36840,买盘
13:11:56,18.42,0.0,11,20262,买盘
13:11:59,18.42,0.0,14,25788,买盘
13:12:02,18.42,0.0,9,16578,买盘
13:12:05,18.42,0.0,39,71838,买盘
13:12:08,18.42,0.0,4,7368,买盘
13:12:11,18.42,0.0,1,1842,买盘
13:12:17,18.42,0.0,100,184200,买盘
13:12:20,18.42,0.0,2,3684,买盘
13:12:23,18.42,0.0,4,7368,买盘
13:12:29,18.42,0.0,10,18420,买盘
13:12:32,18.42,0.0,2,3684,买盘
13:12:38,18.42,0.0,3,5526,买盘
13:12:41,18.42,0.0,9,16578,买盘
13:12:44,18.42,0.0,34,62628,买盘
13:12:47,18.42,0.0,23,42366,买盘
13:12:50,18.42,0.0,114,209988,买盘
13:12:56,18.42,0.0,1,1842,买盘
13:12:59,18.42,0.0,1,1842,买盘
13:13:05,18.42,0.0,4,7368,买盘
13:13:11,18.42,0.0,3,5526,买盘
13:13:14,18.42,0.0,7,12894,买盘
13:13:17,18.42,0.0,1,1842,买盘
13:13:20,18.42,0.0,9,16578,买盘
13:13:23,18.42,0.0,10,18420,买盘
13:13:26,18.42,0.0,3,5526,买盘
13:13:29,18.42,0.0,1,1842,买盘
13:13:32,18.42,0.0,6,11052,买盘
13:13:38,18.42,0.0,38,69996,买盘
13:13:41,18.42,0.0,3,5526,买盘
13:13:44,18.42,0.0,10,18420,买盘
13:13:47,18.42,0.0,11,20262,买盘
13:13:50,18.42,0.0,3,5526,买盘
13:13:56,18.42,0.0,10,18420,买盘
13:14:02,18.42,0.0,8,14736,买盘
13:14:05,18.42,0.0,1,1842,买盘
13:14:14,18.42,0.0,5,9210,买盘
13:14:20,18.42,0.0,41,75522,买盘
13:14:23,18.42,0.0,3,5526,买盘
13:14:26,18.42,0.0,24,44208,买盘
13:14:35,18.42,0.0,4,7368,买盘
13:14:38,18.42,0.0,4,7368,买盘
13:14:41,18.42,0.0,97,178674,买盘
13:14:44,18.42,0.0,1,1842,买盘
13:14:47,18.42,0.0,7,12894,买盘
13:14:50,18.42,0.0,1,1842,买盘
13:14:56,18.42,0.0,1,1842,买盘
13:14:59,18.42,0.0,346,637332,买盘
13:15:02,18.42,0.0,3,5526,买盘
13:15:11,18.42,0.0,13,23946,买盘
13:15:14,18.42,0.0,3,5526,买盘
13:15:20,18.42,0.0,9,16578,买盘
13:15:23,18.42,0.0,5,9210,买盘
13:15:32,18.42,0.0,1,1842,买盘
13:15:35,18.42,0.0,8,14736,买盘
13:15:38,18.42,0.0,5,9210,买盘
13:15:41,18.42,0.0,8,14736,买盘
13:15:44,18.42,0.0,1,1842,买盘
13:15:50,18.42,0.0,18,33156,买盘
13:15:53,18.42,0.0,4,7368,买盘
13:15:56,18.42,0.0,2,3684,买盘
13:15:59,18.42,0.0,10,18420,买盘
13:16:11,18.42,0.0,4,7368,买盘
13:16:17,18.42,0.0,39,71838,买盘
13:16:20,18.42,0.0,60,110520,买盘
13:16:23,18.42,0.0,11,20262,买盘
13:16:26,18.42,0.0,14,25788,买盘
13:16:35,18.42,0.0,2,3684,买盘
13:16:38,18.42,0.0,1,1842,买盘
13:16:44,18.42,0.0,1,1842,买盘
13:16:53,18.42,0.0,1,1842,买盘
13:16:56,18.42,0.0,2,3684,买盘
13:16:59,18.42,0.0,1,1842,买盘
13:17:02,18.42,0.0,7,12894,买盘
13:17:05,18.42,0.0,23,42366,买盘
13:17:11,18.42,0.0,1,1842,买盘
13:17:14,18.42,0.0,19,34998,买盘
13:17:17,18.42,0.0,1,1842,买盘
13:17:26,18.42,0.0,6,11052,买盘
13:17:29,18.42,0.0,1,1842,买盘
13:17:35,18.42,0.0,20,36840,买盘
13:17:38,18.42,0.0,7,12894,买盘
13:17:44,18.42,0.0,5,9210,买盘
13:17:50,18.42,0.0,2,3684,买盘
13:17:53,18.42,0.0,5,9210,买盘
13:17:56,18.42,0.0,9,16578,买盘
13:18:05,18.42,0.0,2,3684,买盘
13:18:11,18.42,0.0,4,7368,买盘
13:18:14,18.42,0.0,1,1842,买盘
13:18:17,18.42,0.0,44,81048,买盘
13:18:20,18.42,0.0,25,46050,买盘
13:18:23,18.42,0.0,6,11052,买盘
13:18:26,18.42,0.0,19,34998,买盘
13:18:29,18.42,0.0,50,92100,买盘
13:18:35,18.42,0.0,508,935736,买盘
13:18:38,18.42,0.0,53,97626,买盘
13:18:41,18.42,0.0,2,3684,买盘
13:18:47,18.42,0.0,1,1842,买盘
13:18:50,18.42,0.0,50,92100,买盘
13:18:56,18.42,0.0,1,1842,买盘
13:18:59,18.42,0.0,7,12894,买盘
13:19:02,18.42,0.0,1,1842,买盘
13:19:05,18.42,0.0,11,20262,买盘
13:19:11,18.42,0.0,1,1842,买盘
13:19:14,18.42,0.0,3,5526,买盘
13:19:17,18.42,0.0,5,9210,买盘
13:19:20,18.42,0.0,4,7368,买盘
13:19:26,18.42,0.0,5,9210,买盘
13:19:29,18.42,0.0,4,7368,买盘
13:19:32,18.42,0.0,2,3684,买盘
13:19:35,18.42,0.0,21,38682,买盘
13:19:38,18.42,0.0,10,18420,买盘
13:19:47,18.42,0.0,1,1842,买盘
13:19:50,18.42,0.0,3,5526,买盘
13:19:53,18.42,0.0,11,20262,买盘
13:19:56,18.42,0.0,14,25788,买盘
13:20:05,18.42,0.0,11,20262,买盘
13:20:08,18.42,0.0,5,9210,买盘
13:20:14,18.42,0.0,1,1842,买盘
13:20:17,18.42,0.0,8,14736,买盘
13:20:20,18.42,0.0,5,9210,买盘
13:20:23,18.42,0.0,5,9210,买盘
13:20:29,18.42,0.0,4,7368,买盘
13:20:32,18.42,0.0,2,3684,买盘
13:20:35,18.42,0.0,2,3684,买盘
13:20:38,18.42,0.0,5,9210,买盘
13:20:41,18.42,0.0,3,5526,买盘
13:20:44,18.42,0.0,14,25788,买盘
13:20:47,18.42,0.0,9,16578,买盘
13:20:50,18.42,0.0,27,49734,买盘
13:20:53,18.42,0.0,2,3684,买盘
13:20:59,18.42,0.0,65,119730,买盘
13:21:05,18.42,0.0,8,14736,买盘
13:21:08,18.42,0.0,4,7368,买盘
13:21:11,18.42,0.0,1,1842,买盘
13:21:14,18.42,0.0,1,1842,买盘
13:21:20,18.42,0.0,5,9210,买盘
13:21:23,18.42,0.0,4,7368,买盘
13:21:26,18.42,0.0,5,9210,买盘
13:21:29,18.42,0.0,8,14736,买盘
13:21:41,18.42,0.0,1,1842,买盘
13:21:44,18.42,0.0,1,1842,买盘
13:21:47,18.42,0.0,2,3684,买盘
13:21:50,18.42,0.0,10,18420,买盘
13:21:59,18.42,0.0,14,25788,买盘
13:22:08,18.42,0.0,16,29472,买盘
13:22:11,18.42,0.0,29,53418,买盘
13:22:17,18.42,0.0,5,9210,买盘
13:22:20,18.42,0.0,2,3684,买盘
13:22:23,18.42,0.0,6,11052,买盘
13:22:32,18.42,0.0,2,3684,买盘
13:22:35,18.42,0.0,10,18420,买盘
13:22:41,18.42,0.0,16,29472,买盘
13:22:44,18.42,0.0,27,49734,买盘
13:22:56,18.42,0.0,80,147360,买盘
13:22:59,18.42,0.0,5,9210,买盘
13:23:02,18.42,0.0,6,11052,买盘
13:23:08,18.42,0.0,104,191568,买盘
13:23:11,18.42,0.0,5,9210,买盘
13:23:14,18.42,0.0,24,44208,买盘
13:23:17,18.42,0.0,1,1842,买盘
13:23:20,18.42,0.0,3,5526,买盘
13:23:23,18.42,0.0,49,90258,买盘
13:23:26,18.42,0.0,19,34998,买盘
13:23:32,18.42,0.0,11,20262,买盘
13:23:35,18.42,0.0,5,9210,买盘
13:23:38,18.42,0.0,2,3684,买盘
13:23:44,18.42,0.0,1,1842,买盘
13:23:47,18.42,0.0,11,20262,买盘
13:23:53,18.42,0.0,2,3684,买盘
13:23:56,18.42,0.0,15,27630,买盘
13:24:05,18.42,0.0,21,38682,买盘
13:24:08,18.42,0.0,5,9210,买盘
13:24:11,18.42,0.0,5,9210,买盘
13:24:20,18.42,0.0,13,23946,买盘
13:24:26,18.42,0.0,5,9210,买盘
13:24:29,18.42,0.0,18,33156,买盘
13:24:32,18.42,0.0,10,18420,买盘
13:24:35,18.42,0.0,55,101310,买盘
13:24:38,18.42,0.0,14,25788,买盘
13:24:41,18.42,0.0,2,3684,买盘
13:24:47,18.42,0.0,1,1842,买盘
13:24:50,18.42,0.0,1,1842,买盘
13:24:59,18.42,0.0,24,44208,买盘
13:25:05,18.42,0.0,6,11052,买盘
13:25:11,18.42,0.0,2,3684,买盘
13:25:14,18.42,0.0,1,1842,买盘
13:25:17,18.42,0.0,3,5526,买盘
13:25:23,18.42,0.0,7,12894,买盘
13:25:26,18.42,0.0,17,31314,买盘
13:25:29,18.42,0.0,2,3684,买盘
13:25:32,18.42,0.0,2,3684,买盘
13:25:38,18.42,0.0,5,9210,买盘
13:25:41,18.42,0.0,9,16578,买盘
13:25:44,18.42,0.0,2,3684,买盘
13:25:56,18.42,0.0,6,11052,买盘
13:25:59,18.42,0.0,2,3684,买盘
13:26:02,18.42,0.0,8,14736,买盘
13:26:08,18.42,0.0,20,36840,买盘
13:26:11,18.42,0.0,40,73680,买盘
13:26:14,18.42,0.0,13,23946,买盘
13:26:17,18.42,0.0,4,7368,买盘
13:26:23,18.42,0.0,5,9210,买盘
13:26:32,18.42,0.0,8,14736,买盘
13:26:35,18.42,0.0,30,55260,买盘
13:26:38,18.42,0.0,5,9210,买盘
13:26:41,18.42,0.0,1,1842,买盘
13:26:44,18.42,0.0,10,18420,买盘
13:26:53,18.42,0.0,3,5526,买盘
13:26:56,18.42,0.0,2,3684,买盘
13:27:05,18.42,0.0,15,27630,买盘
13:27:14,18.42,0.0,3,5526,买盘
13:27:17,18.42,0.0,6,11052,买盘
13:27:23,18.42,0.0,4,7368,买盘
13:27:32,18.42,0.0,1,1842,买盘
13:27:35,18.42,0.0,6,11052,买盘
13:27:38,18.42,0.0,11,20262,买盘
13:27:50,18.42,0.0,13,23946,买盘
13:27:53,18.42,0.0,1,1842,买盘
13:27:56,18.42,0.0,2,3684,买盘
13:28:05,18.42,0.0,1,1842,买盘
13:28:08,18.42,0.0,2,3684,买盘
13:28:11,18.42,0.0,5,9210,买盘
13:28:17,18.42,0.0,5,9210,买盘
13:28:26,18.42,0.0,100,184200,买盘
13:28:35,18.42,0.0,50,92100,买盘
13:28:38,18.42,0.0,5,9210,买盘
13:28:41,18.42,0.0,38,69996,买盘
13:28:47,18.42,0.0,14,25788,买盘
13:28:50,18.42,0.0,7,12894,买盘
13:28:59,18.42,0.0,5,9210,买盘
13:29:02,18.42,0.0,29,53418,买盘
13:29:11,18.42,0.0,1,1842,买盘
13:29:20,18.42,0.0,10,18420,买盘
13:29:23,18.42,0.0,54,99468,买盘
13:29:32,18.42,0.0,2,3684,买盘
13:29:35,18.42,0.0,13,23946,买盘
13:29:47,18.42,0.0,10,18420,买盘
13:29:50,18.42,0.0,22,40524,买盘
13:29:53,18.42,0.0,6,11052,买盘
13:29:56,18.42,0.0,12,22104,买盘
13:29:59,18.42,0.0,3,5526,买盘
13:30:05,18.42,0.0,8,14736,买盘
13:30:08,18.42,0.0,26,47892,买盘
13:30:17,18.42,0.0,2,3684,买盘
13:30:29,18.42,0.0,4,7368,买盘
13:30:35,18.42,0.0,2,3684,买盘
13:30:41,18.42,0.0,9,16578,买盘
13:30:44,18.42,0.0,5,9210,买盘
13:30:53,18.42,0.0,5,9210,买盘
13:31:05,18.42,0.0,15,27630,买盘
13:31:11,18.42,0.0,3,5526,买盘
13:31:14,18.42,0.0,8,14736,买盘
13:31:20,18.42,0.0,25,46050,买盘
13:31:26,18.42,0.0,7,12894,买盘
13:31:29,18.42,0.0,6,11052,买盘
13:31:41,18.42,0.0,2,3684,买盘
13:31:44,18.42,0.0,9,16578,买盘
13:31:47,18.42,0.0,6,11052,买盘
13:31:56,18.42,0.0,70,128940,买盘
13:32:05,18.42,0.0,1,1842,买盘
13:32:23,18.42,0.0,4,7368,买盘
13:32:26,18.42,0.0,6,11052,买盘
13:32:29,18.42,0.0,3,5526,买盘
13:32:32,18.42,0.0,6,11052,买盘
13:32:35,18.42,0.0,7,12894,买盘
13:32:38,18.42,0.0,11,20262,买盘
13:32:47,18.42,0.0,75,138150,买盘
13:32:53,18.42,0.0,18,33156,买盘
13:32:56,18.42,0.0,10,18420,买盘
13:33:20,18.42,0.0,59,108678,买盘
13:33:44,18.42,0.0,2,3684,买盘
13:33:47,18.42,0.0,3,5526,买盘
13:33:50,18.42,0.0,1,1842,买盘
13:34:05,18.42,0.0,38,69996,买盘
13:34:08,18.42,0.0,2,3684,买盘
13:34:38,18.42,0.0,4,7368,买盘
13:34:41,18.42,0.0,1,1842,买盘
13:34:47,18.42,0.0,45,82890,买盘
13:34:59,18.42,0.0,41,75522,买盘
13:35:05,18.42,0.0,2,3684,买盘
13:35:08,18.42,0.0,1,1842,买盘
13:35:17,18.42,0.0,36,66312,买盘
13:35:20,18.42,0.0,2,3684,买盘
13:35:23,18.42,0.0,26,47892,买盘
13:35:26,18.42,0.0,2,3684,买盘
13:35:32,18.42,0.0,2,3684,买盘
13:35:44,18.42,0.0,1,1842,买盘
13:35:53,18.42,0.0,6,11052,买盘
13:35:56,18.42,0.0,24,44208,买盘
13:35:59,18.42,0.0,14,25788,买盘
13:36:11,18.42,0.0,15,27630,买盘
13:36:14,18.42,0.0,5,9210,买盘
13:36:17,18.42,0.0,6,11052,买盘
13:36:26,18.42,0.0,3,5526,买盘
13:36:35,18.42,0.0,41,75522,买盘
13:36:41,18.42,0.0,18,33156,买盘
13:36:50,18.42,0.0,4,7368,买盘
13:36:59,18.42,0.0,200,368400,买盘
13:37:05,18.42,0.0,24,44208,买盘
13:37:14,18.42,0.0,2,3684,买盘
13:37:17,18.42,0.0,1,1842,买盘
13:37:20,18.42,0.0,2,3684,买盘
13:37:23,18.42,0.0,5,9210,买盘
13:37:26,18.42,0.0,11,20262,买盘
13:37:29,18.42,0.0,15,27630,买盘
13:37:32,18.42,0.0,48,88416,买盘
13:37:35,18.42,0.0,2,3684,买盘
13:37:38,18.42,0.0,2,3684,买盘
13:37:47,18.42,0.0,5,9210,买盘
13:37:53,18.42,0.0,32,58944,买盘
13:37:59,18.42,0.0,5,9210,买盘
13:38:02,18.42,0.0,2,3684,买盘
13:38:08,18.42,0.0,33,60786,买盘
13:38:11,18.42,0.0,3,5526,买盘
13:38:20,18.42,0.0,39,71838,买盘
13:38:23,18.42,0.0,4,7368,买盘
13:38:26,18.42,0.0,2,3684,买盘
13:38:32,18.42,0.0,2,3684,买盘
13:38:35,18.42,0.0,35,64470,买盘
13:38:44,18.42,0.0,11,20262,买盘
13:38:50,18.42,0.0,23,42366,买盘
13:38:56,18.42,0.0,5,9210,买盘
13:38:59,18.42,0.0,2,3684,买盘
13:39:02,18.42,0.0,10,18420,买盘
13:39:05,18.42,0.0,10,18420,买盘
13:39:11,18.42,0.0,5,9210,买盘
13:39:14,18.42,0.0,13,23946,买盘
13:39:17,18.42,0.0,19,34998,买盘
13:39:23,18.42,0.0,3,5526,买盘
13:39:29,18.42,0.0,66,121572,买盘
13:39:35,18.42,0.0,14,25788,买盘
13:39:38,18.42,0.0,52,95784,买盘
13:39:41,18.42,0.0,2,3684,买盘
13:39:47,18.42,0.0,1,1842,买盘
13:39:50,18.42,0.0,5,9210,买盘
13:39:56,18.42,0.0,16,29472,买盘
13:39:59,18.42,0.0,1,1842,买盘
13:40:05,18.42,0.0,34,62628,买盘
13:40:08,18.42,0.0,1,1842,买盘
13:40:11,18.42,0.0,4,7368,买盘
13:40:14,18.42,0.0,3,5526,买盘
13:40:20,18.42,0.0,6,11052,买盘
13:40:29,18.42,0.0,19,34998,买盘
13:40:35,18.42,0.0,2,3684,买盘
13:40:41,18.42,0.0,43,79206,买盘
13:40:47,18.42,0.0,28,51576,买盘
13:40:50,18.42,0.0,1,1842,买盘
13:40:53,18.42,0.0,11,20262,买盘
13:41:05,18.42,0.0,2,3684,买盘
13:41:14,18.42,0.0,7,12894,买盘
13:41:17,18.42,0.0,1,1842,买盘
13:41:20,18.42,0.0,32,58944,买盘
13:41:23,18.42,0.0,1,1842,买盘
13:41:29,18.42,0.0,25,46050,买盘
13:41:32,18.42,0.0,15,27630,买盘
13:41:44,18.42,0.0,4,7368,买盘
13:41:47,18.42,0.0,1,1842,买盘
13:41:50,18.42,0.0,6,11052,买盘
13:41:56,18.42,0.0,38,69996,买盘
13:42:02,18.42,0.0,132,243144,买盘
13:42:08,18.42,0.0,12,22104,买盘
13:42:11,18.42,0.0,4,7368,买盘
13:42:17,18.42,0.0,1,1842,买盘
13:42:23,18.42,0.0,1,1842,买盘
13:42:29,18.42,0.0,26,47892,买盘
13:42:32,18.42,0.0,11,20262,买盘
13:42:38,18.42,0.0,2,3684,买盘
13:42:41,18.42,0.0,15,27630,买盘
13:42:44,18.42,0.0,35,64470,买盘
13:42:53,18.42,0.0,25,46050,买盘
13:42:56,18.42,0.0,52,95784,买盘
13:42:59,18.42,0.0,84,154728,买盘
13:43:02,18.42,0.0,1,1842,买盘
13:43:05,18.42,0.0,2,3684,买盘
13:43:11,18.42,0.0,1,1842,买盘
13:43:14,18.42,0.0,5,9210,买盘
13:43:17,18.42,0.0,1,1842,买盘
13:43:23,18.42,0.0,8,14736,买盘
13:43:26,18.42,0.0,1,1842,买盘
13:43:32,18.42,0.0,6,11052,买盘
13:43:35,18.42,0.0,10,18420,买盘
13:43:38,18.42,0.0,1,1842,买盘
13:43:41,18.42,0.0,2,3684,买盘
13:43:47,18.42,0.0,1,1842,买盘
13:43:50,18.42,0.0,1,1842,买盘
13:43:53,18.42,0.0,28,51576,买盘
13:43:56,18.42,0.0,9,16578,买盘
13:44:02,18.42,0.0,3,5526,买盘
13:44:05,18.42,0.0,4,7368,买盘
13:44:08,18.42,0.0,1,1842,买盘
13:44:11,18.42,0.0,1,1842,买盘
13:44:14,18.42,0.0,3,5526,买盘
13:44:17,18.42,0.0,45,82890,买盘
13:44:20,18.42,0.0,4,7368,买盘
13:44:23,18.42,0.0,1,1842,买盘
13:44:29,18.42,0.0,2,3684,买盘
13:44:32,18.42,0.0,1,1842,买盘
13:44:35,18.42,0.0,1,1842,买盘
13:44:44,18.42,0.0,2,3684,买盘
13:44:47,18.42,0.0,3,5526,买盘
13:44:50,18.42,0.0,1,1842,买盘
13:44:56,18.42,0.0,2,3684,买盘
13:45:05,18.42,0.0,1,1842,买盘
13:45:08,18.42,0.0,13,23946,买盘
13:45:11,18.42,0.0,4,7368,买盘
13:45:14,18.42,0.0,5,9210,买盘
13:45:17,18.42,0.0,1,1842,买盘
13:45:20,18.42,0.0,7,12894,买盘
13:45:23,18.42,0.0,47,86574,买盘
13:45:26,18.42,0.0,5,9210,买盘
13:45:32,18.42,0.0,2,3684,买盘
13:45:35,18.42,0.0,2,3684,买盘
13:45:38,18.42,0.0,5,9210,买盘
13:45:41,18.42,0.0,18,33156,买盘
13:45:44,18.42,0.0,9,16578,买盘
13:45:50,18.42,0.0,36,66312,买盘
13:45:53,18.42,0.0,21,38682,买盘
13:45:56,18.42,0.0,5,9210,买盘
13:45:59,18.42,0.0,1,1842,买盘
13:46:02,18.42,0.0,2,3684,买盘
13:46:05,18.42,0.0,3,5526,买盘
13:46:08,18.42,0.0,1,1842,买盘
13:46:11,18.42,0.0,7,12894,买盘
13:46:14,18.42,0.0,17,31314,买盘
13:46:20,18.42,0.0,52,95784,买盘
13:46:23,18.42,0.0,18,33156,买盘
13:46:29,18.42,0.0,12,22104,买盘
13:46:32,18.42,0.0,10,18420,买盘
13:46:35,18.42,0.0,1,1842,买盘
13:46:44,18.42,0.0,5,9210,买盘
13:46:53,18.42,0.0,5,9210,买盘
13:46:56,18.42,0.0,1,1842,买盘
13:46:59,18.42,0.0,5,9210,买盘
13:47:02,18.42,0.0,100,184200,买盘
13:47:05,18.42,0.0,15,27630,买盘
13:47:08,18.42,0.0,10,18420,买盘
13:47:11,18.42,0.0,51,93942,买盘
13:47:14,18.42,0.0,1,1842,买盘
13:47:20,18.42,0.0,20,36840,买盘
13:47:23,18.42,0.0,7,12894,买盘
13:47:29,18.42,0.0,1,1842,买盘
13:47:44,18.42,0.0,3,5526,买盘
13:47:47,18.42,0.0,2,3684,买盘
13:47:50,18.42,0.0,1,1842,买盘
13:47:59,18.42,0.0,14,25788,买盘
13:48:08,18.42,0.0,5,9210,买盘
13:48:11,18.42,0.0,30,55260,买盘
13:48:17,18.42,0.0,4,7368,买盘
13:48:20,18.42,0.0,3,5526,买盘
13:48:26,18.42,0.0,32,58944,买盘
13:48:29,18.42,0.0,5,9210,买盘
13:48:32,18.42,0.0,5,9210,买盘
13:48:35,18.42,0.0,5,9210,买盘
13:48:44,18.42,0.0,4,7368,买盘
13:48:50,18.42,0.0,11,20262,买盘
13:48:59,18.42,0.0,10,18420,买盘
13:49:02,18.42,0.0,30,55260,买盘
13:49:05,18.42,0.0,11,20262,买盘
13:49:08,18.42,0.0,15,27630,买盘
13:49:14,18.42,0.0,19,34998,买盘
13:49:17,18.42,0.0,4,7368,买盘
13:49:20,18.42,0.0,25,46050,买盘
13:49:23,18.42,0.0,69,127098,买盘
13:49:26,18.42,0.0,8,14736,买盘
13:49:32,18.42,0.0,2,3684,买盘
13:49:38,18.42,0.0,18,33156,买盘
13:49:41,18.42,0.0,16,29472,买盘
13:49:47,18.42,0.0,5,9210,买盘
13:49:53,18.42,0.0,1,1842,买盘
13:49:56,18.42,0.0,8,14736,买盘
13:49:59,18.42,0.0,1,1842,买盘
13:50:02,18.42,0.0,1,1842,买盘
13:50:11,18.42,0.0,2,3684,买盘
13:50:17,18.42,0.0,14,25788,买盘
13:50:29,18.42,0.0,2,3684,买盘
13:50:32,18.42,0.0,2,3684,买盘
13:50:50,18.42,0.0,6,11052,买盘
13:50:53,18.42,0.0,5,9210,买盘
13:51:02,18.42,0.0,1,1842,买盘
13:51:05,18.42,0.0,11,20262,买盘
13:51:08,18.42,0.0,18,33156,买盘
13:51:11,18.42,0.0,1,1842,买盘
13:51:20,18.42,0.0,7,12894,买盘
13:51:23,18.42,0.0,11,20262,买盘
13:51:26,18.42,0.0,3,5526,买盘
13:51:47,18.42,0.0,6,11052,买盘
13:51:50,18.42,0.0,2,3684,买盘
13:51:53,18.42,0.0,6,11052,买盘
13:51:59,18.42,0.0,3,5526,买盘
13:52:02,18.42,0.0,3,5526,买盘
13:52:11,18.42,0.0,5,9210,买盘
13:52:14,18.42,0.0,3,5526,买盘
13:52:20,18.42,0.0,30,55260,买盘
13:52:23,18.42,0.0,3,5526,买盘
13:52:26,18.42,0.0,1,1842,买盘
13:52:29,18.42,0.0,2,3684,买盘
13:52:32,18.42,0.0,89,163938,买盘
13:52:35,18.42,0.0,6,11052,买盘
13:52:38,18.42,0.0,5,9210,买盘
13:52:41,18.42,0.0,4,7368,买盘
13:52:44,18.42,0.0,30,55260,买盘
13:52:47,18.42,0.0,19,34998,买盘
13:52:50,18.42,0.0,1,1842,买盘
13:52:53,18.42,0.0,8,14736,买盘
13:52:56,18.42,0.0,1,1842,买盘
13:52:59,18.42,0.0,1,1842,买盘
13:53:02,18.42,0.0,7,12894,买盘
13:53:05,18.42,0.0,2,3684,买盘
13:53:11,18.42,0.0,2,3684,买盘
13:53:14,18.42,0.0,10,18420,买盘
13:53:20,18.42,0.0,2,3684,买盘
13:53:26,18.42,0.0,15,27630,买盘
13:53:32,18.42,0.0,4,7368,买盘
13:53:41,18.42,0.0,2,3684,买盘
13:53:47,18.42,0.0,5,9210,买盘
13:53:50,18.42,0.0,10,18420,买盘
13:53:56,18.42,0.0,12,22104,买盘
13:53:59,18.42,0.0,8,14736,买盘
13:54:02,18.42,0.0,23,42366,买盘
13:54:05,18.42,0.0,8,14736,买盘
13:54:11,18.42,0.0,1,1842,买盘
13:54:14,18.42,0.0,2,3684,买盘
13:54:17,18.42,0.0,1,1842,买盘
13:54:20,18.42,0.0,10,18420,买盘
13:54:23,18.42,0.0,2,3684,买盘
13:54:29,18.42,0.0,1,1842,买盘
13:54:38,18.42,0.0,2,3684,买盘
13:54:41,18.42,0.0,10,18420,买盘
13:54:50,18.42,0.0,13,23946,买盘
13:54:56,18.42,0.0,55,101310,买盘
13:55:05,18.42,0.0,60,110520,买盘
13:55:08,18.42,0.0,2,3684,买盘
13:55:11,18.42,0.0,2,3684,买盘
13:55:14,18.42,0.0,2,3684,买盘
13:55:17,18.42,0.0,12,22104,买盘
13:55:23,18.42,0.0,35,64470,买盘
13:55:26,18.42,0.0,3,5526,买盘
13:55:29,18.42,0.0,1,1842,买盘
13:55:32,18.42,0.0,10,18420,买盘
13:55:35,18.42,0.0,1,1842,买盘
13:55:38,18.42,0.0,2,3684,买盘
13:55:41,18.42,0.0,3,5526,买盘
13:55:44,18.42,0.0,11,20262,买盘
13:55:47,18.42,0.0,1,1842,买盘
13:55:50,18.42,0.0,6,11052,买盘
13:55:53,18.42,0.0,12,22104,买盘
13:55:59,18.42,0.0,2,3684,买盘
13:56:02,18.42,0.0,2,3684,买盘
13:56:05,18.42,0.0,3,5526,买盘
13:56:08,18.42,0.0,1,1842,买盘
13:56:11,18.42,0.0,27,49734,买盘
13:56:17,18.42,0.0,1,1842,买盘
13:56:20,18.42,0.0,8,14736,买盘
13:56:23,18.42,0.0,1,1842,买盘
13:56:32,18.42,0.0,1,1842,买盘
13:56:44,18.42,0.0,12,22104,买盘
13:56:50,18.42,0.0,1,1842,买盘
13:56:53,18.42,0.0,3,5526,买盘
13:56:56,18.42,0.0,5,9210,买盘
13:57:05,18.42,0.0,13,23946,买盘
13:57:11,18.42,0.0,6,11052,买盘
13:57:14,18.42,0.0,6,11052,买盘
13:57:17,18.42,0.0,78,143676,买盘
13:57:23,18.42,0.0,11,20262,买盘
13:57:26,18.42,0.0,10,18420,买盘
13:57:29,18.42,0.0,5,9210,买盘
13:57:35,18.42,0.0,1,1842,买盘
13:57:41,18.42,0.0,1,1842,买盘
13:57:44,18.42,0.0,11,20262,买盘
13:57:47,18.42,0.0,6,11052,买盘
13:57:50,18.42,0.0,17,31314,买盘
13:57:53,18.42,0.0,2,3684,买盘
13:57:56,18.42,0.0,6,11052,买盘
13:57:59,18.42,0.0,23,42366,买盘
13:58:05,18.42,0.0,4,7368,买盘
13:58:08,18.42,0.0,7,12894,买盘
13:58:11,18.42,0.0,18,33156,买盘
13:58:14,18.42,0.0,11,20262,买盘
13:58:20,18.42,0.0,1,1842,买盘
13:58:29,18.42,0.0,22,40524,买盘
13:58:32,18.42,0.0,36,66312,买盘
13:58:35,18.42,0.0,35,64470,买盘
13:58:38,18.42,0.0,36,66312,买盘
13:58:41,18.42,0.0,26,47892,买盘
13:58:44,18.42,0.0,24,44208,买盘
13:58:47,18.42,0.0,89,163938,买盘
13:58:50,18.42,0.0,3,5526,买盘
13:58:53,18.42,0.0,9,16578,买盘
13:58:59,18.42,0.0,12,22104,买盘
13:59:02,18.42,0.0,1,1842,买盘
13:59:05,18.42,0.0,26,47892,买盘
13:59:08,18.42,0.0,14,25788,买盘
13:59:11,18.42,0.0,6,11052,买盘
13:59:14,18.42,0.0,1,1842,买盘
13:59:17,18.42,0.0,4,7368,买盘
13:59:20,18.42,0.0,108,198936,买盘
13:59:29,18.42,0.0,2,3684,买盘
13:59:32,18.42,0.0,10,18420,买盘
13:59:35,18.42,0.0,2,3684,买盘
13:59:38,18.42,0.0,2,3684,买盘
13:59:41,18.42,0.0,1,1842,买盘
13:59:47,18.42,0.0,3,5526,买盘
13:59:56,18.42,0.0,4,7368,买盘
14:00:05,18.42,0.0,2,3684,买盘
14:00:08,18.42,0.0,1,1842,买盘
14:00:11,18.42,0.0,9,16578,买盘
14:00:14,18.42,0.0,5,9210,买盘
14:00:20,18.42,0.0,9,16578,买盘
14:00:23,18.42,0.0,6,11052,买盘
14:00:26,18.42,0.0,1,1842,买盘
14:00:38,18.42,0.0,34,62628,买盘
14:00:41,18.42,0.0,9,16578,买盘
14:00:44,18.42,0.0,6,11052,买盘
14:00:50,18.42,0.0,4,7368,买盘
14:00:53,18.42,0.0,1,1842,买盘
14:00:59,18.42,0.0,21,38682,买盘
14:01:02,18.42,0.0,10,18420,买盘
14:01:08,18.42,0.0,2,3684,买盘
14:01:14,18.42,0.0,3,5526,买盘
14:01:17,18.42,0.0,5,9210,买盘
14:01:20,18.42,0.0,5,9210,买盘
14:01:23,18.42,0.0,1,1842,买盘
14:01:26,18.42,0.0,6,11052,买盘
14:01:32,18.42,0.0,7,12894,买盘
14:01:38,18.42,0.0,11,20262,买盘
14:01:41,18.42,0.0,7,12894,买盘
14:01:44,18.42,0.0,5,9210,买盘
14:01:47,18.42,0.0,18,33156,买盘
14:01:50,18.42,0.0,11,20262,买盘
14:01:53,18.42,0.0,25,46050,买盘
14:01:56,18.42,0.0,3,5526,买盘
14:01:59,18.42,0.0,3,5526,买盘
14:02:02,18.42,0.0,10,18420,买盘
14:02:05,18.42,0.0,8,14736,买盘
14:02:08,18.42,0.0,13,23946,买盘
14:02:11,18.42,0.0,9,16578,买盘
14:02:14,18.42,0.0,13,23946,买盘
14:02:17,18.42,0.0,14,25788,买盘
14:02:23,18.42,0.0,14,25788,买盘
14:02:29,18.42,0.0,26,47892,买盘
14:02:35,18.42,0.0,12,22104,买盘
14:02:38,18.42,0.0,15,27630,买盘
14:02:41,18.42,0.0,5,9210,买盘
