成交时间,成交价格,价格变动,成交量,成交金额,性质
09:25:02,4.96,0.01,21097,10464112,买盘
09:30:02,4.98,0.02,2993,1488494,买盘
09:30:05,4.98,0.0,4000,1991673,卖盘
09:30:08,5.0,0.02,5076,2535135,买盘
09:30:11,5.07,0.07,9630,4831114,买盘
09:30:14,5.08,0.01,1983,1005805,买盘
09:30:17,5.07,-0.01,3201,1625348,卖盘
09:30:20,5.11,0.04,5962,3035170,买盘
09:30:23,5.12,0.01,15184,7764757,买盘
09:30:26,5.12,0.0,1912,978944,卖盘
09:30:29,5.12,0.0,3413,1747456,卖盘
09:30:32,5.12,0.0,1389,711168,卖盘
09:30:35,5.12,0.0,1363,697856,卖盘
09:30:38,5.12,0.0,1956,1001472,卖盘
09:30:41,5.12,0.0,1657,848384,卖盘
09:30:44,5.12,0.0,2346,1201152,卖盘
09:30:47,5.12,0.0,4102,2100224,卖盘
09:30:50,5.12,0.0,1364,698368,卖盘
09:30:53,5.12,0.0,903,462336,卖盘
09:30:56,5.12,0.0,2037,1042944,卖盘
09:30:59,5.12,0.0,1065,545280,卖盘
09:31:02,5.12,0.0,940,481280,卖盘
09:31:05,5.12,0.0,507,259584,卖盘
09:31:08,5.12,0.0,681,348672,卖盘
09:31:11,5.12,0.0,541,276992,卖盘
09:31:14,5.12,0.0,830,424960,卖盘
09:31:17,5.12,0.0,3309,1694208,卖盘
09:31:20,5.12,0.0,1312,671744,卖盘
09:31:23,5.12,0.0,729,373248,卖盘
09:31:26,5.12,0.0,5846,2993152,卖盘
09:31:29,5.12,0.0,2525,1292800,卖盘
09:31:32,5.12,0.0,402,205824,卖盘
09:31:35,5.12,0.0,1060,542720,卖盘
09:31:38,5.12,0.0,993,508416,卖盘
09:31:41,5.12,0.0,931,476672,卖盘
09:31:44,5.12,0.0,1012,518144,卖盘
09:31:47,5.12,0.0,1157,592384,卖盘
09:31:50,5.12,0.0,1189,608768,卖盘
09:31:53,5.12,0.0,267,136704,卖盘
09:31:56,5.12,0.0,1509,772608,卖盘
09:31:59,5.12,0.0,233,119296,卖盘
09:32:02,5.12,0.0,134,68608,卖盘
09:32:05,5.12,0.0,821,420352,卖盘
09:32:08,5.12,0.0,517,264704,卖盘
09:32:11,5.12,0.0,197,100864,卖盘
09:32:14,5.12,0.0,417,213504,卖盘
09:32:17,5.12,0.0,274,140288,卖盘
09:32:20,5.12,0.0,101,51712,卖盘
09:32:23,5.12,0.0,262,134144,卖盘
09:32:26,5.12,0.0,146,74752,卖盘
09:32:29,5.12,0.0,339,173568,卖盘
09:32:32,5.12,0.0,208,106496,卖盘
09:32:35,5.12,0.0,249,127488,卖盘
09:32:38,5.12,0.0,208,106496,卖盘
09:32:41,5.12,0.0,146,74752,卖盘
09:32:44,5.12,0.0,64,32768,卖盘
09:32:47,5.12,0.0,85,43520,卖盘
09:32:50,5.12,0.0,151,77312,卖盘
09:32:53,5.12,0.0,204,104448,卖盘
09:32:56,5.12,0.0,463,237056,卖盘
09:32:59,5.12,0.0,156,79872,卖盘
09:33:02,5.12,0.0,62,31744,卖盘
09:33:05,5.12,0.0,163,83456,卖盘
09:33:08,5.12,0.0,29,14848,卖盘
09:33:11,5.12,0.0,232,118784,卖盘
09:33:14,5.12,0.0,123,62976,卖盘
09:33:17,5.12,0.0,141,72192,卖盘
09:33:20,5.12,0.0,19,9728,卖盘
09:33:23,5.12,0.0,28,14336,卖盘
09:33:26,5.12,0.0,189,96768,卖盘
09:33:29,5.12,0.0,115,58880,卖盘
09:33:32,5.12,0.0,615,314880,卖盘
09:33:35,5.12,0.0,87,44544,卖盘
09:33:38,5.12,0.0,66,33792,卖盘
09:33:41,5.12,0.0,201,102912,卖盘
09:33:44,5.12,0.0,30,15360,卖盘
09:33:47,5.12,0.0,31,15872,卖盘
09:33:50,5.12,0.0,225,115200,卖盘
09:33:53,5.12,0.0,136,69632,卖盘
09:33:56,5.12,0.0,631,323072,卖盘
09:33:59,5.12,0.0,35,17920,卖盘
09:34:02,5.12,0.0,274,140288,卖盘
09:34:05,5.12,0.0,72,36864,卖盘
09:34:08,5.12,0.0,51,26112,卖盘
09:34:11,5.12,0.0,8,4096,卖盘
09:34:14,5.12,0.0,86,44032,卖盘
09:34:17,5.12,0.0,23,11776,卖盘
09:34:20,5.12,0.0,63,32256,卖盘
09:34:23,5.12,0.0,259,132608,卖盘
09:34:26,5.12,0.0,42,21504,卖盘
09:34:29,5.12,0.0,287,146944,卖盘
09:34:32,5.12,0.0,30,15360,卖盘
09:34:35,5.12,0.0,126,64512,卖盘
09:34:38,5.12,0.0,55,28160,卖盘
09:34:41,5.12,0.0,47,24064,卖盘
09:34:47,5.12,0.0,211,108032,卖盘
09:34:50,5.12,0.0,248,126976,卖盘
09:34:53,5.12,0.0,62,31744,卖盘
09:34:56,5.12,0.0,118,60416,卖盘
09:34:59,5.12,0.0,143,73216,卖盘
09:35:02,5.12,0.0,13,6656,卖盘
09:35:05,5.12,0.0,50,25600,卖盘
09:35:08,5.12,0.0,106,54272,卖盘
09:35:11,5.12,0.0,203,103936,卖盘
09:35:14,5.12,0.0,35,17920,卖盘
09:35:17,5.12,0.0,42,21504,卖盘
09:35:20,5.12,0.0,68,34816,卖盘
09:35:23,5.12,0.0,14,7168,卖盘
09:35:26,5.12,0.0,152,77824,卖盘
09:35:29,5.12,0.0,166,84992,卖盘
09:35:32,5.12,0.0,134,68608,卖盘
09:35:35,5.12,0.0,283,144896,卖盘
09:35:38,5.12,0.0,135,69120,卖盘
09:35:41,5.12,0.0,25,12800,卖盘
09:35:44,5.12,0.0,12,6144,卖盘
09:35:47,5.12,0.0,138,70656,卖盘
09:35:50,5.12,0.0,674,345088,卖盘
09:35:53,5.12,0.0,54,27648,卖盘
09:35:56,5.12,0.0,62,31744,卖盘
09:35:59,5.12,0.0,20,10240,卖盘
09:36:02,5.12,0.0,159,81408,卖盘
09:36:05,5.12,0.0,54,27648,卖盘
09:36:08,5.12,0.0,241,123392,卖盘
09:36:11,5.12,0.0,192,98304,卖盘
09:36:14,5.12,0.0,53,27136,卖盘
09:36:17,5.12,0.0,23,11776,卖盘
09:36:20,5.12,0.0,36,18432,卖盘
09:36:23,5.12,0.0,1,512,卖盘
09:36:26,5.12,0.0,52,26624,卖盘
09:36:29,5.12,0.0,1,512,卖盘
09:36:32,5.12,0.0,22,11264,卖盘
09:36:35,5.12,0.0,19,9728,卖盘
09:36:38,5.12,0.0,10,5120,卖盘
09:36:41,5.12,0.0,85,43520,卖盘
09:36:44,5.12,0.0,66,33792,卖盘
09:36:47,5.12,0.0,50,25600,卖盘
09:36:50,5.12,0.0,1,512,卖盘
09:36:53,5.12,0.0,37,18944,卖盘
09:36:56,5.12,0.0,38,19456,卖盘
09:36:59,5.12,0.0,52,26624,卖盘
09:37:02,5.12,0.0,134,68608,卖盘
09:37:05,5.12,0.0,20,10240,卖盘
09:37:08,5.12,0.0,81,41472,卖盘
09:37:11,5.12,0.0,23,11776,卖盘
09:37:14,5.12,0.0,23,11776,卖盘
09:37:17,5.12,0.0,219,112128,卖盘
09:37:20,5.12,0.0,32,16384,卖盘
09:37:23,5.12,0.0,52,26624,卖盘
09:37:26,5.12,0.0,570,291840,卖盘
09:37:29,5.12,0.0,39,19968,卖盘
09:37:32,5.12,0.0,111,56832,卖盘
09:37:35,5.12,0.0,70,35840,卖盘
09:37:38,5.12,0.0,5,2560,卖盘
09:37:41,5.12,0.0,31,15872,卖盘
09:37:44,5.12,0.0,45,23040,卖盘
09:37:50,5.12,0.0,19,9728,卖盘
09:37:53,5.12,0.0,128,65536,卖盘
09:37:56,5.12,0.0,68,34816,卖盘
09:37:59,5.12,0.0,3,1536,卖盘
09:38:02,5.12,0.0,107,54784,卖盘
09:38:05,5.12,0.0,157,80384,卖盘
09:38:08,5.12,0.0,106,54272,卖盘
09:38:11,5.12,0.0,3,1536,卖盘
09:38:14,5.12,0.0,27,13824,卖盘
09:38:17,5.12,0.0,155,79360,卖盘
09:38:20,5.12,0.0,195,99840,卖盘
09:38:23,5.12,0.0,302,154624,卖盘
09:38:26,5.12,0.0,20,10240,卖盘
09:38:29,5.12,0.0,28,14336,卖盘
09:38:32,5.12,0.0,280,143360,卖盘
09:38:35,5.12,0.0,29,14848,卖盘
09:38:38,5.12,0.0,24,12288,卖盘
09:38:41,5.12,0.0,315,161280,卖盘
09:38:44,5.12,0.0,170,87040,卖盘
09:38:47,5.12,0.0,3191,1633792,卖盘
09:38:50,5.12,0.0,80,40960,卖盘
09:38:53,5.12,0.0,31,15872,卖盘
09:38:56,5.12,0.0,10,5120,卖盘
09:38:59,5.12,0.0,129,66048,卖盘
09:39:02,5.12,0.0,233,119296,卖盘
09:39:05,5.12,0.0,15,7680,卖盘
09:39:08,5.12,0.0,11,5632,卖盘
09:39:11,5.12,0.0,36,18432,卖盘
09:39:14,5.12,0.0,30,15360,卖盘
09:39:17,5.12,0.0,9,4746,卖盘
09:39:23,5.12,0.0,38,19456,卖盘
09:39:26,5.12,0.0,64,32768,卖盘
09:39:29,5.12,0.0,42,21504,卖盘
09:39:32,5.12,0.0,55,28160,卖盘
09:39:35,5.12,0.0,129,66048,卖盘
09:39:38,5.12,0.0,72,36864,卖盘
09:39:41,5.12,0.0,53,27136,卖盘
09:39:44,5.12,0.0,110,56320,卖盘
09:39:47,5.12,0.0,21,10752,卖盘
09:39:50,5.12,0.0,317,162304,卖盘
09:39:53,5.12,0.0,4,2048,卖盘
09:39:56,5.12,0.0,25,12800,卖盘
09:39:59,5.12,0.0,8,4096,卖盘
09:40:05,5.12,0.0,8,4096,卖盘
09:40:11,5.12,0.0,32,16384,卖盘
09:40:14,5.12,0.0,35,17920,卖盘
09:40:17,5.12,0.0,10,5120,卖盘
09:40:26,5.12,0.0,6,3072,卖盘
09:40:29,5.12,0.0,11,5632,卖盘
09:40:32,5.12,0.0,30,15360,卖盘
09:40:35,5.12,0.0,100,51200,卖盘
09:40:38,5.12,0.0,68,34816,卖盘
09:40:41,5.12,0.0,7,3584,卖盘
09:40:44,5.12,0.0,19,9728,卖盘
09:40:47,5.12,0.0,50,25600,卖盘
09:40:50,5.12,0.0,53,27136,卖盘
09:40:53,5.12,0.0,30,15360,卖盘
09:40:56,5.12,0.0,15,7680,卖盘
09:40:59,5.12,0.0,10,5120,卖盘
09:41:02,5.12,0.0,2,1024,卖盘
09:41:05,5.12,0.0,92,47104,卖盘
09:41:08,5.12,0.0,47,24064,卖盘
09:41:11,5.12,0.0,11,5632,卖盘
09:41:14,5.12,0.0,67,34304,卖盘
09:41:17,5.12,0.0,129,66048,卖盘
09:41:20,5.12,0.0,25,12800,卖盘
09:41:23,5.12,0.0,5,2560,卖盘
09:41:26,5.12,0.0,15,7680,卖盘
09:41:29,5.12,0.0,50,25600,卖盘
09:41:32,5.12,0.0,7,3584,卖盘
09:41:35,5.12,0.0,90,46080,卖盘
09:41:38,5.12,0.0,317,162304,卖盘
09:41:41,5.12,0.0,25,12800,卖盘
09:41:44,5.12,0.0,27,13824,卖盘
09:41:47,5.12,0.0,10,5120,卖盘
09:41:50,5.12,0.0,20,10240,卖盘
09:41:53,5.12,0.0,202,103424,卖盘
09:41:56,5.12,0.0,94,48128,卖盘
09:41:59,5.12,0.0,70,35840,卖盘
09:42:02,5.12,0.0,5,2560,卖盘
09:42:05,5.12,0.0,11,5632,卖盘
09:42:08,5.12,0.0,105,53760,卖盘
09:42:11,5.12,0.0,19,9728,卖盘
09:42:14,5.12,0.0,16,8192,卖盘
09:42:20,5.12,0.0,10,5120,卖盘
09:42:23,5.12,0.0,10,5120,卖盘
09:42:26,5.12,0.0,35,17920,卖盘
09:42:29,5.12,0.0,111,56832,卖盘
09:42:32,5.12,0.0,71,36352,卖盘
09:42:35,5.12,0.0,112,57344,卖盘
09:42:38,5.12,0.0,37,18944,卖盘
09:42:44,5.12,0.0,3,1536,卖盘
09:42:47,5.12,0.0,20,10240,卖盘
09:42:50,5.12,0.0,29,14848,卖盘
09:42:56,5.12,0.0,40,20480,卖盘
09:43:05,5.12,0.0,171,87552,卖盘
09:43:08,5.12,0.0,52,26624,卖盘
09:43:14,5.12,0.0,228,116736,卖盘
09:43:20,5.12,0.0,10,5120,卖盘
09:43:26,5.12,0.0,9,4608,卖盘
09:43:29,5.12,0.0,23,11776,卖盘
09:43:32,5.12,0.0,5,2560,卖盘
09:43:35,5.12,0.0,691,353792,卖盘
09:43:38,5.12,0.0,2,1024,卖盘
09:43:41,5.12,0.0,27,13824,卖盘
09:43:44,5.12,0.0,114,58368,卖盘
09:43:47,5.12,0.0,52,26624,卖盘
09:43:50,5.12,0.0,4,2048,卖盘
09:43:53,5.12,0.0,15,7680,卖盘
09:43:59,5.12,0.0,21,10752,卖盘
09:44:02,5.12,0.0,28,14336,卖盘
09:44:05,5.12,0.0,15,7680,卖盘
09:44:08,5.12,0.0,5,2560,卖盘
09:44:20,5.12,0.0,20,10240,卖盘
09:44:23,5.12,0.0,80,40960,卖盘
09:44:26,5.12,0.0,12,6144,卖盘
09:44:29,5.12,0.0,20,10240,卖盘
09:44:32,5.12,0.0,21,10752,卖盘
09:44:38,5.12,0.0,704,360448,卖盘
09:44:41,5.12,0.0,49,25088,卖盘
09:44:47,5.12,0.0,35,17920,卖盘
09:44:53,5.12,0.0,70,35840,卖盘
09:44:59,5.12,0.0,21,10752,卖盘
09:45:02,5.12,0.0,150,76800,卖盘
09:45:08,5.12,0.0,40,20480,卖盘
09:45:17,5.12,0.0,280,143360,卖盘
09:45:20,5.12,0.0,5,2560,卖盘
09:45:23,5.12,0.0,72,36864,卖盘
09:45:26,5.12,0.0,20,10240,卖盘
09:45:29,5.12,0.0,5,2560,卖盘
09:45:32,5.12,0.0,130,66560,卖盘
09:45:38,5.12,0.0,200,102400,卖盘
09:45:44,5.12,0.0,32,16384,卖盘
09:45:47,5.12,0.0,10,5120,卖盘
09:45:50,5.12,0.0,1,512,卖盘
09:45:53,5.12,0.0,97,49664,卖盘
09:45:56,5.12,0.0,150,76800,卖盘
09:46:02,5.12,0.0,15,7680,卖盘
09:46:05,5.12,0.0,125,64000,卖盘
09:46:08,5.12,0.0,2,1024,卖盘
09:46:11,5.12,0.0,4,2048,卖盘
09:46:14,5.12,0.0,11,5632,卖盘
09:46:17,5.12,0.0,15,7680,卖盘
09:46:20,5.12,0.0,34,17408,卖盘
09:46:26,5.12,0.0,10,5120,卖盘
09:46:32,5.12,0.0,10,5120,卖盘
09:46:35,5.12,0.0,303,155136,卖盘
09:46:38,5.12,0.0,11,5632,卖盘
09:46:41,5.12,0.0,98,50176,卖盘
09:46:44,5.12,0.0,4,2048,卖盘
09:46:47,5.12,0.0,4,2048,卖盘
09:46:50,5.12,0.0,16,8192,卖盘
09:46:53,5.12,0.0,20,10240,卖盘
09:47:08,5.12,0.0,13,6656,卖盘
09:47:14,5.12,0.0,410,209920,卖盘
09:47:17,5.12,0.0,22,11264,卖盘
09:47:20,5.12,0.0,58,29696,卖盘
09:47:23,5.12,0.0,10,5120,卖盘
09:47:26,5.12,0.0,9,4608,卖盘
09:47:29,5.12,0.0,69,35328,卖盘
09:47:32,5.12,0.0,51,26112,卖盘
09:47:38,5.12,0.0,1,512,卖盘
09:47:47,5.12,0.0,201,102912,卖盘
09:47:50,5.12,0.0,38,19456,卖盘
09:47:56,5.12,0.0,1,512,卖盘
09:48:02,5.12,0.0,1,512,卖盘
09:48:05,5.12,0.0,103,52736,卖盘
09:48:08,5.12,0.0,70,35840,卖盘
09:48:14,5.12,0.0,9,4608,卖盘
09:48:17,5.12,0.0,2,1024,卖盘
09:48:20,5.12,0.0,52,26624,卖盘
09:48:23,5.12,0.0,31,15872,卖盘
09:48:26,5.12,0.0,35,17920,卖盘
09:48:29,5.12,0.0,59,30208,卖盘
09:48:32,5.12,0.0,12,6144,卖盘
09:48:35,5.12,0.0,22,11264,卖盘
09:48:38,5.12,0.0,20,10240,卖盘
09:48:41,5.12,0.0,4,2048,卖盘
09:48:47,5.12,0.0,12,6144,卖盘
09:48:53,5.12,0.0,8,4096,卖盘
09:48:56,5.12,0.0,3,1536,卖盘
09:48:59,5.12,0.0,16,8192,卖盘
09:49:02,5.12,0.0,40,20480,卖盘
09:49:05,5.12,0.0,20,10240,卖盘
09:49:08,5.12,0.0,31,15872,卖盘
09:49:11,5.12,0.0,6,3072,卖盘
09:49:14,5.12,0.0,8,4096,卖盘
09:49:17,5.12,0.0,3,1536,卖盘
09:49:20,5.12,0.0,12,6144,卖盘
09:49:23,5.12,0.0,19,9728,卖盘
09:49:26,5.12,0.0,16,8192,卖盘
09:49:29,5.12,0.0,50,25600,卖盘
09:49:35,5.12,0.0,50,25600,卖盘
09:49:38,5.12,0.0,240,122880,卖盘
09:49:44,5.12,0.0,134,68608,卖盘
09:49:50,5.12,0.0,9,4608,卖盘
09:50:02,5.12,0.0,3,1536,卖盘
09:50:08,5.12,0.0,3,1536,卖盘
09:50:14,5.12,0.0,10,5120,卖盘
09:50:20,5.12,0.0,19,9728,卖盘
09:50:23,5.12,0.0,24,12288,卖盘
09:50:26,5.12,0.0,5,2560,卖盘
09:50:29,5.12,0.0,3,1536,卖盘
09:50:38,5.12,0.0,3,1536,卖盘
09:50:44,5.12,0.0,2,1024,卖盘
09:50:50,5.12,0.0,32,16384,卖盘
09:50:53,5.12,0.0,30,15360,卖盘
09:50:56,5.12,0.0,16,8192,卖盘
09:50:59,5.12,0.0,855,437760,卖盘
09:51:02,5.12,0.0,10,5120,卖盘
09:51:05,5.12,0.0,20,10240,卖盘
09:51:08,5.12,0.0,7,3584,卖盘
09:51:11,5.12,0.0,326,166912,卖盘
09:51:17,5.12,0.0,5,2560,卖盘
09:51:20,5.12,0.0,7,3584,卖盘
09:51:23,5.12,0.0,12,6144,卖盘
09:51:41,5.12,0.0,5,2560,卖盘
09:51:44,5.12,0.0,3,1536,卖盘
09:51:50,5.12,0.0,50,25600,卖盘
09:51:59,5.12,0.0,12,6144,卖盘
09:52:05,5.12,0.0,400,204800,卖盘
09:52:08,5.12,0.0,32,16384,卖盘
09:52:11,5.12,0.0,4,2048,卖盘
09:52:14,5.12,0.0,3,1536,卖盘
09:52:17,5.12,0.0,30,15360,卖盘
09:52:20,5.12,0.0,39,19968,卖盘
09:52:23,5.12,0.0,10,5120,卖盘
09:52:26,5.12,0.0,215,110080,卖盘
09:52:29,5.12,0.0,36,18432,卖盘
09:52:32,5.12,0.0,4,2048,卖盘
09:52:35,5.12,0.0,8,4096,卖盘
09:52:44,5.12,0.0,52,26624,卖盘
09:52:53,5.12,0.0,50,25600,卖盘
09:52:56,5.12,0.0,1,512,卖盘
09:53:14,5.12,0.0,8,4096,卖盘
09:53:17,5.12,0.0,5,2560,卖盘
09:53:23,5.12,0.0,89,45568,卖盘
09:53:26,5.12,0.0,7,3584,卖盘
09:53:29,5.12,0.0,3,1536,卖盘
09:53:32,5.12,0.0,4,2048,卖盘
09:53:35,5.12,0.0,3,1536,卖盘
09:53:38,5.12,0.0,4,2048,卖盘
09:53:41,5.12,0.0,2,1024,卖盘
09:53:47,5.12,0.0,29,14848,卖盘
09:53:50,5.12,0.0,149,76288,卖盘
09:53:53,5.12,0.0,8,4096,卖盘
09:53:56,5.12,0.0,40,20480,卖盘
09:53:59,5.12,0.0,20,10240,卖盘
09:54:08,5.12,0.0,9,4608,卖盘
09:54:14,5.12,0.0,9,4608,卖盘
09:54:17,5.12,0.0,2,1024,卖盘
09:54:23,5.12,0.0,18,9216,卖盘
09:54:35,5.12,0.0,6,3072,卖盘
09:54:38,5.12,0.0,5,2560,卖盘
09:54:41,5.12,0.0,84,43008,卖盘
09:54:44,5.12,0.0,80,40960,卖盘
09:54:47,5.12,0.0,2,1024,卖盘
09:54:53,5.12,0.0,18,9216,卖盘
09:54:59,5.12,0.0,10,5120,卖盘
09:55:14,5.12,0.0,3,1536,卖盘
09:55:17,5.12,0.0,67,34304,卖盘
09:55:20,5.12,0.0,2,1024,卖盘
09:55:23,5.12,0.0,30,15360,卖盘
09:55:26,5.12,0.0,11,5632,卖盘
09:55:35,5.12,0.0,14,7168,卖盘
09:55:38,5.12,0.0,14,7168,卖盘
09:55:44,5.12,0.0,20,10240,卖盘
09:55:53,5.12,0.0,20,10240,卖盘
09:55:59,5.12,0.0,10,5120,卖盘
09:56:11,5.12,0.0,7,3584,卖盘
09:56:14,5.12,0.0,53,27136,卖盘
09:56:17,5.12,0.0,23,11776,卖盘
09:56:26,5.12,0.0,77,39424,卖盘
09:56:29,5.12,0.0,363,185856,卖盘
09:56:32,5.12,0.0,3,1536,卖盘
09:56:35,5.12,0.0,4,2048,卖盘
09:56:38,5.12,0.0,10,5120,卖盘
09:56:41,5.12,0.0,67,34304,卖盘
09:56:44,5.12,0.0,10,5120,卖盘
09:56:53,5.12,0.0,10,5120,卖盘
09:56:59,5.12,0.0,24,12288,卖盘
09:57:02,5.12,0.0,8,4096,卖盘
09:57:05,5.12,0.0,4,2048,卖盘
09:57:14,5.12,0.0,131,67072,卖盘
09:57:23,5.12,0.0,70,35840,卖盘
09:57:26,5.12,0.0,15,7629,卖盘
09:57:29,5.12,0.0,7,3584,卖盘
09:57:35,5.12,0.0,1,512,卖盘
09:57:38,5.12,0.0,10,5120,卖盘
09:57:41,5.12,0.0,23,11776,卖盘
09:57:44,5.12,0.0,101,51712,卖盘
09:57:53,5.12,0.0,2,1024,卖盘
09:58:05,5.12,0.0,14,7168,卖盘
09:58:11,5.12,0.0,68,34816,卖盘
09:58:14,5.12,0.0,16,8192,卖盘
09:58:17,5.12,0.0,14,7168,卖盘
09:58:23,5.12,0.0,52,26624,卖盘
09:58:26,5.12,0.0,22,11264,卖盘
09:58:29,5.12,0.0,3,1536,卖盘
09:58:35,5.12,0.0,12,6144,卖盘
09:58:41,5.12,0.0,5,2560,卖盘
09:58:44,5.12,0.0,2,1024,卖盘
09:58:47,5.12,0.0,1,512,卖盘
09:58:50,5.12,0.0,7,3584,卖盘
09:58:53,5.12,0.0,52,26624,卖盘
09:58:59,5.12,0.0,5,2560,卖盘
09:59:05,5.12,0.0,105,53760,卖盘
09:59:14,5.12,0.0,27,13824,卖盘
09:59:17,5.12,0.0,22,11264,卖盘
09:59:20,5.12,0.0,1,512,卖盘
09:59:23,5.12,0.0,42,21504,卖盘
09:59:26,5.12,0.0,1,512,卖盘
09:59:47,5.12,0.0,13,6656,卖盘
09:59:50,5.12,0.0,21,10752,卖盘
09:59:59,5.12,0.0,11,5632,卖盘
10:00:02,5.12,0.0,32,16384,卖盘
10:00:05,5.12,0.0,17,8704,卖盘
10:00:08,5.12,0.0,1,512,卖盘
10:00:11,5.12,0.0,30,15360,卖盘
10:00:17,5.12,0.0,8,4096,卖盘
10:00:20,5.12,0.0,1,512,卖盘
10:00:32,5.12,0.0,3,1536,卖盘
10:00:35,5.12,0.0,6,3072,卖盘
10:00:38,5.12,0.0,24,12288,卖盘
10:00:41,5.12,0.0,10,5120,卖盘
10:00:44,5.12,0.0,41,20992,卖盘
10:00:50,5.12,0.0,33,16896,卖盘
10:00:53,5.12,0.0,20,10240,卖盘
10:00:56,5.12,0.0,64,32768,卖盘
10:01:05,5.12,0.0,12,6144,卖盘
10:01:14,5.12,0.0,8,4096,卖盘
10:01:17,5.12,0.0,93,47616,卖盘
10:01:26,5.12,0.0,14,7168,卖盘
10:01:29,5.12,0.0,50,25600,卖盘
10:01:32,5.12,0.0,25,12800,卖盘
10:01:35,5.12,0.0,28,14336,卖盘
10:01:38,5.12,0.0,1,512,卖盘
10:01:50,5.12,0.0,74,37888,卖盘
10:01:53,5.12,0.0,9,4608,卖盘
10:01:56,5.12,0.0,80,40960,卖盘
10:02:02,5.12,0.0,17,8704,卖盘
10:02:08,5.12,0.0,28,14336,卖盘
10:02:14,5.12,0.0,26,13312,卖盘
10:02:20,5.12,0.0,158,80896,卖盘
10:02:23,5.12,0.0,14,7168,卖盘
10:02:26,5.12,0.0,20,10240,卖盘
10:02:29,5.12,0.0,69,35328,卖盘
10:02:32,5.12,0.0,4,2048,卖盘
10:02:35,5.12,0.0,22,11264,卖盘
10:02:38,5.12,0.0,1,512,卖盘
10:02:41,5.12,0.0,18,9216,卖盘
10:02:44,5.12,0.0,4,2048,卖盘
10:02:47,5.12,0.0,32,16384,卖盘
10:02:50,5.12,0.0,9,4608,卖盘
10:02:53,5.12,0.0,10,5120,卖盘
10:02:59,5.12,0.0,105,53760,卖盘
10:03:02,5.12,0.0,48,24576,卖盘
10:03:05,5.12,0.0,88,45056,卖盘
10:03:08,5.12,0.0,8,4096,卖盘
10:03:11,5.12,0.0,7,3584,卖盘
10:03:14,5.12,0.0,11,5632,卖盘
10:03:26,5.12,0.0,7,3584,卖盘
10:03:29,5.12,0.0,20,10240,卖盘
10:03:32,5.12,0.0,2,1024,卖盘
10:03:41,5.12,0.0,10,5120,卖盘
10:03:50,5.12,0.0,2,1024,卖盘
10:03:53,5.12,0.0,7,3584,卖盘
10:03:59,5.12,0.0,2,1024,卖盘
10:04:02,5.12,0.0,5,2560,卖盘
10:04:11,5.12,0.0,7,3584,卖盘
10:04:14,5.12,0.0,12,6144,卖盘
10:04:17,5.12,0.0,10,5120,卖盘
10:04:20,5.12,0.0,52,26624,卖盘
10:04:26,5.12,0.0,11,5632,卖盘
10:04:32,5.12,0.0,40,20480,卖盘
10:04:35,5.12,0.0,30,15360,卖盘
10:04:38,5.12,0.0,6,3072,卖盘
10:04:41,5.12,0.0,15,7680,卖盘
10:04:47,5.12,0.0,19,9728,卖盘
10:04:53,5.12,0.0,5,2560,卖盘
10:04:56,5.12,0.0,10,5120,卖盘
10:04:59,5.12,0.0,1,512,卖盘
10:05:02,5.12,0.0,10,5120,卖盘
10:05:05,5.12,0.0,207,105984,卖盘
10:05:08,5.12,0.0,10,5120,卖盘
10:05:11,5.12,0.0,20,10240,卖盘
10:05:14,5.12,0.0,2,1024,卖盘
10:05:17,5.12,0.0,8,4096,卖盘
10:05:20,5.12,0.0,20,10240,卖盘
10:05:32,5.12,0.0,21,10752,卖盘
10:05:35,5.12,0.0,300,153600,卖盘
10:05:38,5.12,0.0,30,15360,卖盘
10:05:41,5.12,0.0,10,5120,卖盘
10:05:50,5.12,0.0,10,5120,卖盘
10:05:53,5.12,0.0,35,17920,卖盘
10:05:56,5.12,0.0,56,28672,卖盘
10:05:59,5.12,0.0,267,136704,卖盘
10:06:11,5.12,0.0,10,5120,卖盘
10:06:17,5.12,0.0,20,10240,卖盘
10:06:20,5.12,0.0,114,58368,卖盘
10:06:23,5.12,0.0,6,3072,卖盘
10:06:29,5.12,0.0,5,2560,卖盘
10:06:32,5.12,0.0,60,30720,卖盘
10:06:35,5.12,0.0,32,16384,卖盘
10:06:41,5.12,0.0,25,12800,卖盘
10:06:44,5.12,0.0,3,1536,卖盘
10:06:53,5.12,0.0,139,71168,卖盘
10:06:56,5.12,0.0,20,10240,卖盘
10:06:59,5.12,0.0,38,19456,卖盘
10:07:08,5.12,0.0,110,56320,卖盘
10:07:14,5.12,0.0,2,1024,卖盘
10:07:17,5.12,0.0,50,25600,卖盘
10:07:20,5.12,0.0,67,34304,卖盘
10:07:23,5.12,0.0,9,4608,卖盘
10:07:29,5.12,0.0,6,3072,卖盘
10:07:35,5.12,0.0,13,6656,卖盘
10:07:41,5.12,0.0,2,1024,卖盘
10:07:53,5.12,0.0,5,2560,卖盘
10:07:56,5.12,0.0,30,15360,卖盘
10:08:02,5.12,0.0,9,4608,卖盘
10:08:05,5.12,0.0,100,51200,卖盘
10:08:08,5.12,0.0,1,512,卖盘
10:08:11,5.12,0.0,43,22016,卖盘
10:08:14,5.12,0.0,19,9728,卖盘
10:08:20,5.12,0.0,33,16896,卖盘
10:08:26,5.12,0.0,30,15360,卖盘
10:08:29,5.12,0.0,22,11264,卖盘
10:08:50,5.12,0.0,14,7168,卖盘
10:08:59,5.12,0.0,10,5120,卖盘
10:09:11,5.12,0.0,7,3584,卖盘
10:09:17,5.12,0.0,10,5120,卖盘
10:09:20,5.12,0.0,6,3072,卖盘
10:09:38,5.12,0.0,419,214528,卖盘
10:09:41,5.12,0.0,8,4096,卖盘
10:09:44,5.12,0.0,100,51200,卖盘
10:09:50,5.12,0.0,10,5120,卖盘
10:10:14,5.12,0.0,136,69632,卖盘
10:10:20,5.12,0.0,10,5120,卖盘
10:10:23,5.12,0.0,2,1024,卖盘
10:10:35,5.12,0.0,1,512,卖盘
10:10:44,5.12,0.0,1,512,卖盘
10:10:50,5.12,0.0,87,44544,卖盘
10:10:53,5.12,0.0,2,1024,卖盘
10:10:56,5.12,0.0,57,29184,卖盘
10:11:11,5.12,0.0,7,3584,卖盘
10:11:17,5.12,0.0,2,1024,卖盘
10:11:23,5.12,0.0,97,49664,卖盘
10:11:26,5.12,0.0,59,30208,卖盘
10:11:29,5.12,0.0,9,4608,卖盘
10:11:35,5.12,0.0,18,9216,卖盘
10:11:41,5.12,0.0,111,56832,卖盘
10:11:44,5.12,0.0,51,26112,卖盘
10:11:56,5.12,0.0,164,83968,卖盘
10:11:59,5.12,0.0,7,3584,卖盘
10:12:05,5.12,0.0,3,1536,卖盘
10:12:11,5.12,0.0,7,3584,卖盘
10:12:20,5.12,0.0,5,2560,卖盘
10:12:26,5.12,0.0,21,10752,卖盘
10:12:29,5.12,0.0,2,1024,卖盘
10:12:35,5.12,0.0,2,1024,卖盘
10:12:38,5.12,0.0,30,15360,卖盘
10:12:50,5.12,0.0,20,10240,卖盘
10:12:56,5.12,0.0,1000,512000,卖盘
10:12:59,5.12,0.0,7,3584,卖盘
10:13:11,5.12,0.0,5,2560,卖盘
10:13:20,5.12,0.0,35,17920,卖盘
10:13:23,5.12,0.0,111,56832,卖盘
10:13:26,5.12,0.0,7,3584,卖盘
10:13:29,5.12,0.0,10,5120,卖盘
10:13:32,5.12,0.0,1,512,卖盘
10:13:47,5.12,0.0,15,7680,卖盘
10:13:53,5.12,0.0,891,456192,卖盘
10:13:56,5.12,0.0,27,13824,卖盘
10:13:59,5.12,0.0,1,512,卖盘
10:14:02,5.12,0.0,1549,793088,卖盘
10:14:08,5.12,0.0,16,8192,卖盘
10:14:11,5.12,0.0,1,512,卖盘
10:14:14,5.12,0.0,38,19456,卖盘
10:14:20,5.12,0.0,402,205824,卖盘
10:14:26,5.12,0.0,6,3072,卖盘
10:14:35,5.12,0.0,268,137216,卖盘
10:14:38,5.12,0.0,87,44544,卖盘
10:14:41,5.12,0.0,78,39936,卖盘
10:14:44,5.12,0.0,45,23040,卖盘
10:14:47,5.12,0.0,80,40960,卖盘
10:14:50,5.12,0.0,3,1536,卖盘
10:15:02,5.12,0.0,80,40960,卖盘
10:15:08,5.12,0.0,3,1536,卖盘
10:15:14,5.12,0.0,45,23040,卖盘
10:15:17,5.12,0.0,80,40960,卖盘
10:15:20,5.12,0.0,24,12288,卖盘
10:15:23,5.12,0.0,1,512,卖盘
10:15:26,5.12,0.0,40,20480,卖盘
10:15:32,5.12,0.0,5,2560,卖盘
10:15:35,5.12,0.0,16,8192,卖盘
10:15:38,5.12,0.0,57,29184,卖盘
10:15:41,5.12,0.0,28,14336,卖盘
10:15:47,5.12,0.0,11,5632,卖盘
10:15:53,5.12,0.0,25,12800,卖盘
10:15:56,5.12,0.0,202,103424,卖盘
10:15:59,5.12,0.0,3,1536,卖盘
10:16:02,5.12,0.0,25,12800,卖盘
10:16:05,5.12,0.0,28,14336,卖盘
10:16:08,5.12,0.0,8,4096,卖盘
10:16:11,5.12,0.0,5,2560,卖盘
10:16:23,5.12,0.0,5,2560,卖盘
10:16:32,5.12,0.0,20,10240,卖盘
10:16:35,5.12,0.0,30,15360,卖盘
10:16:38,5.12,0.0,5,2560,卖盘
10:16:41,5.12,0.0,20,10240,卖盘
10:16:47,5.12,0.0,130,66560,卖盘
10:16:50,5.12,0.0,55,28160,卖盘
10:16:56,5.12,0.0,3,1536,卖盘
10:16:59,5.12,0.0,2,1024,卖盘
10:17:02,5.12,0.0,33,16896,卖盘
10:17:05,5.12,0.0,13,6656,卖盘
10:17:23,5.12,0.0,52,26624,卖盘
10:17:35,5.12,0.0,4,2048,卖盘
10:17:38,5.12,0.0,2,1024,卖盘
10:17:44,5.12,0.0,5,2560,卖盘
10:17:53,5.12,0.0,20,10240,卖盘
10:17:59,5.12,0.0,57,29184,卖盘
10:18:05,5.12,0.0,10,5120,卖盘
10:18:11,5.12,0.0,4,2048,卖盘
10:18:23,5.12,0.0,37,18944,卖盘
10:18:26,5.12,0.0,6,3072,卖盘
10:18:32,5.12,0.0,10,5120,卖盘
10:18:35,5.12,0.0,43,22016,卖盘
10:18:41,5.12,0.0,25,12800,卖盘
10:18:53,5.12,0.0,59,30208,卖盘
10:19:02,5.12,0.0,19,9728,卖盘
10:19:05,5.12,0.0,66,33792,卖盘
10:19:11,5.12,0.0,1,512,卖盘
10:19:17,5.12,0.0,50,25600,卖盘
10:19:20,5.12,0.0,26,13312,卖盘
10:19:23,5.12,0.0,170,87040,卖盘
10:19:26,5.12,0.0,9,4608,卖盘
10:19:29,5.12,0.0,5,2560,卖盘
10:19:38,5.12,0.0,95,48640,卖盘
10:19:41,5.12,0.0,97,49664,卖盘
10:19:44,5.12,0.0,7,3584,卖盘
10:19:47,5.12,0.0,5,2560,卖盘
10:19:59,5.12,0.0,61,31232,卖盘
10:20:02,5.12,0.0,37,18944,卖盘
10:20:05,5.12,0.0,1,512,卖盘
10:20:08,5.12,0.0,57,29184,卖盘
10:20:14,5.12,0.0,66,33792,卖盘
10:20:26,5.12,0.0,10,5120,卖盘
10:20:32,5.12,0.0,16,8192,卖盘
10:20:35,5.12,0.0,2,1024,卖盘
10:20:53,5.12,0.0,20,10240,卖盘
10:20:56,5.12,0.0,20,10240,卖盘
10:20:59,5.12,0.0,120,61440,卖盘
10:21:02,5.12,0.0,43,22016,卖盘
10:21:05,5.12,0.0,2,1024,卖盘
10:21:11,5.12,0.0,18,9216,卖盘
10:21:17,5.12,0.0,1,512,卖盘
10:21:26,5.12,0.0,30,15360,卖盘
10:21:29,5.12,0.0,5,2560,卖盘
10:21:35,5.12,0.0,50,25600,卖盘
10:21:41,5.12,0.0,38,19456,卖盘
10:21:44,5.12,0.0,10,5120,卖盘
10:21:50,5.12,0.0,6,3072,卖盘
10:22:02,5.12,0.0,178,91136,卖盘
10:22:08,5.12,0.0,5,2560,卖盘
10:22:11,5.12,0.0,5,2765,卖盘
10:22:17,5.12,0.0,20,10240,卖盘
10:22:23,5.12,0.0,13,6656,卖盘
10:22:26,5.12,0.0,1,512,卖盘
10:22:29,5.12,0.0,63,32256,卖盘
10:22:35,5.12,0.0,2,1024,卖盘
10:22:38,5.12,0.0,2,1024,卖盘
10:22:50,5.12,0.0,1004,514048,卖盘
10:22:53,5.12,0.0,17,8704,卖盘
10:22:56,5.12,0.0,9,4608,卖盘
10:22:59,5.12,0.0,11,5632,卖盘
10:23:02,5.12,0.0,8,4096,卖盘
10:23:08,5.12,0.0,38,19456,卖盘
10:23:11,5.12,0.0,27,13824,卖盘
10:23:17,5.12,0.0,45,23040,卖盘
10:23:20,5.12,0.0,10,5120,卖盘
10:23:23,5.12,0.0,83,42496,卖盘
10:23:29,5.12,0.0,20,10240,卖盘
10:23:41,5.12,0.0,150,76800,卖盘
10:23:50,5.12,0.0,103,52736,卖盘
10:23:53,5.12,0.0,320,163840,卖盘
10:23:56,5.12,0.0,7,3584,卖盘
10:24:05,5.12,0.0,17,8704,卖盘
10:24:08,5.12,0.0,30,15360,卖盘
10:24:11,5.12,0.0,2033,1040896,卖盘
10:24:14,5.12,0.0,26,13312,卖盘
10:24:17,5.12,0.0,1,512,卖盘
10:24:20,5.12,0.0,8,4096,卖盘
10:24:23,5.12,0.0,60,30720,卖盘
10:24:26,5.12,0.0,251,128512,卖盘
10:24:29,5.12,0.0,13,6656,卖盘
10:24:32,5.12,0.0,150,76800,卖盘
10:24:35,5.12,0.0,163,83456,卖盘
10:24:38,5.12,0.0,239,122368,卖盘
10:24:44,5.12,0.0,713,365056,卖盘
10:24:47,5.12,0.0,1404,718848,卖盘
10:24:50,5.12,0.0,27,13824,卖盘
10:24:56,5.12,0.0,34,17408,卖盘
10:25:02,5.12,0.0,50,25600,卖盘
10:25:05,5.12,0.0,1,512,卖盘
10:25:11,5.12,0.0,10,5120,卖盘
10:25:17,5.12,0.0,139,71168,卖盘
10:25:20,5.12,0.0,1,512,卖盘
10:25:23,5.12,0.0,33,16896,卖盘
10:25:26,5.12,0.0,30,15360,卖盘
10:25:29,5.12,0.0,260,133120,卖盘
10:25:32,5.12,0.0,77,39424,卖盘
10:25:38,5.12,0.0,4,2048,卖盘
10:25:44,5.12,0.0,30,15360,卖盘
10:25:47,5.12,0.0,1005,514560,卖盘
10:25:50,5.12,0.0,159,81408,卖盘
10:25:53,5.12,0.0,25,12800,卖盘
10:25:56,5.12,0.0,78,39936,卖盘
10:25:59,5.12,0.0,56,28672,卖盘
10:26:02,5.12,0.0,197,100864,卖盘
10:26:05,5.12,0.0,30,15360,卖盘
10:26:11,5.12,0.0,236,120832,卖盘
10:26:14,5.12,0.0,58,29696,卖盘
10:26:17,5.12,0.0,48,24576,卖盘
10:26:26,5.12,0.0,926,474112,卖盘
10:26:29,5.12,0.0,1,512,卖盘
10:26:32,5.12,0.0,58,29696,卖盘
10:26:35,5.12,0.0,7,3584,卖盘
10:26:38,5.12,0.0,8,4096,卖盘
10:26:41,5.12,0.0,3,1536,卖盘
10:26:47,5.12,0.0,96,49152,卖盘
10:26:50,5.12,0.0,256,131072,卖盘
10:26:53,5.12,0.0,50,25600,卖盘
10:26:56,5.12,0.0,143,73216,卖盘
10:26:59,5.12,0.0,149,76288,卖盘
10:27:02,5.12,0.0,679,347648,卖盘
10:27:05,5.12,0.0,77,39424,卖盘
10:27:08,5.12,0.0,429,219648,卖盘
10:27:11,5.12,0.0,2,1024,卖盘
10:27:14,5.12,0.0,9,4608,卖盘
10:27:17,5.12,0.0,43,22016,卖盘
10:27:20,5.12,0.0,50,25600,卖盘
10:27:23,5.12,0.0,323,165376,卖盘
10:27:26,5.12,0.0,192,98304,卖盘
10:27:32,5.12,0.0,16,8192,卖盘
10:27:35,5.12,0.0,159,81408,卖盘
10:27:38,5.12,0.0,59,30208,卖盘
10:27:41,5.12,0.0,609,311808,卖盘
10:27:44,5.12,0.0,8,4096,卖盘
10:27:47,5.12,0.0,42,21504,卖盘
10:27:50,5.12,0.0,79,40448,卖盘
10:27:53,5.12,0.0,15,7680,卖盘
10:27:56,5.12,0.0,65,33280,卖盘
10:28:08,5.12,0.0,716,366592,卖盘
10:28:11,5.12,0.0,731,374272,卖盘
10:28:14,5.12,0.0,99,50688,卖盘
10:28:17,5.12,0.0,10,5120,卖盘
10:28:20,5.12,0.0,337,172544,卖盘
10:28:23,5.12,0.0,17,8704,卖盘
10:28:26,5.12,0.0,19,9728,卖盘
10:28:29,5.12,0.0,100,51200,卖盘
10:28:41,5.12,0.0,20,10240,卖盘
10:28:47,5.12,0.0,22,11264,卖盘
10:28:50,5.12,0.0,100,51200,卖盘
10:28:53,5.12,0.0,89,45568,卖盘
10:28:56,5.12,0.0,24,12288,卖盘
10:28:59,5.12,0.0,13,6656,卖盘
10:29:02,5.12,0.0,75,38400,卖盘
10:29:05,5.12,0.0,108,55296,卖盘
10:29:08,5.12,0.0,30,15360,卖盘
10:29:11,5.12,0.0,10,5120,卖盘
10:29:14,5.12,0.0,12,6144,卖盘
10:29:23,5.12,0.0,28,14336,卖盘
10:29:26,5.12,0.0,41,20992,卖盘
10:29:32,5.12,0.0,100,51200,卖盘
10:29:38,5.12,0.0,100,51200,卖盘
10:29:41,5.12,0.0,759,388608,卖盘
10:29:44,5.12,0.0,134,68608,卖盘
10:29:47,5.12,0.0,181,92672,卖盘
10:29:50,5.12,0.0,8,4096,卖盘
10:29:53,5.12,0.0,121,61952,卖盘
10:29:56,5.12,0.0,10,5120,卖盘
10:29:59,5.12,0.0,64,32768,卖盘
10:30:08,5.12,0.0,10,5120,卖盘
10:30:11,5.12,0.0,42,21504,卖盘
10:30:17,5.12,0.0,50,25600,卖盘
10:30:20,5.12,0.0,11,5632,卖盘
10:30:23,5.12,0.0,5,2560,卖盘
10:30:26,5.12,0.0,10,5120,卖盘
10:30:35,5.12,0.0,30,15360,卖盘
10:30:44,5.12,0.0,50,25600,卖盘
10:30:47,5.12,0.0,45,23040,卖盘
10:30:50,5.12,0.0,10,5120,卖盘
10:30:56,5.12,0.0,6,3072,卖盘
10:31:02,5.12,0.0,50,25600,卖盘
10:31:20,5.12,0.0,5,2560,卖盘
10:31:23,5.12,0.0,31,15872,卖盘
10:31:29,5.12,0.0,156,79872,卖盘
10:31:32,5.12,0.0,35,17920,卖盘
10:31:38,5.12,0.0,117,59904,卖盘
10:31:41,5.12,0.0,147,75264,卖盘
10:31:44,5.12,0.0,1,512,卖盘
10:31:47,5.12,0.0,20,10240,卖盘
10:31:53,5.12,0.0,31,15872,卖盘
10:31:56,5.12,0.0,188,96256,卖盘
10:31:59,5.12,0.0,10,5120,卖盘
10:32:05,5.12,0.0,113,57856,卖盘
10:32:08,5.12,0.0,91,46592,卖盘
10:32:14,5.12,0.0,10,5120,卖盘
10:32:17,5.12,0.0,20,10240,卖盘
10:32:23,5.12,0.0,200,102400,卖盘
10:32:29,5.12,0.0,95,48640,卖盘
10:32:32,5.12,0.0,14,7168,卖盘
10:32:35,5.12,0.0,25,12800,卖盘
10:32:41,5.12,0.0,4,2048,卖盘
10:32:44,5.12,0.0,61,31232,卖盘
10:32:47,5.12,0.0,6,3072,卖盘
10:32:50,5.12,0.0,10,5120,卖盘
10:32:53,5.12,0.0,148,75776,卖盘
10:32:56,5.12,0.0,11,5632,卖盘
10:33:02,5.12,0.0,20,10240,卖盘
10:33:05,5.12,0.0,42,21504,卖盘
10:33:11,5.12,0.0,307,157184,卖盘
10:33:14,5.12,0.0,24,12288,卖盘
10:33:17,5.12,0.0,8,4096,卖盘
10:33:23,5.12,0.0,331,169472,卖盘
10:33:26,5.12,0.0,66,33792,卖盘
10:33:29,5.12,0.0,20,10240,卖盘
10:33:32,5.12,0.0,100,51200,卖盘
10:33:35,5.12,0.0,30,15360,卖盘
10:33:38,5.12,0.0,10,5120,卖盘
10:33:44,5.12,0.0,100,51200,卖盘
10:33:47,5.12,0.0,18,9216,卖盘
10:33:50,5.12,0.0,26,13312,卖盘
10:33:53,5.12,0.0,115,58880,卖盘
10:33:59,5.12,0.0,2,1024,卖盘
10:34:02,5.12,0.0,70,35840,卖盘
10:34:05,5.12,0.0,68,34816,卖盘
10:34:08,5.12,0.0,457,233984,卖盘
10:34:11,5.12,0.0,161,82432,卖盘
10:34:14,5.12,0.0,23,11776,卖盘
10:34:17,5.12,0.0,65,33280,卖盘
10:34:20,5.12,0.0,10,5120,卖盘
10:34:23,5.12,0.0,30,15360,卖盘
10:34:26,5.12,0.0,30,15360,卖盘
10:34:29,5.12,0.0,10,5120,卖盘
10:34:32,5.12,0.0,30,15360,卖盘
10:34:38,5.12,0.0,16,8192,卖盘
10:34:47,5.12,0.0,252,129024,卖盘
10:34:50,5.12,0.0,7,3584,卖盘
10:34:53,5.12,0.0,507,259584,卖盘
10:34:56,5.12,0.0,83,42496,卖盘
10:34:59,5.12,0.0,7,3584,卖盘
10:35:05,5.12,0.0,66,33792,卖盘
10:35:11,5.12,0.0,2023,1035776,卖盘
10:35:14,5.12,0.0,122,62464,卖盘
10:35:17,5.12,0.0,302,154624,卖盘
10:35:20,5.12,0.0,7,3584,卖盘
10:35:23,5.12,0.0,329,168448,卖盘
10:35:26,5.12,0.0,8,4096,卖盘
10:35:29,5.12,0.0,52,26624,卖盘
10:35:32,5.12,0.0,63,32256,卖盘
10:35:35,5.12,0.0,7,3584,卖盘
10:35:41,5.12,0.0,22,11264,卖盘
10:35:47,5.12,0.0,164,83968,卖盘
10:35:50,5.12,0.0,18,9216,卖盘
10:35:53,5.12,0.0,1,512,卖盘
10:35:56,5.12,0.0,28,14336,卖盘
10:35:59,5.12,0.0,942,482304,卖盘
10:36:02,5.12,0.0,27,13824,卖盘
10:36:05,5.12,0.0,5,2560,卖盘
10:36:08,5.12,0.0,68,34816,卖盘
10:36:11,5.12,0.0,29,14848,卖盘
10:36:14,5.12,0.0,51,26112,卖盘
10:36:26,5.12,0.0,22,11264,卖盘
10:36:29,5.12,0.0,76,38912,卖盘
10:36:32,5.12,0.0,10,5120,卖盘
10:36:44,5.12,0.0,1020,522240,卖盘
10:36:47,5.12,0.0,1,512,卖盘
10:36:50,5.12,0.0,8,4096,卖盘
10:36:53,5.12,0.0,105,53760,卖盘
10:36:59,5.12,0.0,5,2560,卖盘
10:37:02,5.12,0.0,50,25600,卖盘
10:37:05,5.12,0.0,14,7168,卖盘
10:37:08,5.12,0.0,6,3072,卖盘
10:37:11,5.12,0.0,96,49152,卖盘
10:37:20,5.12,0.0,10,5120,卖盘
10:37:23,5.12,0.0,10,5120,卖盘
10:37:32,5.12,0.0,23,11776,卖盘
10:37:38,5.12,0.0,6,3072,卖盘
10:37:41,5.12,0.0,50,25600,卖盘
10:37:47,5.12,0.0,1541,788992,卖盘
10:37:50,5.12,0.0,54,27648,卖盘
10:37:53,5.12,0.0,60,30720,卖盘
10:37:56,5.12,0.0,5,2560,卖盘
10:37:59,5.12,0.0,12,6144,卖盘
10:38:02,5.12,0.0,194,99328,卖盘
10:38:05,5.12,0.0,67,34304,卖盘
10:38:11,5.12,0.0,1,512,卖盘
10:38:14,5.12,0.0,234,119808,卖盘
10:38:17,5.12,0.0,6,3072,卖盘
10:38:20,5.12,0.0,6,3072,卖盘
10:38:29,5.12,0.0,53,27136,卖盘
10:38:38,5.12,0.0,15,7680,卖盘
10:38:41,5.12,0.0,30,15360,卖盘
10:38:44,5.12,0.0,344,176128,卖盘
10:38:47,5.12,0.0,34,17408,卖盘
10:38:50,5.12,0.0,31,15872,卖盘
10:38:53,5.12,0.0,100,51200,卖盘
10:38:56,5.12,0.0,170,87040,卖盘
10:38:59,5.12,0.0,1,512,卖盘
10:39:02,5.12,0.0,100,51200,卖盘
10:39:05,5.12,0.0,30,15360,卖盘
10:39:08,5.12,0.0,120,61440,卖盘
10:39:11,5.12,0.0,3,1536,卖盘
10:39:14,5.12,0.0,236,120832,卖盘
10:39:17,5.12,0.0,1,512,卖盘
10:39:20,5.12,0.0,14,7168,卖盘
10:39:23,5.12,0.0,11,5632,卖盘
10:39:26,5.12,0.0,218,111616,卖盘
10:39:29,5.12,0.0,5,2560,卖盘
10:39:32,5.12,0.0,100,51200,卖盘
10:39:35,5.12,0.0,52,26624,卖盘
10:39:38,5.12,0.0,67,34304,卖盘
10:39:44,5.12,0.0,152,77824,卖盘
10:39:47,5.12,0.0,6,3072,卖盘
10:39:53,5.12,0.0,15,7680,卖盘
10:40:05,5.12,0.0,20,10240,卖盘
10:40:08,5.12,0.0,70,35840,卖盘
10:40:20,5.12,0.0,25,12800,卖盘
10:40:23,5.12,0.0,4005,2050560,卖盘
10:40:26,5.12,0.0,247,126464,卖盘
10:40:29,5.12,0.0,146,74752,卖盘
10:40:32,5.12,0.0,284,145408,卖盘
10:40:35,5.12,0.0,21,10752,卖盘
10:40:38,5.12,0.0,58,29696,卖盘
10:40:41,5.12,0.0,3587,1836544,卖盘
10:40:44,5.12,0.0,221,113152,卖盘
10:40:47,5.12,0.0,169,86528,卖盘
10:40:50,5.12,0.0,5384,2756608,卖盘
10:40:53,5.12,0.0,502,257024,卖盘
10:40:56,5.12,0.0,548,280576,卖盘
10:40:59,5.12,0.0,144,73728,卖盘
10:41:02,5.12,0.0,474,242688,卖盘
10:41:05,5.12,0.0,967,495104,卖盘
10:41:08,5.12,0.0,176,90112,卖盘
10:41:11,5.12,0.0,239,122368,卖盘
10:41:14,5.12,0.0,969,496128,卖盘
10:41:17,5.12,0.0,163,83456,卖盘
10:41:20,5.12,0.0,37,18944,卖盘
10:41:23,5.12,0.0,219,112128,卖盘
10:41:29,5.12,0.0,628,321536,卖盘
10:41:32,5.12,0.0,135,69120,卖盘
10:41:35,5.12,0.0,711,364032,卖盘
10:41:38,5.12,0.0,142,72704,卖盘
10:41:41,5.12,0.0,113,57856,卖盘
10:41:44,5.12,0.0,23,11776,卖盘
10:41:47,5.12,0.0,4,2048,卖盘
10:41:50,5.12,0.0,103,52736,卖盘
10:41:53,5.12,0.0,1103,564736,卖盘
10:41:56,5.12,0.0,160,81920,卖盘
10:41:59,5.12,0.0,531,271872,卖盘
10:42:02,5.12,0.0,55,28160,卖盘
10:42:05,5.12,0.0,72,36864,卖盘
10:42:08,5.12,0.0,166,84992,卖盘
10:42:11,5.12,0.0,76,38912,卖盘
10:42:14,5.12,0.0,90,46080,卖盘
10:42:17,5.12,0.0,50,25600,卖盘
10:42:20,5.12,0.0,5,2560,卖盘
10:42:23,5.12,0.0,1554,795648,卖盘
10:42:26,5.12,0.0,117,59904,卖盘
10:42:29,5.12,0.0,409,209408,卖盘
10:42:32,5.12,0.0,223,114176,卖盘
10:42:35,5.12,0.0,35,17920,卖盘
10:42:38,5.12,0.0,168,86016,卖盘
10:42:41,5.12,0.0,5,2560,卖盘
10:42:47,5.12,0.0,10,5120,卖盘
10:42:50,5.12,0.0,6,3072,卖盘
10:42:53,5.12,0.0,818,418816,卖盘
10:42:56,5.12,0.0,1233,631296,卖盘
10:42:59,5.12,0.0,591,302592,卖盘
10:43:02,5.12,0.0,1359,695808,卖盘
10:43:05,5.12,0.0,1498,766976,卖盘
10:43:08,5.12,0.0,296,151552,卖盘
10:43:11,5.12,0.0,6462,3308544,卖盘
10:43:14,5.12,0.0,13330,6824960,卖盘
10:43:17,5.12,0.0,2706,1385472,卖盘
10:43:20,5.12,0.0,5935,3038720,卖盘
10:43:23,5.12,0.0,1126,576512,卖盘
10:43:26,5.12,0.0,2968,1519616,卖盘
10:43:29,5.12,0.0,1848,946176,卖盘
10:43:32,5.12,0.0,688,352256,卖盘
10:43:35,5.12,0.0,683,349696,卖盘
10:43:38,5.12,0.0,401,205312,卖盘
10:43:41,5.12,0.0,39,19968,卖盘
10:43:44,5.12,0.0,693,354816,卖盘
10:43:47,5.12,0.0,542,277504,卖盘
10:43:50,5.12,0.0,416,212992,卖盘
10:43:53,5.12,0.0,1452,743424,卖盘
10:43:56,5.12,0.0,1316,673792,卖盘
10:43:59,5.12,0.0,1158,592896,卖盘
10:44:02,5.12,0.0,1503,769536,卖盘
10:44:05,5.12,0.0,711,364032,卖盘
10:44:08,5.12,0.0,155,79360,卖盘
10:44:11,5.12,0.0,720,368640,卖盘
10:44:14,5.12,0.0,198,101376,卖盘
10:44:17,5.12,0.0,1018,521216,卖盘
10:44:20,5.12,0.0,136,69632,卖盘
10:44:23,5.12,0.0,4333,2218496,卖盘
10:44:26,5.12,0.0,263,134656,卖盘
10:44:29,5.12,0.0,819,419328,卖盘
10:44:32,5.12,0.0,614,314368,卖盘
10:44:35,5.12,0.0,488,249856,卖盘
10:44:38,5.12,0.0,1042,533504,卖盘
10:44:41,5.12,0.0,1733,887296,卖盘
10:44:44,5.12,0.0,124,63488,卖盘
10:44:47,5.12,0.0,906,463872,卖盘
10:44:50,5.12,0.0,454,232448,卖盘
10:44:53,5.12,0.0,1273,651776,卖盘
10:44:56,5.12,0.0,272,139264,卖盘
10:44:59,5.07,-0.05,20414,10445374,卖盘
10:45:02,5.06,-0.01,4938,2492687,卖盘
10:45:05,5.02,-0.04,2550,1283546,卖盘
10:45:08,5.03,0.01,771,387569,买盘
10:45:11,5.02,-0.01,1520,763526,卖盘
10:45:14,5.01,-0.01,3437,1723198,卖盘
10:45:17,5.02,0.01,2684,1346008,买盘
10:45:20,5.01,-0.01,3549,1781514,卖盘
10:45:23,5.0,-0.01,4465,2235301,卖盘
10:45:26,4.99,-0.01,2081,1038538,卖盘
10:45:29,4.98,-0.01,771,384093,卖盘
10:45:32,4.99,0.01,1924,958288,买盘
10:45:35,4.98,-0.01,5274,2627120,卖盘
10:45:38,4.98,0.0,1609,800280,买盘
10:45:41,4.96,-0.02,943,468291,卖盘
10:45:44,4.96,0.0,2846,1414140,卖盘
10:45:47,4.97,0.01,2346,1167030,买盘
10:45:50,4.96,-0.01,1981,984165,卖盘
10:45:53,4.98,0.02,2075,1033470,买盘
10:45:56,4.99,0.01,1081,537351,买盘
10:45:59,5.0,0.01,1267,632128,买盘
10:46:02,5.0,0.0,2627,1312896,买盘
10:46:05,5.01,0.01,986,492836,买盘
10:46:08,5.0,-0.01,1830,916505,卖盘
10:46:11,5.01,0.01,762,381328,买盘
10:46:14,5.01,0.0,1208,605179,买盘
10:46:17,5.0,-0.01,2377,1188615,卖盘
10:46:20,5.0,0.0,2400,1199735,买盘
10:46:23,5.0,0.0,876,437552,卖盘
10:46:26,5.0,0.0,1659,831271,买盘
10:46:29,5.0,0.0,1050,525576,卖盘
10:46:32,4.99,-0.01,757,378501,卖盘
10:46:35,4.99,0.0,602,300713,卖盘
10:46:38,4.99,0.0,2262,1130475,卖盘
10:46:41,4.99,0.0,1171,583772,买盘
10:46:44,4.98,-0.01,1345,670130,卖盘
10:46:47,4.97,-0.01,831,413471,卖盘
10:46:50,4.97,0.0,634,314516,买盘
10:46:53,4.96,-0.01,1039,514566,卖盘
10:46:56,4.95,-0.01,1331,660266,卖盘
10:46:59,4.96,0.01,1646,815359,买盘
10:47:02,4.95,-0.01,965,477665,卖盘
10:47:05,4.95,0.0,816,403828,买盘
10:47:08,4.95,0.0,519,256767,买盘
10:47:11,4.93,-0.02,1183,583688,卖盘
10:47:14,4.93,0.0,813,400804,买盘
10:47:17,4.93,0.0,1919,943845,买盘
10:47:20,4.91,-0.02,1838,902423,卖盘
10:47:23,4.91,0.0,402,197545,买盘
10:47:26,4.9,-0.01,843,413335,卖盘
10:47:29,4.89,-0.01,1760,862678,卖盘
10:47:32,4.88,-0.01,2153,1053706,卖盘
10:47:35,4.89,0.01,4843,2371127,买盘
10:47:38,4.9,0.01,1543,754781,买盘
10:47:41,4.9,0.0,1079,528390,买盘
10:47:44,4.92,0.02,1569,769955,买盘
10:47:47,4.92,0.0,1201,590146,买盘
10:47:50,4.93,0.01,522,257124,买盘
10:47:53,4.93,0.0,1314,647605,买盘
10:47:56,4.93,0.0,847,417625,买盘
10:47:59,4.93,0.0,726,358247,卖盘
10:48:02,4.94,0.01,1448,714398,买盘
10:48:05,4.94,0.0,1635,808113,买盘
10:48:08,4.95,0.01,705,348898,买盘
10:48:11,4.96,0.01,371,183809,买盘
10:48:14,4.96,0.0,1494,740889,买盘
10:48:17,4.96,0.0,2713,1343367,买盘
10:48:20,4.94,-0.02,3398,1679446,卖盘
10:48:23,4.93,-0.01,1382,681602,卖盘
10:48:26,4.96,0.03,3231,1594188,买盘
10:48:29,4.94,-0.02,1397,688474,买盘
10:48:32,4.94,0.0,507,249816,买盘
10:48:35,4.93,-0.01,552,272119,卖盘
10:48:38,4.94,0.01,772,380943,买盘
10:48:41,4.93,-0.01,891,439226,卖盘
10:48:44,4.94,0.01,1606,790996,买盘
10:48:47,4.94,0.0,2429,1197141,买盘
10:48:50,4.94,0.0,1928,951727,买盘
10:48:53,4.94,0.0,559,275977,买盘
10:48:56,4.94,0.0,3090,1526479,卖盘
10:48:59,4.94,0.0,4912,2431219,买盘
10:49:02,4.94,0.0,599,295905,买盘
10:49:05,4.94,0.0,391,193168,买盘
10:49:08,4.94,0.0,682,337034,卖盘
10:49:11,4.94,0.0,187,92402,卖盘
10:49:14,4.95,0.01,195,96452,买盘
10:49:17,4.94,-0.01,2023,1001294,卖盘
10:49:20,4.94,0.0,2271,1122353,卖盘
10:49:23,4.94,0.0,1261,622966,买盘
10:49:26,4.93,-0.01,912,450369,卖盘
10:49:29,4.94,0.01,681,335943,买盘
10:49:32,4.93,-0.01,590,291200,卖盘
10:49:35,4.93,0.0,1379,679951,卖盘
10:49:38,4.93,0.0,717,352951,买盘
10:49:41,4.93,0.0,470,231518,买盘
10:49:44,4.93,0.0,839,413257,买盘
10:49:47,4.92,-0.01,1047,515057,卖盘
10:49:50,4.92,0.0,565,278291,卖盘
10:49:53,4.92,0.0,607,298539,卖盘
10:49:56,4.91,-0.01,491,241337,卖盘
10:49:59,4.91,0.0,816,401282,卖盘
10:50:02,4.91,0.0,628,308275,卖盘
10:50:05,4.9,-0.01,1852,908540,卖盘
10:50:08,4.9,0.0,392,192215,卖盘
10:50:11,4.91,0.01,811,397455,买盘
10:50:14,4.91,0.0,762,373520,买盘
10:50:17,4.91,0.0,575,281930,买盘
10:50:20,4.91,0.0,521,255680,买盘
10:50:23,4.91,0.0,1603,786625,买盘
10:50:26,4.9,-0.01,1564,766722,卖盘
10:50:29,4.92,0.02,431,211535,买盘
10:50:32,4.92,0.0,186,91232,买盘
10:50:35,4.92,0.0,2197,1080862,买盘
10:50:38,4.93,0.01,216,106343,买盘
10:50:41,4.94,0.01,619,305288,买盘
10:50:44,4.94,0.0,1043,514514,买盘
10:50:47,4.95,0.01,695,343262,买盘
10:50:50,4.95,0.0,968,478947,买盘
10:50:53,4.95,0.0,300,148493,买盘
10:50:56,4.96,0.01,791,391531,买盘
10:50:59,4.96,0.0,2718,1343480,买盘
10:51:02,4.94,-0.02,2409,1193128,卖盘
10:51:05,4.95,0.01,502,248490,中性盘
10:51:08,4.92,-0.03,1246,614008,卖盘
10:51:11,4.92,0.0,395,194338,买盘
10:51:14,4.92,0.0,533,262207,卖盘
10:51:17,4.92,0.0,276,135843,买盘
10:51:20,4.93,0.01,424,208748,买盘
10:51:23,4.94,0.01,101,49782,买盘
10:51:26,4.93,-0.01,458,225755,卖盘
10:51:29,4.94,0.01,399,196877,买盘
10:51:32,4.93,-0.01,681,335829,卖盘
10:51:35,4.93,0.0,869,428674,买盘
10:51:38,4.92,-0.01,731,360466,卖盘
10:51:41,4.94,0.02,337,166395,买盘
10:51:44,4.93,-0.01,291,143471,卖盘
10:51:47,4.93,0.0,240,118314,卖盘
10:51:50,4.94,0.01,946,467272,买盘
10:51:53,4.94,0.0,786,387972,买盘
10:51:56,4.93,-0.01,504,248814,卖盘
10:51:59,4.94,0.01,472,233174,买盘
10:52:02,4.94,0.0,537,265081,卖盘
10:52:05,4.94,0.0,349,172637,卖盘
10:52:08,4.92,-0.02,1828,901679,卖盘
10:52:11,4.94,0.02,390,192494,买盘
10:52:14,4.93,-0.01,912,450711,中性盘
10:52:17,4.94,0.01,44,21725,买盘
10:52:20,4.95,0.01,618,305409,买盘
10:52:23,4.95,0.0,50,24730,买盘
10:52:26,4.95,0.0,528,261134,买盘
10:52:29,4.95,0.0,9,4452,买盘
10:52:32,4.94,-0.01,426,210543,卖盘
10:52:35,4.95,0.01,370,182935,买盘
10:52:38,4.94,-0.01,1109,547844,卖盘
10:52:41,4.94,0.0,191,94354,买盘
10:52:44,4.94,0.0,443,218842,买盘
10:52:47,4.94,0.0,439,216547,买盘
10:52:50,4.94,0.0,88,43435,买盘
10:52:53,4.94,0.0,739,364667,买盘
10:52:56,4.94,0.0,3409,1686179,买盘
10:52:59,4.94,0.0,230,113607,买盘
10:53:02,4.94,0.0,153,75582,卖盘
10:53:05,4.94,0.0,79,39006,买盘
10:53:08,4.93,-0.01,418,206631,卖盘
10:53:11,4.94,0.01,71,35081,中性盘
10:53:14,4.93,-0.01,170,83892,卖盘
10:53:17,4.94,0.01,286,141067,买盘
10:53:20,4.94,0.0,622,306887,买盘
10:53:23,4.94,0.0,313,154372,买盘
10:53:26,4.94,0.0,392,193539,买盘
10:53:29,4.94,0.0,192,94832,买盘
10:53:32,4.94,0.0,158,78014,买盘
10:53:35,4.94,0.0,98,48397,买盘
10:53:38,4.94,0.0,95,46902,买盘
10:53:41,4.94,0.0,89,43966,买盘
10:53:44,4.94,0.0,158,77914,买盘
10:53:47,4.94,0.0,441,217644,买盘
10:53:50,4.94,0.0,553,272716,买盘
10:53:53,4.94,0.0,489,241322,买盘
10:53:56,4.94,0.0,256,126281,买盘
10:53:59,4.94,0.0,1002,494873,买盘
10:54:02,4.95,0.01,392,193663,买盘
10:54:05,4.94,-0.01,25,12355,卖盘
10:54:08,4.95,0.01,126,62329,买盘
10:54:11,4.95,0.0,152,75140,买盘
10:54:14,4.94,-0.01,1587,783441,卖盘
10:54:17,4.94,0.0,167,82372,买盘
10:54:20,4.94,0.0,180,88898,买盘
10:54:23,4.94,0.0,141,69654,买盘
10:54:26,4.94,0.0,251,123823,买盘
10:54:29,4.94,0.0,225,111113,买盘
10:54:32,4.94,0.0,146,72014,买盘
10:54:35,4.93,-0.01,256,126459,卖盘
10:54:38,4.94,0.01,174,85822,买盘
10:54:41,4.94,0.0,45,22199,买盘
10:54:44,4.94,0.0,272,134280,买盘
10:54:47,4.94,0.0,2,988,买盘
10:54:50,4.94,0.0,181,89414,买盘
10:54:53,4.94,0.0,38,18749,买盘
10:54:56,4.94,0.0,40,19738,买盘
10:54:59,4.94,0.0,21,10374,买盘
10:55:02,4.94,0.0,155,76548,买盘
10:55:05,4.94,0.0,545,268864,买盘
10:55:08,4.93,-0.01,17,8388,卖盘
10:55:11,4.94,0.01,194,95708,买盘
10:55:14,4.94,0.0,488,240984,买盘
10:55:17,4.93,-0.01,48,23664,卖盘
10:55:20,4.93,0.0,397,196109,卖盘
10:55:23,4.94,0.01,22,10848,买盘
10:55:26,4.94,0.0,321,158354,买盘
10:55:29,4.94,0.0,166,82003,买盘
10:55:32,4.94,0.0,82,40472,买盘
10:55:35,4.93,-0.01,149,73490,卖盘
10:55:38,4.93,0.0,139,68553,卖盘
10:55:41,4.93,0.0,181,89247,卖盘
10:55:44,4.93,0.0,120,59169,卖盘
10:55:47,4.94,0.01,789,389723,买盘
10:55:50,4.94,0.0,135,66620,买盘
10:55:53,4.94,0.0,278,137078,买盘
10:55:56,4.93,-0.01,401,197866,卖盘
10:55:59,4.94,0.01,48,23669,买盘
10:56:02,4.93,-0.01,298,146927,卖盘
10:56:05,4.93,0.0,623,307187,卖盘
10:56:08,4.94,0.01,126,62230,买盘
10:56:11,4.94,0.0,314,154828,买盘
10:56:14,4.94,0.0,113,55719,买盘
10:56:17,4.94,0.0,125,61729,买盘
10:56:20,4.93,-0.01,78,38454,卖盘
10:56:23,4.94,0.01,729,359925,买盘
10:56:26,4.94,0.0,267,131696,买盘
10:56:29,4.94,0.0,414,204385,买盘
10:56:32,4.93,-0.01,89,43905,卖盘
10:56:35,4.94,0.01,97,47853,买盘
10:56:38,4.93,-0.01,50,24670,卖盘
10:56:41,4.94,0.01,69,34082,买盘
10:56:44,4.93,-0.01,80,39455,卖盘
10:56:47,4.94,0.01,799,394204,买盘
10:56:50,4.94,0.0,44,21732,买盘
10:56:53,4.94,0.0,296,146141,买盘
10:56:56,4.93,-0.01,48,23680,卖盘
10:56:59,4.94,0.01,65,32088,买盘
10:57:02,4.94,0.0,73,36062,买盘
10:57:05,4.94,0.0,216,106679,买盘
10:57:08,4.94,0.0,227,112130,买盘
10:57:11,4.93,-0.01,334,164874,卖盘
10:57:14,4.94,0.01,272,134367,买盘
10:57:17,4.94,0.0,20,9878,买盘
10:57:20,4.93,-0.01,219,107972,卖盘
10:57:23,4.93,0.0,207,102158,卖盘
10:57:26,4.93,0.0,53,26129,卖盘
10:57:29,4.94,0.01,242,119316,买盘
10:57:32,4.94,0.0,196,96761,买盘
10:57:35,4.93,-0.01,52,25683,卖盘
10:57:38,4.94,0.01,182,89770,买盘
10:57:41,4.94,0.0,115,56767,买盘
10:57:44,4.94,0.0,1223,604045,买盘
10:57:47,4.94,0.0,150,74049,买盘
10:57:50,4.94,0.0,497,245514,买盘
10:57:53,4.95,0.01,1424,703473,买盘
10:57:56,4.94,-0.01,77,38114,卖盘
10:57:59,4.95,0.01,587,289997,买盘
10:58:02,4.94,-0.01,229,113163,卖盘
10:58:05,4.95,0.01,112,55434,买盘
10:58:08,4.95,0.0,100,49413,买盘
10:58:11,4.95,0.0,211,104434,买盘
10:58:14,4.95,0.0,120,59390,买盘
10:58:17,4.95,0.0,62,30688,买盘
10:58:20,4.94,-0.01,107,52912,卖盘
10:58:23,4.95,0.01,134,66319,买盘
10:58:26,4.95,0.0,267,132058,买盘
10:58:29,4.95,0.0,93,46026,买盘
10:58:32,4.95,0.0,221,109392,买盘
10:58:35,4.95,0.0,567,280614,买盘
10:58:38,4.94,-0.01,106,52452,卖盘
10:58:41,4.95,0.01,171,84642,买盘
10:58:44,4.95,0.0,295,145983,买盘
10:58:47,4.95,0.0,181,89579,买盘
10:58:50,4.95,0.0,751,371792,买盘
10:58:53,4.95,0.0,190,94152,卖盘
10:58:56,4.96,0.01,408,202354,买盘
10:58:59,4.96,0.0,168,83317,买盘
10:59:02,4.96,0.0,1132,561417,买盘
10:59:05,4.95,-0.01,307,152469,卖盘
10:59:08,4.96,0.01,23,11408,卖盘
10:59:11,4.97,0.01,716,355851,买盘
10:59:14,4.97,0.0,182,90453,买盘
10:59:17,4.97,0.0,1472,731682,买盘
10:59:20,4.96,-0.01,276,137201,卖盘
10:59:23,4.98,0.02,309,153600,买盘
10:59:26,4.98,0.0,251,124996,买盘
10:59:29,4.98,0.0,113,56273,买盘
10:59:32,4.98,0.0,77,38335,买盘
10:59:35,4.98,0.0,743,369887,买盘
10:59:38,4.98,0.0,267,132866,买盘
10:59:41,4.98,0.0,196,97605,买盘
10:59:44,4.99,0.01,1007,501521,买盘
10:59:47,4.98,-0.01,39,19441,卖盘
10:59:50,4.99,0.01,379,189049,买盘
10:59:53,4.98,-0.01,397,198095,卖盘
10:59:56,4.99,0.01,976,487021,买盘
10:59:59,5.0,0.01,816,407325,买盘
11:00:02,5.0,0.0,425,212162,买盘
11:00:05,5.0,0.0,286,142908,买盘
11:00:08,5.0,0.0,403,201309,买盘
11:00:11,5.0,0.0,645,322499,买盘
11:00:14,5.0,0.0,129,64499,买盘
11:00:17,5.0,0.0,893,446469,卖盘
11:00:20,5.0,0.0,1668,832433,买盘
11:00:23,4.99,-0.01,459,229418,中性盘
11:00:26,4.99,0.0,1368,682201,买盘
11:00:29,4.97,-0.02,1958,974675,卖盘
11:00:32,4.96,-0.01,807,401696,卖盘
11:00:35,4.96,0.0,595,295174,卖盘
11:00:38,4.96,0.0,199,98683,卖盘
11:00:41,4.96,0.0,237,117522,买盘
11:00:44,4.95,-0.01,609,301487,卖盘
11:00:47,4.95,0.0,1271,629216,卖盘
11:00:50,4.95,0.0,43,21285,买盘
11:00:53,4.95,0.0,704,347829,买盘
11:00:56,4.94,-0.01,101,49916,卖盘
11:00:59,4.94,0.0,227,112316,卖盘
11:01:02,4.95,0.01,395,195315,买盘
11:01:05,4.94,-0.01,308,152188,卖盘
11:01:08,4.94,0.0,100,49460,卖盘
11:01:11,4.95,0.01,349,172481,买盘
11:01:14,4.95,0.0,70,34643,买盘
11:01:17,4.95,0.0,283,139806,买盘
11:01:20,4.94,-0.01,225,111150,卖盘
11:01:23,4.94,0.0,168,82992,买盘
11:01:26,4.94,0.0,181,89414,买盘
11:01:29,4.94,0.0,628,310222,买盘
11:01:32,4.94,0.0,123,60757,买盘
11:01:35,4.94,0.0,170,83947,卖盘
11:01:38,4.93,-0.01,221,109167,卖盘
11:01:41,4.94,0.01,45,22210,买盘
11:01:44,4.95,0.01,431,212705,买盘
11:01:47,4.93,-0.02,100,49353,卖盘
11:01:50,4.93,0.0,68,33592,卖盘
11:01:53,4.94,0.01,58,28676,买盘
11:01:56,4.93,-0.01,115,56770,卖盘
11:01:59,4.93,0.0,56,27642,卖盘
11:02:02,4.94,0.01,226,111444,买盘
11:02:05,4.94,0.0,245,120916,买盘
11:02:08,4.94,0.0,746,368478,买盘
11:02:11,4.94,0.0,30,14820,买盘
11:02:14,4.94,0.0,37,18278,买盘
11:02:17,4.94,0.0,153,75582,买盘
11:02:20,4.94,0.0,106,52364,买盘
11:02:23,4.94,0.0,82,40507,买盘
11:02:26,4.94,0.0,660,325836,买盘
11:02:29,4.94,0.0,124,61276,买盘
11:02:32,4.94,0.0,187,92425,卖盘
11:02:35,4.95,0.01,15,7420,买盘
11:02:38,4.95,0.0,27,13365,买盘
11:02:41,4.94,-0.01,6,2965,卖盘
11:02:44,4.95,0.01,34,16830,买盘
11:02:47,4.95,0.0,33,16335,买盘
11:02:50,4.95,0.0,438,216657,买盘
11:02:53,4.95,0.0,86,42570,买盘
11:02:56,4.95,0.0,316,156418,买盘
11:02:59,4.94,-0.01,397,196437,卖盘
11:03:02,4.94,0.0,120,59341,卖盘
11:03:05,4.94,0.0,674,333432,卖盘
11:03:08,4.95,0.01,15,7433,卖盘
11:03:11,4.95,0.0,77,38291,卖盘
11:03:14,4.96,0.01,110,54532,买盘
11:03:17,4.96,0.0,86,42575,买盘
11:03:20,4.97,0.01,442,219256,买盘
11:03:26,4.97,0.0,88,43724,买盘
11:03:29,4.97,0.0,441,218827,买盘
11:03:32,4.96,-0.01,57,28328,卖盘
11:03:35,4.96,0.0,217,107784,卖盘
11:03:38,4.97,0.01,297,147609,买盘
11:03:41,4.97,0.0,125,62123,买盘
11:03:44,4.96,-0.01,66,32797,卖盘
11:03:47,4.97,0.01,92,45724,买盘
11:03:50,4.97,0.0,27,13419,买盘
11:03:53,4.97,0.0,12,5964,买盘
11:03:56,4.97,0.0,780,387025,买盘
11:03:59,4.97,0.0,526,261281,买盘
11:04:02,4.97,0.0,158,78512,卖盘
11:04:05,4.96,-0.01,32,15872,卖盘
11:04:08,4.96,0.0,408,202015,买盘
11:04:11,4.96,0.0,312,154733,买盘
11:04:14,4.95,-0.01,174,86283,卖盘
11:04:17,4.96,0.01,27,13392,买盘
11:04:20,4.96,0.0,51,25296,买盘
11:04:23,4.96,0.0,222,109897,买盘
11:04:26,4.95,-0.01,62,30743,卖盘
11:04:29,4.96,0.01,253,125305,买盘
11:04:32,4.95,-0.01,93,46035,卖盘
11:04:35,4.95,0.0,163,80690,卖盘
11:04:38,4.96,0.01,21,10406,买盘
11:04:41,4.96,0.0,23,11387,买盘
11:04:47,4.96,0.0,243,120421,买盘
11:04:50,4.95,-0.01,1,495,卖盘
11:04:53,4.95,0.0,616,304929,卖盘
11:04:56,4.95,0.0,49,24257,中性盘
11:04:59,4.95,0.0,10,4950,买盘
11:05:02,4.95,0.0,82,40572,买盘
11:05:05,4.95,0.0,67,33165,买盘
11:05:08,4.95,0.0,18,8909,买盘
11:05:11,4.94,-0.01,711,351248,卖盘
11:05:14,4.93,-0.01,3227,1592004,卖盘
11:05:17,4.93,0.0,145,71485,卖盘
11:05:20,4.93,0.0,27,13311,卖盘
11:05:23,4.93,0.0,78,38468,卖盘
11:05:26,4.93,0.0,1148,566070,卖盘
11:05:29,4.93,0.0,4,1972,卖盘
11:05:32,4.93,0.0,1413,696649,卖盘
11:05:35,4.93,0.0,318,156774,卖盘
11:05:41,4.92,-0.01,80,39410,卖盘
11:05:44,4.92,0.0,80,39364,卖盘
11:05:47,4.92,0.0,101,49759,卖盘
11:05:50,4.93,0.01,158,77756,买盘
11:05:53,4.92,-0.01,91,44772,卖盘
11:05:56,4.92,0.0,35,17242,卖盘
11:05:59,4.93,0.01,357,175647,买盘
11:06:02,4.92,-0.01,310,152524,卖盘
11:06:05,4.92,0.0,72,35424,卖盘
11:06:08,4.93,0.01,201,98993,买盘
11:06:14,4.92,-0.01,159,78228,卖盘
11:06:17,4.92,0.0,11,5413,卖盘
11:06:20,4.93,0.01,291,143197,买盘
11:06:23,4.92,-0.01,552,271584,卖盘
11:06:26,4.92,0.0,589,289788,卖盘
11:06:29,4.92,0.0,41,20172,买盘
11:06:35,4.91,-0.01,1307,641785,卖盘
11:06:38,4.9,-0.01,1245,611262,卖盘
11:06:41,4.9,0.0,14,6861,卖盘
11:06:44,4.9,0.0,168,82345,卖盘
11:06:47,4.9,0.0,308,150932,卖盘
11:06:50,4.91,0.01,75,36762,买盘
11:06:53,4.9,-0.01,668,327335,卖盘
11:06:56,4.91,0.01,505,247691,买盘
11:06:59,4.9,-0.01,213,104379,卖盘
11:07:02,4.9,0.0,55,26965,卖盘
11:07:05,4.9,0.0,165,80922,卖盘
11:07:08,4.9,0.0,148,72527,卖盘
11:07:11,4.9,0.0,556,272448,卖盘
11:07:14,4.9,0.0,486,238140,卖盘
11:07:17,4.9,0.0,149,73010,卖盘
11:07:20,4.9,0.0,254,124460,买盘
11:07:23,4.9,0.0,366,179340,买盘
11:07:26,4.9,0.0,514,251932,买盘
11:07:29,4.9,0.0,106,51940,卖盘
11:07:32,4.91,0.01,62,30442,买盘
11:07:35,4.91,0.0,1263,619158,买盘
11:07:38,4.91,0.0,15,7365,买盘
11:07:41,4.91,0.0,329,161239,买盘
11:07:44,4.9,-0.01,132,64706,卖盘
11:07:47,4.9,0.0,51,25021,卖盘
11:07:50,4.9,0.0,92,45096,卖盘
11:07:53,4.91,0.01,646,316550,买盘
11:07:56,4.91,0.0,71,34855,买盘
11:07:59,4.9,-0.01,565,276901,卖盘
11:08:02,4.9,0.0,125,61250,买盘
11:08:05,4.9,0.0,50,24500,买盘
11:08:08,4.89,-0.01,293,143533,卖盘
11:08:11,4.9,0.01,89,43610,买盘
11:08:14,4.9,0.0,10,4900,卖盘
11:08:17,4.9,0.0,9,4410,卖盘
11:08:20,4.9,0.0,47,23040,卖盘
11:08:23,4.9,0.0,45,22050,卖盘
11:08:26,4.91,0.01,350,171551,买盘
11:08:29,4.91,0.0,217,106447,买盘
11:08:32,4.9,-0.01,25,12252,卖盘
11:08:35,4.91,0.01,109,53519,买盘
11:08:38,4.91,0.0,52,25532,买盘
11:08:41,4.91,0.0,343,168213,买盘
11:08:44,4.91,0.0,17,8346,买盘
11:08:47,4.91,0.0,532,260705,买盘
11:08:50,4.91,0.0,30,14730,卖盘
11:08:53,4.92,0.01,94,46248,买盘
11:08:56,4.91,-0.01,52,25532,卖盘
11:09:02,4.91,0.0,61,29981,卖盘
11:09:05,4.92,0.01,25,12280,买盘
11:09:08,4.92,0.0,9,4428,买盘
11:09:11,4.92,0.0,200,98400,买盘
11:09:14,4.92,0.0,184,90523,买盘
11:09:17,4.92,0.0,67,32964,买盘
11:09:20,4.92,0.0,6,2952,买盘
11:09:23,4.91,-0.01,61,30010,卖盘
11:09:29,4.91,0.0,10,4910,卖盘
11:09:32,4.91,0.0,12,5892,卖盘
11:09:35,4.92,0.01,24,11796,买盘
11:09:38,4.91,-0.01,2,982,卖盘
11:09:41,4.91,0.0,317,155647,卖盘
11:09:44,4.91,0.0,290,142390,买盘
11:09:47,4.91,0.0,308,151228,卖盘
11:09:50,4.9,-0.01,17,8337,卖盘
11:09:53,4.91,0.01,22,10802,买盘
11:09:56,4.9,-0.01,73,35841,卖盘
11:09:59,4.91,0.01,16,7856,买盘
11:10:02,4.91,0.0,291,142807,买盘
11:10:05,4.91,0.0,40,19640,卖盘
11:10:08,4.91,0.0,506,248946,卖盘
11:10:11,4.92,0.01,57,28044,买盘
11:10:14,4.91,-0.01,54,26536,卖盘
11:10:17,4.92,0.01,15,7380,买盘
11:10:20,4.92,0.0,186,91407,买盘
11:10:23,4.92,0.0,237,116604,买盘
11:10:26,4.92,0.0,120,59030,买盘
11:10:29,4.92,0.0,309,151962,买盘
11:10:35,4.92,0.0,65,31984,卖盘
11:10:38,4.93,0.01,251,123610,买盘
11:10:41,4.93,0.0,45,22174,买盘
11:10:44,4.93,0.0,92,45356,买盘
11:10:47,4.93,0.0,27,13310,买盘
11:10:50,4.93,0.0,209,103037,买盘
11:10:53,4.93,0.0,43,21199,买盘
11:10:56,4.93,0.0,3,1479,卖盘
11:10:59,4.94,0.01,46,22724,买盘
11:11:02,4.93,-0.01,10,4930,卖盘
11:11:05,4.94,0.01,190,93853,买盘
11:11:08,4.93,-0.01,759,374236,卖盘
11:11:11,4.93,0.0,125,61678,买盘
11:11:14,4.93,0.0,70,34510,买盘
11:11:20,4.93,0.0,132,65076,买盘
11:11:23,4.93,0.0,19,9367,买盘
11:11:29,4.92,-0.01,1,492,卖盘
11:11:32,4.93,0.01,100,49300,买盘
11:11:38,4.92,-0.01,440,216480,卖盘
11:11:41,4.92,0.0,30,14760,卖盘
11:11:44,4.92,0.0,49,24143,卖盘
11:11:47,4.92,0.0,11,5412,卖盘
11:11:50,4.92,0.0,137,67404,卖盘
11:11:53,4.92,0.0,139,68388,卖盘
11:11:56,4.93,0.01,1072,528176,买盘
11:11:59,4.93,0.0,18,8878,卖盘
11:12:02,4.94,0.01,198,97807,买盘
11:12:05,4.94,0.0,153,75457,买盘
11:12:08,4.94,0.0,113,55721,买盘
11:12:11,4.94,0.0,2,988,买盘
11:12:14,4.93,-0.01,4,1972,卖盘
11:12:17,4.94,0.01,3,1482,买盘
11:12:20,4.93,-0.01,72,35496,卖盘
11:12:23,4.93,0.0,47,23171,买盘
11:12:26,4.93,0.0,6,2958,买盘
11:12:29,4.93,0.0,61,30073,买盘
11:12:35,4.93,0.0,129,63593,买盘
11:12:38,4.93,0.0,70,34510,买盘
11:12:41,4.94,0.01,250,123320,买盘
11:12:44,4.93,-0.01,15,7395,卖盘
11:12:47,4.94,0.01,32,15778,买盘
11:12:50,4.93,-0.01,147,72471,卖盘
11:12:53,4.93,0.0,127,62683,买盘
11:12:59,4.93,0.0,414,204104,卖盘
11:13:02,4.94,0.01,529,261238,买盘
11:13:05,4.94,0.0,59,29146,卖盘
11:13:08,4.94,0.0,10,4940,卖盘
11:13:11,4.95,0.01,154,76138,买盘
11:13:14,4.94,-0.01,4,1976,中性盘
11:13:17,4.94,0.0,18,8892,买盘
11:13:20,4.94,0.0,30,14820,买盘
11:13:23,4.94,0.0,24,11853,买盘
11:13:26,4.94,0.0,17,8398,买盘
11:13:32,4.94,0.0,473,233995,卖盘
11:13:35,4.95,0.01,79,39095,买盘
11:13:38,4.95,0.0,21,10395,买盘
11:13:41,4.95,0.0,15,7425,买盘
11:13:44,4.95,0.0,34,16800,买盘
11:13:47,4.95,0.0,173,85498,买盘
11:13:50,4.95,0.0,504,248980,买盘
11:13:53,4.95,0.0,124,61380,买盘
11:13:56,4.95,0.0,19,9405,买盘
11:14:02,4.95,0.0,128,63345,买盘
11:14:05,4.94,-0.01,118,58409,卖盘
11:14:08,4.95,0.01,76,37560,买盘
11:14:11,4.95,0.0,131,64725,买盘
11:14:14,4.95,0.0,24,11880,买盘
11:14:17,4.94,-0.01,41,20254,卖盘
11:14:20,4.94,0.0,271,134072,卖盘
11:14:23,4.95,0.01,25,12375,买盘
11:14:29,4.95,0.0,142,70250,买盘
11:14:38,4.94,-0.01,67,33105,卖盘
11:14:41,4.94,0.0,93,45942,卖盘
11:14:44,4.94,0.0,64,31616,买盘
11:14:47,4.94,0.0,77,38038,买盘
11:14:50,4.94,0.0,63,31122,买盘
11:14:53,4.94,0.0,2,988,买盘
11:14:56,4.93,-0.01,5,2467,卖盘
11:15:02,4.93,0.0,58,28614,卖盘
11:15:05,4.94,0.01,48,23702,买盘
11:15:08,4.93,-0.01,108,53294,卖盘
11:15:11,4.93,0.0,133,65649,卖盘
11:15:14,4.94,0.01,10,4940,买盘
11:15:17,4.93,-0.01,815,401970,卖盘
11:15:20,4.93,0.0,6,2962,卖盘
11:15:23,4.93,0.0,273,134589,卖盘
11:15:26,4.93,0.0,65,32048,卖盘
11:15:29,4.94,0.01,1,494,买盘
11:15:32,4.93,-0.01,144,70992,卖盘
11:15:35,4.93,0.0,15,7395,卖盘
11:15:38,4.93,0.0,126,62154,卖盘
11:15:44,4.94,0.01,37,18278,买盘
11:15:47,4.94,0.0,119,58786,买盘
11:15:50,4.93,-0.01,111,54723,卖盘
11:15:53,4.93,0.0,22,10846,卖盘
11:15:59,4.93,0.0,16,7889,卖盘
11:16:02,4.93,0.0,22,10858,卖盘
11:16:08,4.93,0.0,102,50286,卖盘
11:16:20,4.94,0.01,36,17784,买盘
11:16:23,4.93,-0.01,350,172881,卖盘
11:16:26,4.94,0.01,84,41496,买盘
11:16:29,4.94,0.0,26,12844,买盘
11:16:32,4.94,0.0,62,30628,买盘
11:16:35,4.94,0.0,67,33098,买盘
11:16:38,4.93,-0.01,132,65127,卖盘
11:16:41,4.94,0.01,53,26182,买盘
11:16:44,4.94,0.0,16,7904,买盘
11:16:47,4.94,0.0,90,44460,买盘
11:16:50,4.94,0.0,67,33098,买盘
11:16:53,4.94,0.0,142,70098,买盘
11:16:56,4.94,0.0,76,37544,买盘
11:16:59,4.94,0.0,33,16302,买盘
11:17:02,4.94,0.0,38,18772,买盘
11:17:05,4.93,-0.01,558,275611,卖盘
11:17:08,4.94,0.01,147,72618,买盘
11:17:11,4.94,0.0,64,31616,买盘
11:17:14,4.94,0.0,111,54834,买盘
11:17:17,4.93,-0.01,104,51276,卖盘
11:17:20,4.94,0.01,5,2470,买盘
11:17:23,4.94,0.0,22,10868,买盘
11:17:26,4.94,0.0,217,107198,买盘
11:17:29,4.94,0.0,29,14329,卖盘
11:17:32,4.94,0.0,46,22724,卖盘
11:17:35,4.94,0.0,2,988,卖盘
11:17:38,4.94,0.0,49,24206,卖盘
11:17:41,4.93,-0.01,49,24186,卖盘
11:17:44,4.94,0.01,2,988,买盘
11:17:47,4.94,0.0,18,8892,买盘
11:17:50,4.94,0.0,133,65702,买盘
11:17:53,4.94,0.0,21,10374,买盘
11:17:56,4.93,-0.01,21,10363,卖盘
11:17:59,4.94,0.01,24,11856,买盘
11:18:05,4.93,-0.01,9,4437,卖盘
11:18:17,4.93,0.0,22,10846,卖盘
11:18:26,4.94,0.01,61,30134,买盘
11:18:29,4.94,0.0,38,18772,买盘
11:18:32,4.94,0.0,27,13338,买盘
11:18:35,4.94,0.0,32,15808,买盘
11:18:38,4.94,0.0,191,94354,买盘
11:18:41,4.94,0.0,8,3952,买盘
11:18:44,4.94,0.0,14,6913,买盘
11:18:50,4.94,0.0,16,7904,买盘
11:18:56,4.94,0.0,57,28158,买盘
11:18:59,4.94,0.0,17,8398,买盘
11:19:02,4.94,0.0,12,5928,买盘
11:19:11,4.94,0.0,25,12350,买盘
11:19:14,4.94,0.0,38,18772,买盘
11:19:17,4.94,0.0,516,254904,买盘
11:19:20,4.94,0.0,21,10374,买盘
11:19:23,4.94,0.0,1041,513247,买盘
11:19:26,4.93,-0.01,17,8381,卖盘
11:19:29,4.93,0.0,101,49806,卖盘
11:19:32,4.93,0.0,149,73484,卖盘
11:19:35,4.93,0.0,50,24650,卖盘
11:19:38,4.93,0.0,47,23206,卖盘
11:19:41,4.94,0.01,17,8396,买盘
11:19:44,4.93,-0.01,220,108480,卖盘
11:19:47,4.93,0.0,3,1479,卖盘
11:19:50,4.93,0.0,21,10354,卖盘
11:19:53,4.94,0.01,54,26634,买盘
11:19:59,4.93,-0.01,11,5424,卖盘
11:20:02,4.93,0.0,285,140505,卖盘
11:20:05,4.94,0.01,54,26641,买盘
11:20:11,4.94,0.0,13,6417,买盘
11:20:14,4.93,-0.01,183,90362,卖盘
11:20:17,4.94,0.01,36,17750,买盘
11:20:20,4.93,-0.01,16,7890,卖盘
11:20:23,4.94,0.01,59,29142,买盘
11:20:32,4.93,-0.01,353,174031,卖盘
11:20:35,4.93,0.0,74,36482,卖盘
11:20:38,4.93,0.0,2,986,卖盘
11:20:44,4.93,0.0,28,13804,卖盘
11:20:47,4.94,0.01,1,494,买盘
11:20:50,4.93,-0.01,158,77998,卖盘
11:20:53,4.94,0.01,2,987,买盘
11:20:56,4.94,0.0,43,21229,买盘
11:20:59,4.93,-0.01,111,54723,卖盘
11:21:02,4.94,0.01,4,1976,买盘
11:21:05,4.93,-0.01,30,14808,卖盘
11:21:08,4.94,0.01,49,24206,买盘
11:21:11,4.94,0.0,137,67678,买盘
11:21:14,4.94,0.0,50,24700,买盘
11:21:20,4.94,0.0,1,494,买盘
11:21:23,4.94,0.0,1,494,买盘
11:21:29,4.93,-0.01,16,7889,卖盘
11:21:32,4.93,0.0,245,120950,卖盘
11:21:35,4.94,0.01,15,7410,买盘
11:21:38,4.94,0.0,1,494,买盘
11:21:41,4.93,-0.01,143,70622,卖盘
11:21:44,4.94,0.01,1851,914393,买盘
11:21:47,4.95,0.01,39,19269,买盘
11:21:50,4.94,-0.01,102,50392,卖盘
11:21:53,4.95,0.01,141,69674,买盘
11:21:56,4.94,-0.01,42,20748,卖盘
11:21:59,4.94,0.0,14,6916,卖盘
11:22:02,4.94,0.0,7,3458,卖盘
11:22:05,4.95,0.01,40,19790,买盘
11:22:08,4.95,0.0,122,60318,买盘
11:22:11,4.94,-0.01,3,1482,卖盘
11:22:14,4.94,0.0,46,22739,卖盘
11:22:17,4.95,0.01,444,219743,买盘
11:22:20,4.94,-0.01,48,23730,卖盘
11:22:23,4.94,0.0,40,19763,卖盘
11:22:26,4.95,0.01,61,30169,买盘
11:22:29,4.94,-0.01,46,22724,卖盘
11:22:32,4.94,0.0,25,12350,卖盘
11:22:35,4.95,0.01,54,26686,买盘
11:22:38,4.94,-0.01,20,9880,卖盘
11:22:41,4.95,0.01,272,134469,买盘
11:22:44,4.94,-0.01,362,179154,卖盘
11:22:47,4.94,0.0,19,9395,卖盘
11:22:50,4.95,0.01,20,9890,买盘
11:22:53,4.94,-0.01,12,5930,卖盘
11:22:56,4.94,0.0,13,6422,卖盘
11:22:59,4.94,0.0,21,10383,卖盘
11:23:02,4.94,0.0,11,5434,卖盘
11:23:05,4.95,0.01,211,104430,买盘
11:23:08,4.94,-0.01,25,12364,卖盘
11:23:11,4.94,0.0,96,47470,卖盘
11:23:14,4.94,0.0,81,40014,卖盘
11:23:17,4.94,0.0,36,17784,买盘
11:23:20,4.94,0.0,235,116015,买盘
11:23:23,4.93,-0.01,77,37969,卖盘
11:23:26,4.93,0.0,71,35009,卖盘
11:23:29,4.93,0.0,75,36990,卖盘
11:23:32,4.93,0.0,53,26129,卖盘
11:23:35,4.93,0.0,49,24157,卖盘
11:23:38,4.93,0.0,490,241570,卖盘
11:23:41,4.93,0.0,140,69145,卖盘
11:23:44,4.93,0.0,42,20706,卖盘
11:23:47,4.93,0.0,165,81358,卖盘
11:23:50,4.93,0.0,9,4437,卖盘
11:23:53,4.93,0.0,15,7400,卖盘
11:23:56,4.93,0.0,171,84303,卖盘
11:23:59,4.93,0.0,128,63010,买盘
11:24:02,4.93,0.0,35,17255,买盘
11:24:05,4.93,0.0,27,13311,买盘
11:24:08,4.92,-0.01,236,116127,卖盘
11:24:11,4.92,0.0,247,121731,卖盘
11:24:14,4.93,0.01,80,39440,买盘
11:24:17,4.93,0.0,24,11832,买盘
11:24:20,4.93,0.0,2,986,买盘
11:24:23,4.92,-0.01,4,1971,卖盘
11:24:26,4.92,0.0,10,4925,卖盘
11:24:29,4.92,0.0,240,118080,卖盘
11:24:32,4.93,0.01,10,4930,买盘
11:24:35,4.92,-0.01,151,74292,卖盘
11:24:38,4.92,0.0,842,414442,卖盘
11:24:41,4.93,0.01,23,11333,买盘
11:24:44,4.93,0.0,211,104023,买盘
11:24:47,4.93,0.0,21,10353,买盘
11:24:53,4.93,0.0,24,11832,买盘
11:24:56,4.93,0.0,184,90641,买盘
11:24:59,4.94,0.01,76,37540,买盘
11:25:02,4.93,-0.01,2,986,卖盘
11:25:05,4.93,0.0,2,986,卖盘
11:25:08,4.93,0.0,6,2962,卖盘
11:25:11,4.93,0.0,2,986,卖盘
11:25:14,4.93,0.0,16,7888,卖盘
11:25:17,4.93,0.0,15,7396,卖盘
11:25:20,4.94,0.01,41,20241,买盘
11:25:23,4.93,-0.01,30,14808,卖盘
11:25:26,4.94,0.01,157,77540,买盘
11:25:29,4.93,-0.01,46,22711,卖盘
11:25:32,4.93,0.0,534,263667,卖盘
11:25:35,4.93,0.0,38,18770,卖盘
11:25:38,4.93,0.0,3,1479,卖盘
11:25:41,4.93,0.0,3,1479,卖盘
11:25:44,4.93,0.0,11,5430,卖盘
11:25:47,4.93,0.0,11,5430,卖盘
11:25:50,4.93,0.0,17,8381,卖盘
11:25:53,4.93,0.0,6,2958,卖盘
11:25:56,4.93,0.0,10,4930,卖盘
11:25:59,4.93,0.0,9,4437,卖盘
11:26:02,4.93,0.0,156,76948,卖盘
11:26:05,4.94,0.01,77,37988,买盘
11:26:08,4.94,0.0,17,8388,买盘
11:26:20,4.94,0.0,7,3458,买盘
11:26:23,4.94,0.0,16,7904,买盘
11:26:26,4.93,-0.01,8,3944,中性盘
11:26:29,4.94,0.01,157,77544,买盘
11:26:32,4.94,0.0,4,1974,买盘
11:26:35,4.94,0.0,11,5432,买盘
11:26:38,4.93,-0.01,11,5428,卖盘
11:26:41,4.94,0.01,61,30131,买盘
11:26:44,4.94,0.0,33,16299,买盘
11:26:47,4.93,-0.01,6,2958,卖盘
11:26:50,4.94,0.01,4,1974,买盘
11:26:53,4.94,0.0,6,2960,买盘
11:26:56,4.94,0.0,47,23204,买盘
11:26:59,4.93,-0.01,43,21199,卖盘
11:27:02,4.94,0.01,121,59761,买盘
11:27:05,4.93,-0.01,21,10363,卖盘
11:27:08,4.93,0.0,192,94716,卖盘
11:27:11,4.94,0.01,112,55304,买盘
11:27:14,4.92,-0.02,208,102403,卖盘
11:27:17,4.94,0.02,100,49318,买盘
11:27:20,4.94,0.0,159,78524,买盘
11:27:23,4.93,-0.01,33,16298,卖盘
11:27:26,4.93,0.0,32,15776,卖盘
11:27:29,4.93,0.0,42,20709,卖盘
11:27:32,4.93,0.0,4,1972,卖盘
11:27:35,4.93,0.0,14,6910,卖盘
11:27:38,4.93,0.0,17,8382,卖盘
11:27:41,4.94,0.01,399,197085,买盘
11:27:44,4.94,0.0,144,71121,买盘
11:27:47,4.93,-0.01,13,6409,卖盘
11:27:50,4.93,0.0,57,28101,卖盘
11:27:53,4.93,0.0,1,493,卖盘
11:27:56,4.93,0.0,8,3944,卖盘
11:27:59,4.93,0.0,50,24650,卖盘
11:28:02,4.93,0.0,175,86286,卖盘
11:28:05,4.94,0.01,458,226252,买盘
11:28:08,4.94,0.0,168,82841,买盘
11:28:14,4.94,0.0,9,4444,买盘
11:28:23,4.93,-0.01,1,493,卖盘
11:28:26,4.94,0.01,3,1482,买盘
11:28:29,4.93,-0.01,91,44953,卖盘
11:28:32,4.94,0.01,104,51373,买盘
11:28:35,4.94,0.0,18,8892,买盘
11:28:41,4.93,-0.01,112,55263,卖盘
11:28:44,4.94,0.01,7,3458,买盘
11:28:47,4.93,-0.01,2,986,卖盘
11:28:50,4.94,0.01,5,2470,买盘
11:28:53,4.94,0.0,48,23712,买盘
11:28:56,4.93,-0.01,9,4441,卖盘
11:29:02,4.94,0.01,12,5928,买盘
11:29:05,4.94,0.0,3,1482,买盘
11:29:11,4.93,-0.01,69,34017,卖盘
11:29:14,4.94,0.01,309,152646,买盘
11:29:17,4.94,0.0,59,29146,买盘
11:29:20,4.94,0.0,60,29640,买盘
11:29:23,4.93,-0.01,60,29617,卖盘
11:29:26,4.95,0.02,18,8908,买盘
11:29:29,4.95,0.0,22,10871,买盘
11:29:35,4.95,0.0,96,47425,买盘
11:29:38,4.95,0.0,74,36630,买盘
11:29:41,4.95,0.0,44,21780,买盘
11:29:44,4.95,0.0,52,25740,买盘
11:29:50,4.95,0.0,37,18315,买盘
11:29:53,4.95,0.0,24,11880,买盘
11:29:56,4.95,0.0,90,44549,买盘
11:29:59,4.95,0.0,111,54945,买盘
11:30:02,4.95,0.0,158,78210,买盘
13:00:02,4.96,0.01,548,271620,买盘
13:00:05,4.98,0.02,1567,777834,买盘
13:00:08,4.96,-0.02,982,487441,卖盘
13:00:11,4.97,0.01,221,109835,中性盘
13:00:14,4.97,0.0,156,77646,买盘
13:00:17,4.97,0.0,254,126276,买盘
13:00:20,4.98,0.01,252,125346,买盘
13:00:23,4.97,-0.01,429,213486,卖盘
13:00:26,4.97,0.0,115,57155,买盘
13:00:29,4.97,0.0,42,20905,买盘
13:00:32,4.97,0.0,62,30851,卖盘
13:00:35,4.97,0.0,180,89460,卖盘
13:00:38,4.97,0.0,413,205344,卖盘
13:00:41,4.97,0.0,185,91995,买盘
13:00:44,4.97,0.0,348,172956,卖盘
13:00:47,4.97,0.0,39,19383,买盘
13:00:50,4.97,0.0,236,117281,买盘
13:00:53,4.97,0.0,544,270074,买盘
13:00:56,4.97,0.0,212,105264,买盘
13:00:59,4.97,0.0,1991,989433,买盘
13:01:02,4.96,-0.01,371,184076,卖盘
13:01:05,4.97,0.01,120,59640,买盘
13:01:08,4.97,0.0,70,34755,买盘
13:01:11,4.97,0.0,1,497,买盘
13:01:14,4.97,0.0,101,50197,买盘
13:01:17,4.97,0.0,29,14413,买盘
13:01:20,4.97,0.0,81,40252,买盘
13:01:23,4.97,0.0,10,4963,买盘
13:01:26,4.97,0.0,10,4970,买盘
13:01:29,4.97,0.0,398,197575,买盘
13:01:32,4.97,0.0,53,26317,买盘
13:01:35,4.97,0.0,310,154005,买盘
13:01:38,4.96,-0.01,826,410259,卖盘
13:01:41,4.97,0.01,120,59639,买盘
13:01:44,4.97,0.0,113,56160,买盘
13:01:47,4.97,0.0,313,155561,买盘
13:01:50,4.97,0.0,15,7455,买盘
13:01:53,4.97,0.0,45,22365,买盘
13:02:02,4.97,0.0,553,274841,买盘
13:02:05,4.97,0.0,213,105761,买盘
13:02:08,4.96,-0.01,349,173271,卖盘
13:02:11,4.96,0.0,49,24324,卖盘
13:02:14,4.96,0.0,11,5456,卖盘
13:02:17,4.97,0.01,17,8438,买盘
13:02:20,4.97,0.0,83,41250,买盘
13:02:23,4.97,0.0,20,9940,买盘
13:02:26,4.97,0.0,104,51588,买盘
13:02:29,4.96,-0.01,1007,499472,卖盘
13:02:32,4.97,0.01,1646,818019,买盘
13:02:35,4.97,0.0,38,18886,卖盘
13:02:38,4.97,0.0,469,233093,卖盘
13:02:41,4.97,0.0,38,18886,卖盘
13:02:44,4.96,-0.01,395,195922,卖盘
13:02:47,4.96,0.0,33,16368,买盘
13:02:50,4.96,0.0,40,19840,买盘
13:02:53,4.96,0.0,479,237583,买盘
13:02:56,4.96,0.0,22,10912,买盘
13:03:02,4.95,-0.01,15,7430,卖盘
13:03:05,4.96,0.01,211,104560,买盘
13:03:08,4.95,-0.01,28,13860,卖盘
13:03:11,4.96,0.01,10,4960,买盘
13:03:14,4.96,0.0,75,37200,买盘
13:03:17,4.96,0.0,64,31719,买盘
13:03:20,4.96,0.0,28,13888,买盘
13:03:23,4.95,-0.01,12,5949,卖盘
13:03:26,4.96,0.01,220,108946,买盘
13:03:29,4.96,0.0,64,31740,买盘
13:03:32,4.95,-0.01,10,4950,卖盘
13:03:35,4.96,0.01,164,81344,买盘
13:03:38,4.96,0.0,10,4960,买盘
13:03:47,4.96,0.0,393,194927,买盘
13:03:50,4.96,0.0,26,12896,买盘
13:03:53,4.96,0.0,32,15852,买盘
13:03:56,4.96,0.0,10,4960,买盘
13:03:59,4.95,-0.01,149,73775,卖盘
13:04:02,4.96,0.01,16,7936,买盘
13:04:05,4.95,-0.01,81,40175,卖盘
13:04:08,4.96,0.01,27,13392,买盘
13:04:11,4.96,0.0,157,77872,买盘
13:04:14,4.96,0.0,395,195910,买盘
13:04:17,4.95,-0.01,110,54520,卖盘
13:04:20,4.96,0.01,1,496,买盘
13:04:23,4.96,0.0,112,55550,买盘
13:04:26,4.96,0.0,23,11408,买盘
13:04:29,4.96,0.0,17,8432,买盘
13:04:32,4.96,0.0,22,10912,买盘
13:04:35,4.96,0.0,54,26784,买盘
13:04:38,4.96,0.0,51,25296,买盘
13:04:41,4.96,0.0,172,85312,卖盘
13:04:44,4.96,0.0,4,1984,卖盘
13:04:47,4.97,0.01,25,12425,买盘
13:04:50,4.96,-0.01,115,57082,卖盘
13:04:53,4.96,0.0,103,51088,卖盘
13:04:56,4.96,0.0,63,31248,卖盘
13:04:59,4.96,0.0,21,10416,卖盘
13:05:02,4.96,0.0,122,60538,卖盘
13:05:05,4.97,0.01,182,90422,买盘
13:05:08,4.96,-0.01,402,199392,卖盘
13:05:11,4.96,0.0,53,26287,买盘
13:05:14,4.96,0.0,1,496,买盘
13:05:17,4.96,0.0,3,1486,买盘
13:05:20,4.96,0.0,422,209238,买盘
13:05:23,4.95,-0.01,42,20793,卖盘
13:05:26,4.96,0.01,9,4457,买盘
13:05:29,4.95,-0.01,161,79695,卖盘
13:05:32,4.95,0.0,649,321256,卖盘
13:05:35,4.95,0.0,1328,657376,卖盘
13:05:38,4.95,0.0,391,193545,卖盘
13:05:41,4.95,0.0,146,72282,卖盘
13:05:44,4.95,0.0,195,96525,卖盘
13:05:47,4.95,0.0,207,102467,卖盘
13:05:50,4.95,0.0,10,4950,卖盘
13:05:53,4.95,0.0,5,2475,卖盘
13:05:56,4.95,0.0,190,94050,卖盘
13:05:59,4.95,0.0,23,11385,卖盘
13:06:02,4.95,0.0,9,4455,卖盘
13:06:05,4.95,0.0,43,21285,卖盘
13:06:08,4.95,0.0,219,108410,卖盘
13:06:11,4.95,0.0,54,26730,卖盘
13:06:14,4.95,0.0,93,46036,卖盘
13:06:20,4.95,0.0,7,3465,卖盘
13:06:23,4.95,0.0,252,124740,卖盘
13:06:26,4.94,-0.01,3,1482,卖盘
13:06:29,4.95,0.01,72,35573,买盘
13:06:35,4.94,-0.01,56,27714,卖盘
13:06:38,4.95,0.01,203,100315,买盘
13:06:41,4.94,-0.01,3,1482,卖盘
13:06:44,4.95,0.01,316,156420,买盘
13:06:47,4.95,0.0,5,2475,买盘
13:06:53,4.95,0.0,5,2475,买盘
13:06:59,4.94,-0.01,110,54342,卖盘
13:07:02,4.94,0.0,158,78159,卖盘
13:07:05,4.94,0.0,6,2964,卖盘
13:07:08,4.94,0.0,1,494,卖盘
13:07:11,4.94,0.0,5,2470,卖盘
13:07:14,4.95,0.01,4,1977,买盘
13:07:17,4.95,0.0,26,12870,买盘
13:07:23,4.94,-0.01,31,15344,卖盘
13:07:26,4.95,0.01,156,77083,买盘
13:07:29,4.94,-0.01,115,56910,卖盘
13:07:32,4.95,0.01,198,97919,买盘
13:07:35,4.95,0.0,10,4950,买盘
13:07:44,4.94,-0.01,3,1484,卖盘
13:07:47,4.94,0.0,208,102937,卖盘
13:07:50,4.94,0.0,10,4940,卖盘
13:07:53,4.95,0.01,12,5933,买盘
13:07:59,4.94,-0.01,10,4940,卖盘
13:08:02,4.95,0.01,27,13354,买盘
13:08:05,4.95,0.0,239,118105,买盘
13:08:08,4.94,-0.01,55,27170,卖盘
13:08:11,4.94,0.0,67,33098,买盘
13:08:14,4.94,0.0,28,13832,买盘
13:08:17,4.93,-0.01,17,8393,卖盘
13:08:20,4.93,0.0,102,50378,卖盘
13:08:23,4.94,0.01,3,1482,买盘
13:08:26,4.94,0.0,6,2964,买盘
13:08:29,4.94,0.0,45,22230,买盘
13:08:35,4.93,-0.01,31,15285,卖盘
13:08:38,4.94,0.01,111,54834,买盘
13:08:44,4.94,0.0,244,120536,买盘
13:08:50,4.93,-0.01,222,109666,卖盘
13:08:53,4.94,0.01,14,6916,买盘
13:08:59,4.94,0.0,27,13338,买盘
13:09:02,4.94,0.0,17,8398,买盘
13:09:05,4.94,0.0,80,39520,买盘
13:09:08,4.93,-0.01,8,3951,卖盘
13:09:11,4.94,0.01,156,77064,买盘
13:09:17,4.94,0.0,13,6422,买盘
13:09:23,4.94,0.0,57,28137,买盘
13:09:26,4.93,-0.01,74,36486,卖盘
13:09:29,4.94,0.01,25,12340,买盘
13:09:38,4.94,0.0,2,988,买盘
13:09:41,4.94,0.0,12,5928,买盘
13:09:47,4.93,-0.01,1,493,卖盘
13:09:50,4.94,0.01,27,13338,买盘
13:09:53,4.93,-0.01,1,493,卖盘
13:10:05,4.94,0.01,30,14815,买盘
13:10:11,4.93,-0.01,8,3944,卖盘
13:10:14,4.93,0.0,1,493,卖盘
13:10:20,4.93,0.0,14,6908,卖盘
13:10:26,4.93,0.0,64,31552,卖盘
13:10:29,4.94,0.01,414,204516,买盘
13:10:32,4.93,-0.01,23,11339,卖盘
13:10:41,4.93,0.0,17,8381,卖盘
13:10:44,4.93,0.0,41,20213,卖盘
13:10:47,4.94,0.01,18,8884,买盘
13:10:50,4.93,-0.01,206,101558,卖盘
13:10:53,4.93,0.0,11,5431,卖盘
13:10:56,4.94,0.01,4,1976,买盘
13:11:02,4.94,0.0,70,34530,买盘
13:11:05,4.93,-0.01,142,70006,卖盘
13:11:08,4.93,0.0,467,230239,卖盘
13:11:11,4.93,0.0,122,60146,卖盘
13:11:14,4.94,0.01,295,145445,买盘
13:11:17,4.93,-0.01,8,3944,卖盘
13:11:20,4.93,0.0,2,986,卖盘
13:11:23,4.93,0.0,51,25143,卖盘
13:11:26,4.94,0.01,10,4940,买盘
13:11:29,4.94,0.0,19,9376,买盘
13:11:32,4.93,-0.01,3,1479,卖盘
13:11:35,4.94,0.01,2,988,买盘
13:11:38,4.93,-0.01,8,3946,卖盘
13:11:41,4.93,0.0,30,14790,卖盘
13:11:44,4.94,0.01,260,128190,买盘
13:11:47,4.93,-0.01,1099,541807,卖盘
13:11:50,4.93,0.0,116,57118,买盘
13:11:53,4.93,0.0,366,180437,买盘
13:11:56,4.93,0.0,160,78840,买盘
13:11:59,4.92,-0.01,5,2460,卖盘
13:12:05,4.93,0.01,10,4930,买盘
13:12:11,4.93,0.0,54,26579,买盘
13:12:14,4.93,0.0,37,18211,买盘
13:12:20,4.92,-0.01,5,2460,卖盘
13:12:23,4.93,0.01,10,4930,买盘
13:12:26,4.93,0.0,10,4930,买盘
13:12:29,4.92,-0.01,4,1968,卖盘
13:12:53,4.93,0.01,6,2955,买盘
13:12:59,4.92,-0.01,108,53174,卖盘
13:13:02,4.92,0.0,33,16236,卖盘
13:13:08,4.92,0.0,192,94650,卖盘
13:13:11,4.93,0.01,1571,774399,买盘
13:13:14,4.94,0.01,193,95207,买盘
13:13:17,4.94,0.0,29,14326,买盘
13:13:20,4.94,0.0,90,44433,买盘
13:13:23,4.93,-0.01,16,7891,卖盘
13:13:26,4.94,0.01,123,60752,买盘
13:13:29,4.94,0.0,329,162526,买盘
13:13:32,4.93,-0.01,133,65602,卖盘
13:13:35,4.94,0.01,1,494,买盘
13:13:38,4.94,0.0,575,284050,买盘
13:13:41,4.93,-0.01,111,54724,卖盘
13:13:44,4.94,0.01,5,2470,买盘
13:13:47,4.94,0.0,13,6421,买盘
13:13:50,4.94,0.0,35,17290,买盘
13:13:53,4.94,0.0,6,2964,买盘
13:13:56,4.93,-0.01,101,49893,卖盘
13:13:59,4.94,0.01,109,53846,买盘
13:14:02,4.93,-0.01,6,2962,卖盘
13:14:05,4.94,0.01,4,1976,买盘
13:14:08,4.94,0.0,32,15808,买盘
13:14:11,4.94,0.0,84,41486,买盘
13:14:14,4.94,0.0,4,1976,买盘
13:14:17,4.94,0.0,10,4940,买盘
13:14:20,4.94,0.0,6,2964,买盘
13:14:23,4.94,0.0,470,231910,买盘
13:14:26,4.95,0.01,40,19779,买盘
13:14:32,4.94,-0.01,21,10375,卖盘
13:14:41,4.95,0.01,10,4950,买盘
13:14:44,4.94,-0.01,50,24700,卖盘
13:14:50,4.94,0.0,130,64220,卖盘
13:14:53,4.94,0.0,18,8892,买盘
13:14:56,4.94,0.0,7,3458,买盘
13:14:59,4.94,0.0,9,4446,买盘
13:15:02,4.94,0.0,152,75088,买盘
13:15:05,4.93,-0.01,222,109612,卖盘
13:15:08,4.94,0.01,513,253928,买盘
13:15:11,4.95,0.01,2,990,买盘
13:15:14,4.95,0.0,5,2475,买盘
13:15:17,4.94,-0.01,5,2471,卖盘
13:15:20,4.95,0.01,5,2475,买盘
13:15:23,4.94,-0.01,10,4940,卖盘
13:15:26,4.95,0.01,31,15323,买盘
13:15:29,4.94,-0.01,5,2470,卖盘
13:15:32,4.94,0.0,9,4446,卖盘
13:15:35,4.94,0.0,268,132656,卖盘
13:15:44,4.94,0.0,242,119548,卖盘
13:15:47,4.95,0.01,81,40049,买盘
13:15:50,4.94,-0.01,8,3952,卖盘
13:15:53,4.94,0.0,18,8892,买盘
13:15:56,4.94,0.0,4,1976,买盘
13:16:05,4.93,-0.01,30,14800,卖盘
13:16:14,4.94,0.01,16,7904,买盘
13:16:17,4.93,-0.01,4,1972,卖盘
13:16:20,4.94,0.01,1665,822505,买盘
13:16:23,4.94,0.0,151,74546,买盘
13:16:26,4.94,0.0,158,78052,买盘
13:16:29,4.93,-0.01,41,20232,卖盘
13:16:32,4.94,0.01,14,6916,买盘
13:16:38,4.94,0.0,477,235638,买盘
13:16:41,4.94,0.0,46,22724,买盘
13:16:44,4.94,0.0,4,1976,买盘
13:16:47,4.94,0.0,20,9880,买盘
13:16:50,4.94,0.0,203,100276,买盘
13:16:53,4.94,0.0,65,32110,买盘
13:16:56,4.94,0.0,79,39026,买盘
13:16:59,4.94,0.0,61,30135,卖盘
13:17:02,4.95,0.01,1,495,买盘
13:17:05,4.95,0.0,132,65330,买盘
13:17:08,4.94,-0.01,13,6424,卖盘
13:17:11,4.95,0.01,49,24255,买盘
13:17:17,4.94,-0.01,6,2964,卖盘
13:17:20,4.95,0.01,50,24750,买盘
13:17:23,4.95,0.0,221,109394,买盘
13:17:26,4.95,0.0,2,990,买盘
13:17:29,4.94,-0.01,1,494,卖盘
13:17:32,4.94,0.0,16,7904,卖盘
13:17:35,4.94,0.0,1,494,卖盘
13:17:38,4.95,0.01,20,9900,买盘
13:17:41,4.95,0.0,509,251955,买盘
13:17:44,4.94,-0.01,12,5928,卖盘
13:17:47,4.95,0.01,183,90583,买盘
13:17:53,4.95,0.0,67,33109,买盘
13:17:59,4.94,-0.01,4,1977,卖盘
13:18:02,4.95,0.01,5,2475,买盘
13:18:08,4.95,0.0,11,5445,买盘
13:18:11,4.95,0.0,30,14850,买盘
13:18:14,4.94,-0.01,74,36580,卖盘
13:18:17,4.94,0.0,127,62745,卖盘
13:18:23,4.95,0.01,23,11384,买盘
13:18:26,4.95,0.0,37,18312,买盘
13:18:29,4.94,-0.01,52,25691,卖盘
13:18:32,4.95,0.01,29,14355,买盘
13:18:38,4.95,0.0,7,3465,买盘
13:18:41,4.95,0.0,12,5940,买盘
13:18:44,4.95,0.0,6,2970,买盘
13:18:50,4.95,0.0,10,4950,买盘
13:18:53,4.95,0.0,5,2475,买盘
13:18:56,4.94,-0.01,31,15325,卖盘
13:18:59,4.95,0.01,1,495,买盘
13:19:02,4.95,0.0,5,2475,买盘
13:19:05,4.95,0.0,500,247500,买盘
13:19:08,4.95,0.0,37,18314,买盘
13:19:11,4.95,0.0,113,55935,买盘
13:19:14,4.95,0.0,282,139590,买盘
13:19:17,4.95,0.0,7,3465,买盘
13:19:20,4.95,0.0,56,27720,买盘
13:19:23,4.95,0.0,116,57420,买盘
13:19:26,4.95,0.0,9,4449,买盘
13:19:29,4.94,-0.01,106,52468,卖盘
13:19:32,4.95,0.01,122,60390,买盘
13:19:35,4.95,0.0,50,24750,买盘
13:19:38,4.94,-0.01,75,37075,卖盘
13:19:41,4.95,0.01,2,990,买盘
13:19:44,4.94,-0.01,4,1978,卖盘
13:19:50,4.95,0.01,21,10395,买盘
13:19:53,4.95,0.0,2,990,买盘
13:19:56,4.95,0.0,126,62300,买盘
13:19:59,4.95,0.0,150,74250,买盘
13:20:02,4.94,-0.01,288,142559,卖盘
13:20:05,4.95,0.01,39,19305,买盘
13:20:08,4.95,0.0,5,2475,买盘
13:20:11,4.95,0.0,56,27690,买盘
13:20:14,4.95,0.0,31,15345,买盘
13:20:20,4.95,0.0,3,1485,买盘
13:20:23,4.94,-0.01,60,29640,卖盘
13:20:26,4.95,0.01,195,96525,买盘
13:20:29,4.95,0.0,10,4950,买盘
13:20:32,4.95,0.0,7,3465,买盘
13:20:35,4.95,0.0,30,14850,买盘
13:20:38,4.95,0.0,18,8910,买盘
13:20:41,4.95,0.0,39,19305,买盘
13:20:44,4.95,0.0,4,1980,买盘
13:20:50,4.95,0.0,10,4950,买盘
13:20:53,4.95,0.0,633,313335,买盘
13:20:56,4.95,0.0,66,32670,买盘
13:20:59,4.95,0.0,2,990,买盘
13:21:02,4.95,0.0,27,13365,买盘
13:21:05,4.95,0.0,61,30195,卖盘
13:21:08,4.95,0.0,56,27720,卖盘
13:21:11,4.95,0.0,27,13365,卖盘
13:21:14,4.96,0.01,12,5950,买盘
13:21:17,4.96,0.0,1,496,买盘
13:21:20,4.95,-0.01,77,38115,卖盘
13:21:23,4.96,0.01,10,4959,买盘
13:21:29,4.96,0.0,167,82703,买盘
13:21:32,4.96,0.0,10,4960,买盘
13:21:35,4.96,0.0,13,6448,买盘
13:21:38,4.96,0.0,200,99200,买盘
13:21:41,4.96,0.0,36,17836,买盘
13:21:44,4.95,-0.01,35,17329,卖盘
13:21:47,4.95,0.0,454,225123,卖盘
13:21:50,4.96,0.01,13,6448,买盘
13:21:56,4.96,0.0,17,8422,买盘
13:22:02,4.96,0.0,25,12400,买盘
13:22:05,4.95,-0.01,820,405917,卖盘
13:22:08,4.95,0.0,14,6930,卖盘
13:22:11,4.96,0.01,65,32186,买盘
13:22:14,4.95,-0.01,18,8910,卖盘
13:22:17,4.95,0.0,98,48519,卖盘
13:22:20,4.96,0.01,4,1984,买盘
13:22:23,4.96,0.0,856,424506,买盘
13:22:26,4.96,0.0,99,49097,买盘
13:22:29,4.96,0.0,30,14880,买盘
13:22:32,4.96,0.0,147,72898,买盘
13:22:35,4.95,-0.01,48,23771,卖盘
13:22:38,4.96,0.01,160,79360,买盘
13:22:41,4.96,0.0,13,6448,买盘
13:22:44,4.95,-0.01,136,67362,卖盘
13:22:47,4.96,0.01,57,28272,买盘
13:22:53,4.96,0.0,100,49600,买盘
13:22:56,4.95,-0.01,80,39601,卖盘
13:22:59,4.96,0.01,1,496,买盘
13:23:02,4.97,0.01,582,288729,买盘
13:23:05,4.97,0.0,59,29297,买盘
13:23:08,4.96,-0.01,1,496,卖盘
13:23:11,4.96,0.0,50,24800,卖盘
13:23:17,4.97,0.01,2,994,买盘
13:23:20,4.97,0.0,30,14890,买盘
13:23:26,4.96,-0.01,111,55062,卖盘
13:23:32,4.97,0.01,20,9934,买盘
13:23:35,4.96,-0.01,322,159760,卖盘
13:23:38,4.97,0.01,69,34247,买盘
13:23:41,4.96,-0.01,4,1984,卖盘
13:23:44,4.97,0.01,3,1490,买盘
13:23:47,4.97,0.0,71,35286,买盘
13:23:50,4.96,-0.01,72,35712,卖盘
13:23:53,4.96,0.0,3,1488,卖盘
13:23:56,4.97,0.01,24,11928,买盘
13:23:59,4.97,0.0,2,994,买盘
13:24:02,4.97,0.0,5,2485,买盘
13:24:05,4.97,0.0,55,27335,买盘
13:24:08,4.97,0.0,122,60634,买盘
13:24:11,4.97,0.0,10,4970,买盘
13:24:14,4.97,0.0,25,12425,买盘
13:24:17,4.97,0.0,13,6461,买盘
13:24:20,4.97,0.0,185,91945,买盘
13:24:23,4.97,0.0,263,130711,买盘
13:24:26,4.96,-0.01,108,53675,卖盘
13:24:29,4.97,0.01,11,5467,买盘
13:24:35,4.97,0.0,230,114310,买盘
13:24:38,4.97,0.0,25,12415,买盘
13:24:41,4.97,0.0,26,12922,买盘
13:24:44,4.97,0.0,58,28826,买盘
13:24:47,4.96,-0.01,54,26837,卖盘
13:24:53,4.97,0.01,50,24850,买盘
13:25:02,4.97,0.0,2,994,买盘
13:25:05,4.96,-0.01,252,125172,卖盘
13:25:08,4.97,0.01,100,49625,买盘
13:25:11,4.97,0.0,64,31787,买盘
13:25:14,4.97,0.0,127,63119,买盘
13:25:17,4.97,0.0,1335,663495,买盘
13:25:20,4.97,0.0,105,52185,卖盘
13:25:23,4.97,0.0,7,3479,卖盘
13:25:26,4.97,0.0,5,2485,卖盘
13:25:29,4.98,0.01,1,498,买盘
13:25:32,4.97,-0.01,111,55217,卖盘
13:25:35,4.98,0.01,32,15927,买盘
13:25:38,4.98,0.0,29,14417,买盘
13:25:44,4.98,0.0,217,108066,买盘
13:25:47,4.98,0.0,41,20417,买盘
13:25:50,4.98,0.0,55,27390,买盘
13:25:53,4.98,0.0,248,123502,买盘
13:25:56,4.98,0.0,501,249488,买盘
13:25:59,4.98,0.0,45,22410,买盘
13:26:02,4.98,0.0,16,7968,买盘
13:26:05,4.97,-0.01,64,31811,卖盘
13:26:08,4.98,0.01,25,12437,买盘
13:26:11,4.98,0.0,116,57763,买盘
13:26:14,4.98,0.0,51,25398,买盘
13:26:17,4.98,0.0,3,1494,买盘
13:26:20,4.98,0.0,93,46314,买盘
13:26:23,4.98,0.0,153,76194,买盘
13:26:26,4.98,0.0,135,67230,买盘
13:26:29,4.98,0.0,10,4980,买盘
13:26:35,4.98,0.0,21,10458,买盘
13:26:38,4.98,0.0,122,60756,买盘
13:26:41,4.98,0.0,22,10956,买盘
13:26:44,4.98,0.0,17,8466,买盘
13:26:47,4.98,0.0,122,60756,买盘
13:26:50,4.98,0.0,574,285851,买盘
13:26:53,4.98,0.0,12,5976,卖盘
13:26:56,4.99,0.01,101,50299,买盘
13:26:59,4.98,-0.01,89,44322,卖盘
13:27:02,4.98,0.0,20,9960,卖盘
13:27:05,4.99,0.01,57,28431,买盘
13:27:08,4.98,-0.01,113,56381,卖盘
13:27:11,4.98,0.0,10,4980,卖盘
13:27:14,4.99,0.01,79,39421,买盘
13:27:17,4.98,-0.01,72,35886,卖盘
13:27:20,4.99,0.01,129,64371,买盘
13:27:23,4.99,0.0,55,27445,买盘
13:27:29,4.99,0.0,90,44907,买盘
13:27:32,4.99,0.0,1758,877242,买盘
13:27:35,4.99,0.0,148,73911,卖盘
13:27:38,5.0,0.01,344,171997,买盘
13:27:41,5.0,0.0,268,133970,买盘
13:27:44,4.99,-0.01,202,100999,卖盘
13:27:47,5.0,0.01,143,71415,买盘
13:27:50,5.0,0.0,91,45500,买盘
13:27:53,5.0,0.0,282,141000,买盘
13:27:56,5.0,0.0,359,179498,买盘
13:27:59,5.01,0.01,1,501,买盘
13:28:02,5.0,-0.01,40,20020,卖盘
13:28:05,5.01,0.01,408,204407,买盘
13:28:08,5.01,0.0,88,44088,买盘
13:28:11,5.02,0.01,30,15046,买盘
13:28:14,5.02,0.0,24,12048,买盘
13:28:17,5.02,0.0,389,195090,买盘
13:28:20,5.02,0.0,325,163149,买盘
13:28:23,5.02,0.0,137,68793,卖盘
13:28:26,5.03,0.01,135,67845,买盘
13:28:29,5.03,0.0,322,161964,买盘
13:28:32,5.03,0.0,301,151356,买盘
13:28:35,5.03,0.0,458,230355,买盘
13:28:38,5.02,-0.01,247,124226,卖盘
13:28:41,5.03,0.01,81,40690,买盘
13:28:44,5.02,-0.01,354,178055,卖盘
13:28:47,5.03,0.01,417,209739,买盘
13:28:50,5.04,0.01,25,12600,买盘
13:28:53,5.04,0.0,237,119388,买盘
13:28:56,5.04,0.0,461,232352,买盘
13:28:59,5.05,0.01,819,413594,买盘
13:29:02,5.05,0.0,50,25234,买盘
13:29:05,5.04,-0.01,466,234983,卖盘
13:29:08,5.04,0.0,478,241099,卖盘
13:29:11,5.04,0.0,704,355348,卖盘
13:29:14,5.04,0.0,198,99935,卖盘
13:29:17,5.05,0.01,165,83310,买盘
13:29:20,5.05,0.0,99,49985,买盘
13:29:23,5.04,-0.01,443,223623,卖盘
13:29:26,5.05,0.01,311,156999,买盘
13:29:29,5.04,-0.01,312,157466,卖盘
13:29:32,5.05,0.01,406,205044,买盘
13:29:35,5.06,0.01,322,162555,买盘
13:29:38,5.05,-0.01,164,82850,卖盘
13:29:41,5.05,0.0,248,125227,买盘
13:29:44,5.06,0.01,238,120206,买盘
13:29:47,5.06,0.0,5,2526,买盘
13:29:50,5.06,0.0,151,76369,买盘
13:29:53,5.05,-0.01,410,207377,卖盘
13:29:56,5.05,0.0,126,63732,卖盘
13:29:59,5.06,0.01,270,136478,买盘
13:30:02,5.06,0.0,1134,573192,买盘
13:30:05,5.05,-0.01,446,224994,中性盘
13:30:08,5.05,0.0,73,36847,买盘
13:30:11,5.05,0.0,66,33267,买盘
13:30:14,5.03,-0.02,348,175357,卖盘
13:30:17,5.04,0.01,89,44854,买盘
13:30:20,5.02,-0.02,96,48316,卖盘
13:30:23,5.04,0.02,41,20633,买盘
13:30:26,5.03,-0.01,33,16586,买盘
13:30:29,5.02,-0.01,329,165154,卖盘
13:30:32,5.02,0.0,140,70255,买盘
13:30:35,5.02,0.0,196,98236,买盘
13:30:38,5.01,-0.01,223,111734,卖盘
13:30:41,5.01,0.0,1616,810779,卖盘
13:30:44,5.0,-0.01,132,66058,卖盘
13:30:50,5.01,0.01,61,30557,买盘
13:30:53,5.0,-0.01,61,30500,卖盘
13:30:56,5.01,0.01,14,7008,买盘
13:30:59,5.0,-0.01,98,49009,卖盘
13:31:02,5.0,0.0,82,41000,买盘
13:31:05,5.0,0.0,139,69500,买盘
13:31:08,5.0,0.0,14,7008,卖盘
13:31:11,5.0,0.0,35,17500,卖盘
13:31:14,5.01,0.01,8,4008,买盘
13:31:17,5.01,0.0,131,65501,买盘
13:31:20,5.0,-0.01,483,241506,卖盘
13:31:23,5.0,0.0,31,15500,卖盘
13:31:26,5.0,0.0,57,28525,卖盘
13:31:29,5.01,0.01,9,4509,买盘
13:31:32,5.01,0.0,153,76559,买盘
13:31:35,5.01,0.0,90,45008,买盘
13:31:38,5.01,0.0,90,45004,买盘
13:31:41,5.0,-0.01,236,118092,卖盘
13:31:44,4.99,-0.01,85,42499,卖盘
13:31:47,5.0,0.01,20,10000,买盘
13:31:50,4.98,-0.02,818,408205,卖盘
13:31:53,4.99,0.01,175,87325,买盘
13:31:56,4.99,0.0,8,3992,买盘
13:31:59,4.99,0.0,106,52894,买盘
13:32:02,4.99,0.0,122,60878,买盘
13:32:05,4.98,-0.01,81,40356,卖盘
13:32:08,4.99,0.01,22,10978,买盘
13:32:11,4.99,0.0,108,53882,买盘
13:32:14,4.98,-0.01,18,8971,卖盘
13:32:17,4.98,0.0,38,18955,卖盘
13:32:20,4.99,0.01,106,52884,买盘
13:32:23,4.99,0.0,241,120130,买盘
13:32:26,4.98,-0.01,35,17455,卖盘
13:32:29,4.98,0.0,111,55289,卖盘
13:32:32,4.99,0.01,150,74750,买盘
13:32:35,4.99,0.0,44,21929,买盘
13:32:38,4.99,0.0,2,998,买盘
13:32:44,4.99,0.0,17,8483,买盘
13:32:47,4.99,0.0,162,80727,买盘
13:32:50,4.99,0.0,51,25449,买盘
13:32:56,4.98,-0.01,4,1992,卖盘
13:33:05,4.99,0.01,9,4488,买盘
13:33:08,4.98,-0.01,209,104089,卖盘
13:33:11,4.99,0.01,70,34915,买盘
13:33:14,4.99,0.0,18,8982,买盘
13:33:17,4.99,0.0,70,34930,买盘
13:33:20,4.98,-0.01,244,121512,卖盘
13:33:23,4.99,0.01,37,18432,买盘
13:33:26,4.98,-0.01,47,23406,卖盘
13:33:29,4.98,0.0,37,18426,卖盘
13:33:32,4.98,0.0,23,11454,卖盘
13:33:35,4.98,0.0,2,996,卖盘
13:33:44,4.98,0.0,724,360552,卖盘
13:33:47,4.97,-0.01,227,112940,卖盘
13:33:50,4.97,0.0,101,50288,卖盘
13:33:53,4.97,0.0,15,7457,卖盘
13:33:56,4.98,0.01,49,24358,买盘
13:33:59,4.97,-0.01,50,24850,卖盘
13:34:02,4.98,0.01,24,11952,买盘
13:34:05,4.98,0.0,2,996,买盘
13:34:08,4.97,-0.01,32,15904,卖盘
13:34:11,4.97,0.0,19,9443,卖盘
13:34:14,4.97,0.0,81,40257,卖盘
13:34:17,4.98,0.01,7,3486,买盘
13:34:20,4.97,-0.01,67,33299,卖盘
13:34:23,4.97,0.0,35,17410,卖盘
13:34:26,4.97,0.0,58,28826,卖盘
13:34:29,4.97,0.0,56,27832,卖盘
13:34:32,4.98,0.01,15,7457,买盘
13:34:35,4.98,0.0,2,996,买盘
13:34:38,4.98,0.0,16,7958,买盘
13:34:41,4.98,0.0,3,1494,买盘
13:34:44,4.98,0.0,8,3984,买盘
13:34:47,4.97,-0.01,5,2485,卖盘
13:34:50,4.98,0.01,50,24900,买盘
13:34:53,4.97,-0.01,24,11936,卖盘
13:34:56,4.98,0.01,13,6474,买盘
13:34:59,4.98,0.0,235,117014,买盘
13:35:02,4.98,0.0,72,35855,买盘
13:35:05,4.98,0.0,22,10956,买盘
13:35:08,4.98,0.0,66,32867,买盘
13:35:11,4.97,-0.01,317,157584,卖盘
13:35:14,4.99,0.02,1463,728588,买盘
13:35:17,4.99,0.0,71,35429,买盘
13:35:20,4.99,0.0,194,96768,买盘
13:35:23,4.99,0.0,189,94306,买盘
13:35:26,5.0,0.01,363,181159,买盘
13:35:29,5.0,0.0,33,16480,买盘
13:35:32,5.0,0.0,42,21000,买盘
13:35:35,5.0,0.0,10,5000,买盘
13:35:38,5.0,0.0,248,123902,买盘
13:35:41,5.0,0.0,347,173500,买盘
13:35:44,5.0,0.0,27,13516,卖盘
13:35:47,5.0,0.0,44,22034,卖盘
13:35:50,5.0,0.0,10,5000,卖盘
13:35:53,5.0,0.0,500,250000,卖盘
13:35:56,5.01,0.01,31,15528,买盘
13:35:59,5.0,-0.01,103,51502,卖盘
13:36:02,5.0,0.0,91,45557,卖盘
13:36:05,5.01,0.01,1016,508945,买盘
13:36:08,5.01,0.0,30,15030,买盘
13:36:11,5.01,0.0,64,32064,买盘
13:36:14,5.01,0.0,15,7510,买盘
13:36:17,5.0,-0.01,79,39569,卖盘
13:36:23,5.01,0.01,20,10020,买盘
13:36:26,5.0,-0.01,201,100500,卖盘
13:36:29,5.01,0.01,36,18035,买盘
13:36:32,5.0,-0.01,35,17520,卖盘
13:36:35,5.01,0.01,114,57008,买盘
13:36:41,5.0,-0.01,28,14000,卖盘
13:36:44,5.0,0.0,9,4500,卖盘
13:36:47,5.0,0.0,31,15501,卖盘
13:36:50,5.01,0.01,9,4503,买盘
13:36:53,5.01,0.0,13,6503,买盘
13:36:59,5.0,-0.01,72,36000,卖盘
13:37:02,5.01,0.01,14,7014,买盘
13:37:05,5.0,-0.01,19,9500,卖盘
13:37:08,5.0,0.0,248,124027,卖盘
13:37:11,5.0,0.0,131,65483,买盘
13:37:14,5.0,0.0,21,10500,买盘
13:37:17,5.0,0.0,4,2000,买盘
13:37:23,5.0,0.0,8,3999,买盘
13:37:26,5.0,0.0,30,15000,买盘
13:37:29,5.0,0.0,20,10000,买盘
13:37:35,5.0,0.0,40,19987,买盘
13:37:38,5.0,0.0,66,33000,买盘
13:37:41,5.0,0.0,25,12497,买盘
13:37:44,5.0,0.0,1,500,买盘
13:37:47,4.99,-0.01,51,25449,卖盘
13:37:50,5.0,0.01,262,131000,买盘
13:37:53,5.0,0.0,18,9000,买盘
13:37:56,5.0,0.0,109,54460,买盘
13:37:59,5.01,0.01,1,501,买盘
13:38:02,5.0,-0.01,66,33004,卖盘
13:38:11,5.0,0.0,7,3502,卖盘
13:38:14,5.01,0.01,11,5507,买盘
13:38:17,5.01,0.0,24,12001,买盘
13:38:20,5.0,-0.01,75,37500,卖盘
13:38:23,5.0,0.0,38,19000,卖盘
13:38:26,5.0,0.0,97,48500,卖盘
13:38:29,5.0,0.0,89,44500,卖盘
13:38:32,5.0,0.0,14,7000,买盘
13:38:38,5.01,0.01,182,91039,买盘
13:38:41,5.01,0.0,11,5511,买盘
13:38:47,5.01,0.0,12,6010,买盘
13:38:50,5.0,-0.01,14,7000,卖盘
13:38:53,5.01,0.01,299,149778,买盘
13:38:56,5.01,0.0,3,1503,买盘
13:39:02,5.0,-0.01,43,21523,卖盘
13:39:05,5.0,0.0,47,23500,卖盘
13:39:08,4.99,-0.01,232,115999,卖盘
13:39:14,5.0,0.01,108,54000,买盘
13:39:20,5.0,0.0,2,1000,买盘
13:39:23,4.99,-0.01,7,3494,卖盘
13:39:26,4.99,0.0,1,499,卖盘
13:39:29,5.0,0.01,8,4000,买盘
13:39:32,4.99,-0.01,100,49900,卖盘
13:39:35,5.0,0.01,8,4000,买盘
13:39:38,5.0,0.0,51,25500,买盘
13:39:41,5.0,0.0,1,500,买盘
13:39:44,5.0,0.0,2,1000,买盘
13:39:47,4.99,-0.01,6,2994,卖盘
13:39:50,5.0,0.01,3,1500,买盘
13:39:56,5.0,0.0,100,50000,买盘
13:39:59,5.0,0.0,58,28999,买盘
13:40:02,5.0,0.0,34,16967,买盘
13:40:05,4.99,-0.01,90,44910,卖盘
13:40:11,4.99,0.0,1,499,卖盘
13:40:17,4.99,0.0,30,14970,卖盘
13:40:20,5.0,0.01,52,25998,买盘
13:40:23,4.99,-0.01,23,11477,卖盘
13:40:26,5.0,0.01,114,56993,买盘
13:40:29,4.99,-0.01,13,6497,卖盘
13:40:32,5.0,0.01,81,40499,买盘
13:40:35,4.99,-0.01,48,23982,卖盘
13:40:38,4.99,0.0,59,29441,卖盘
13:40:41,5.0,0.01,29,14485,买盘
13:40:44,5.0,0.0,36,17995,买盘
13:40:50,5.0,0.0,102,50900,买盘
13:40:53,4.99,-0.01,37,18463,卖盘
13:40:56,4.99,0.0,149,74372,卖盘
13:40:59,4.99,0.0,31,15469,卖盘
13:41:02,4.98,-0.01,67,33431,卖盘
13:41:05,4.98,0.0,70,34926,卖盘
13:41:08,4.98,0.0,8,3984,卖盘
13:41:11,4.98,0.0,19,9462,卖盘
13:41:17,4.98,0.0,415,206670,卖盘
13:41:20,4.98,0.0,14,6972,卖盘
13:41:23,4.98,0.0,2,996,卖盘
13:41:29,4.98,0.0,24,11952,卖盘
13:41:32,4.98,0.0,76,37848,卖盘
13:41:35,4.98,0.0,4,1992,卖盘
13:41:38,4.99,0.01,5,2495,买盘
13:41:41,4.99,0.0,82,40856,买盘
13:41:44,4.98,-0.01,1,498,卖盘
13:41:50,4.99,0.01,2,998,买盘
13:41:56,4.98,-0.01,127,63246,卖盘
13:41:59,4.98,0.0,11,5478,卖盘
13:42:02,4.98,0.0,15,7470,买盘
13:42:08,4.98,0.0,34,16932,买盘
13:42:11,4.97,-0.01,12,5964,卖盘
13:42:14,4.98,0.01,151,75157,买盘
13:42:17,4.98,0.0,25,12450,买盘
13:42:20,4.98,0.0,12,5976,卖盘
13:42:26,4.97,-0.01,4,1988,卖盘
13:42:35,4.97,0.0,139,69083,卖盘
13:42:38,4.97,0.0,41,20378,卖盘
13:42:41,4.97,0.0,15,7459,卖盘
13:42:47,4.97,0.0,50,24850,卖盘
13:42:50,4.97,0.0,100,49700,卖盘
13:42:56,4.97,0.0,33,16401,卖盘
13:43:05,4.97,0.0,6,2982,卖盘
13:43:08,4.97,0.0,501,248997,卖盘
13:43:11,4.97,0.0,47,23359,卖盘
13:43:14,4.98,0.01,49,24377,买盘
13:43:20,4.98,0.0,51,25398,买盘
13:43:23,4.97,-0.01,237,117789,卖盘
13:43:26,4.97,0.0,251,124747,买盘
13:43:29,4.97,0.0,1,497,卖盘
13:43:35,4.98,0.01,12,5976,买盘
13:43:38,4.98,0.0,196,97608,买盘
13:43:41,4.98,0.0,3,1494,买盘
13:43:44,4.97,-0.01,33,16413,卖盘
13:43:47,4.98,0.01,9,4482,买盘
13:43:50,4.98,0.0,120,59760,买盘
13:43:53,4.98,0.0,22,10941,买盘
13:43:56,4.98,0.0,8,3984,买盘
13:44:02,4.98,0.0,135,67230,买盘
13:44:05,4.98,0.0,43,21414,买盘
13:44:08,4.98,0.0,122,60756,买盘
13:44:11,4.99,0.01,56,27894,买盘
13:44:14,4.99,0.0,31,15469,买盘
13:44:17,4.99,0.0,1,499,买盘
13:44:20,4.99,0.0,157,78343,买盘
13:44:23,4.99,0.0,62,30938,买盘
13:44:26,4.99,0.0,9,4491,买盘
13:44:29,4.99,0.0,13,6487,买盘
13:44:32,4.99,0.0,112,55888,买盘
13:44:35,4.99,0.0,1,499,卖盘
13:44:38,4.99,0.0,5,2495,卖盘
13:44:44,5.0,0.01,23,11500,买盘
13:44:47,4.99,-0.01,20,9980,卖盘
13:44:50,4.99,0.0,55,27445,卖盘
13:44:53,4.99,0.0,1,499,卖盘
13:44:56,4.99,0.0,101,50399,卖盘
13:44:59,4.99,0.0,19,9481,卖盘
13:45:02,4.99,0.0,2,998,卖盘
13:45:05,4.99,0.0,1,499,卖盘
13:45:08,4.99,0.0,6,2999,卖盘
13:45:11,4.99,0.0,292,145708,卖盘
13:45:14,4.99,0.0,47,23453,买盘
13:45:17,4.99,0.0,33,16464,买盘
13:45:20,4.99,0.0,26,12974,买盘
13:45:23,4.98,-0.01,11,5488,卖盘
13:45:29,4.99,0.01,58,28942,买盘
13:45:32,4.98,-0.01,1,498,卖盘
13:45:35,4.98,0.0,2,996,卖盘
13:45:38,4.98,0.0,2,997,卖盘
13:45:44,4.98,0.0,74,36872,卖盘
13:45:47,4.98,0.0,21,10458,卖盘
13:45:50,4.99,0.01,22,10978,买盘
13:45:56,4.99,0.0,19,9469,买盘
13:45:59,4.98,-0.01,24,11952,卖盘
13:46:02,4.98,0.0,80,39862,卖盘
13:46:05,4.98,0.0,5,2490,卖盘
13:46:08,4.99,0.01,21,10479,买盘
13:46:11,4.99,0.0,3,1496,买盘
13:46:14,4.99,0.0,210,104790,买盘
13:46:17,4.99,0.0,19,9481,买盘
13:46:23,4.98,-0.01,30,14940,卖盘
13:46:29,4.98,0.0,25,12472,卖盘
13:46:32,4.98,0.0,381,189838,卖盘
13:46:35,4.98,0.0,15,7470,卖盘
13:46:41,4.99,0.01,31,15469,买盘
13:46:44,4.99,0.0,119,59272,买盘
13:46:47,4.98,-0.01,4,1992,卖盘
13:46:50,4.99,0.01,11,5489,买盘
13:46:53,4.99,0.0,10,4990,买盘
13:46:56,4.98,-0.01,618,308359,卖盘
13:46:59,4.98,0.0,76,37871,卖盘
13:47:02,4.99,0.01,7,3493,买盘
13:47:05,4.99,0.0,1,499,买盘
13:47:20,4.99,0.0,34,16949,买盘
13:47:29,4.99,0.0,22,10978,买盘
13:47:41,4.98,-0.01,10,4980,卖盘
13:47:44,4.99,0.01,5,2495,买盘
13:47:50,4.99,0.0,19,9481,买盘
13:47:53,4.99,0.0,30,14970,买盘
13:47:56,4.99,0.0,1,499,买盘
13:47:59,4.98,-0.01,2,997,卖盘
13:48:08,4.99,0.01,266,132733,买盘
13:48:11,4.99,0.0,11,5489,买盘
13:48:14,4.99,0.0,2,998,买盘
13:48:17,4.99,0.0,280,139705,买盘
13:48:23,5.0,0.01,2,1000,买盘
13:48:29,5.0,0.0,30,15000,买盘
13:48:32,5.0,0.0,18,9000,买盘
13:48:35,5.0,0.0,118,59000,买盘
13:48:38,5.0,0.0,64,32000,买盘
13:48:41,5.0,0.0,56,27997,买盘
13:48:44,5.0,0.0,935,467500,买盘
13:48:47,5.0,0.0,283,141395,买盘
13:48:50,5.0,0.0,101,50500,买盘
13:48:53,5.0,0.0,130,65000,买盘
13:48:56,5.0,0.0,33,16500,买盘
13:48:59,5.0,0.0,5,2500,买盘
13:49:02,5.0,0.0,11,5500,买盘
13:49:05,4.99,-0.01,501,250499,卖盘
13:49:08,5.0,0.01,156,78000,买盘
13:49:11,5.0,0.0,231,115500,买盘
13:49:14,5.0,0.0,3,1500,买盘
13:49:17,5.0,0.0,38,19000,买盘
13:49:20,5.0,0.0,4,2000,买盘
13:49:23,5.0,0.0,76,37990,买盘
13:49:26,5.0,0.0,30,14995,买盘
13:49:29,5.0,0.0,2,1000,买盘
13:49:32,5.0,0.0,10,5000,买盘
13:49:41,5.0,0.0,10,4998,买盘
13:49:53,5.0,0.0,4,2000,买盘
13:50:05,5.0,0.0,35,17500,买盘
13:50:08,5.0,0.0,7,3500,买盘
13:50:11,5.0,0.0,21,10500,买盘
13:50:14,5.0,0.0,2,1000,买盘
13:50:17,4.99,-0.01,49,24466,卖盘
13:50:35,4.99,0.0,220,109800,卖盘
13:50:38,5.0,0.01,173,86330,买盘
13:50:41,4.99,-0.01,20,9980,卖盘
13:50:44,5.0,0.01,61,30500,买盘
13:50:47,5.0,0.0,57,28500,买盘
13:50:50,5.0,0.0,6,3000,买盘
13:50:53,4.99,-0.01,90,44913,卖盘
13:50:56,4.99,0.0,100,49900,卖盘
13:50:59,4.99,0.0,7,3493,卖盘
13:51:02,5.0,0.01,20,10000,买盘
13:51:11,5.0,0.0,809,404500,买盘
13:51:14,5.0,0.0,78,39000,买盘
13:51:17,5.0,0.0,189,94500,买盘
13:51:20,5.0,0.0,60,30000,买盘
13:51:23,5.0,0.0,1,500,买盘
13:51:26,4.99,-0.01,80,39920,卖盘
13:51:29,5.0,0.01,7,3500,买盘
13:51:32,5.0,0.0,18,9000,买盘
13:51:35,5.0,0.0,1,500,买盘
13:51:41,5.0,0.0,33,16500,买盘
13:51:44,5.0,0.0,35,17500,买盘
13:51:47,5.0,0.0,17,8500,买盘
13:51:50,5.0,0.0,1,500,买盘
13:51:56,5.0,0.0,1,500,买盘
13:51:59,5.0,0.0,9,4500,买盘
13:52:02,4.99,-0.01,56,27975,卖盘
13:52:05,5.0,0.01,55,27500,买盘
13:52:11,5.0,0.0,313,156599,买盘
13:52:20,5.0,0.0,3,1500,卖盘
13:52:26,5.0,0.0,10,5000,卖盘
13:52:29,5.0,0.0,41,20501,卖盘
13:52:32,5.0,0.0,171,85501,卖盘
13:52:35,5.0,0.0,84,42000,买盘
13:52:38,4.99,-0.01,19,9492,卖盘
13:52:47,5.0,0.01,44,22000,买盘
13:52:50,5.0,0.0,31,15500,买盘
13:52:53,5.0,0.0,18,9000,买盘
13:52:56,5.0,0.0,9,4500,卖盘
13:53:02,5.0,0.0,1,500,买盘
13:53:08,5.0,0.0,10,5000,买盘
13:53:11,5.0,0.0,47,23500,买盘
13:53:14,4.99,-0.01,398,198602,卖盘
13:53:17,4.99,0.0,52,25948,卖盘
13:53:20,4.99,0.0,6,2994,卖盘
13:53:23,4.99,0.0,3,1497,卖盘
13:53:26,4.99,0.0,3,1497,卖盘
13:53:29,4.99,0.0,254,126746,卖盘
13:53:32,5.0,0.01,29,14473,买盘
13:53:35,4.99,-0.01,100,49900,卖盘
13:53:38,4.99,0.0,27,13473,卖盘
13:53:41,4.99,0.0,23,11477,卖盘
13:53:44,5.0,0.01,1,500,买盘
13:53:47,4.99,-0.01,50,24950,卖盘
13:53:50,5.0,0.01,170,85000,买盘
13:53:53,5.0,0.0,12,6000,买盘
13:54:05,5.0,0.0,8,4000,买盘
13:54:08,5.0,0.0,29,14498,买盘
13:54:14,4.99,-0.01,3,1498,卖盘
13:54:17,4.99,0.0,1,499,卖盘
13:54:20,5.0,0.01,1,500,买盘
13:54:23,5.0,0.0,5,2500,买盘
13:54:26,4.99,-0.01,463,231042,卖盘
13:54:29,4.99,0.0,4,1996,卖盘
13:54:32,4.99,0.0,120,59880,卖盘
13:54:35,4.99,0.0,160,79840,买盘
13:54:38,4.99,0.0,9,4491,卖盘
13:54:41,4.99,0.0,70,34980,卖盘
13:54:47,5.0,0.01,102,50900,买盘
13:54:50,5.0,0.0,5,2500,买盘
13:54:56,4.99,-0.01,200,99800,卖盘
13:54:59,4.99,0.0,32,15968,卖盘
13:55:02,4.99,0.0,16,7984,卖盘
13:55:05,5.0,0.01,433,216500,买盘
13:55:08,5.0,0.0,5,2500,买盘
13:55:11,4.99,-0.01,1,499,卖盘
13:55:14,4.99,0.0,6,2999,卖盘
13:55:17,5.0,0.01,5,2500,买盘
13:55:20,5.0,0.0,1,500,买盘
13:55:23,5.0,0.0,21,10492,买盘
13:55:26,5.0,0.0,34,17000,买盘
13:55:29,5.0,0.0,1,500,买盘
13:55:32,4.99,-0.01,10,4994,卖盘
13:55:35,5.0,0.01,2,1000,买盘
13:55:38,4.99,-0.01,13,6497,卖盘
13:55:44,5.0,0.01,140,69900,买盘
13:55:50,4.99,-0.01,10,4995,卖盘
13:55:53,4.99,0.0,2,998,卖盘
13:55:56,5.0,0.01,8,3999,买盘
13:55:59,5.0,0.0,8,4000,买盘
13:56:02,5.0,0.0,1,500,买盘
13:56:05,5.0,0.0,5,2500,买盘
13:56:08,5.0,0.0,48,24000,买盘
13:56:11,5.0,0.0,1,500,买盘
13:56:14,4.99,-0.01,2,998,卖盘
13:56:23,5.0,0.01,22,11000,买盘
13:56:26,5.0,0.0,5,2500,买盘
13:56:29,5.0,0.0,40,20000,买盘
13:56:35,5.0,0.0,1,500,买盘
13:56:38,5.0,0.0,225,112300,买盘
13:56:41,4.99,-0.01,2,998,卖盘
13:56:47,4.99,0.0,3,1497,卖盘
13:56:50,4.99,0.0,3,1497,卖盘
13:56:53,5.0,0.01,30,15000,买盘
13:56:56,5.0,0.0,1,500,买盘
13:56:59,5.0,0.0,94,47000,买盘
13:57:05,5.0,0.0,168,84000,买盘
13:57:08,5.0,0.0,2,1000,买盘
13:57:11,4.99,-0.01,79,39486,卖盘
13:57:14,5.0,0.01,3,1500,买盘
13:57:17,5.0,0.0,77,38500,买盘
13:57:20,4.99,-0.01,31,15480,卖盘
13:57:29,5.0,0.01,16,8000,买盘
13:57:32,5.0,0.0,18,9000,买盘
13:57:38,5.0,0.0,39,19500,买盘
13:57:44,5.0,0.0,2,1000,买盘
13:57:47,5.0,0.0,1,500,买盘
13:57:53,5.0,0.0,10,5000,买盘
13:57:59,5.0,0.0,2,1000,买盘
13:58:02,5.0,0.0,3,1500,买盘
13:58:08,4.99,-0.01,20,9980,卖盘
13:58:17,5.0,0.01,10,5000,买盘
13:58:20,5.0,0.0,10,5000,买盘
13:58:23,4.99,-0.01,9,4491,卖盘
13:58:26,4.99,0.0,118,58892,卖盘
13:58:29,4.99,0.0,17,8483,卖盘
13:58:32,4.99,0.0,10,4990,卖盘
13:58:38,4.99,0.0,43,21457,卖盘
13:58:41,4.99,0.0,12,5988,卖盘
13:58:44,4.99,0.0,350,174650,卖盘
13:58:47,4.99,0.0,117,58383,卖盘
13:58:50,4.99,0.0,38,18964,卖盘
13:58:53,4.99,0.0,107,53393,卖盘
13:58:56,4.99,0.0,10,4990,卖盘
13:58:59,4.99,0.0,34,16966,卖盘
13:59:02,4.99,0.0,177,88329,卖盘
13:59:05,4.99,0.0,143,71357,卖盘
13:59:08,5.0,0.01,6,2999,买盘
13:59:11,4.99,-0.01,53,26447,卖盘
13:59:14,4.99,0.0,52,25948,卖盘
13:59:20,4.99,0.0,4,1996,卖盘
13:59:23,4.99,0.0,280,139720,卖盘
13:59:26,4.99,0.0,8,3992,卖盘
13:59:29,4.99,0.0,3,1497,卖盘
13:59:32,4.99,0.0,75,37425,卖盘
13:59:38,4.99,0.0,45,22455,卖盘
13:59:41,4.99,0.0,23,11477,卖盘
13:59:47,4.99,0.0,5,2495,卖盘
13:59:50,5.0,0.01,1,500,买盘
13:59:53,5.0,0.0,2,1000,买盘
13:59:59,5.0,0.0,1,500,买盘
14:00:02,4.99,-0.01,133,66429,卖盘
14:00:05,4.99,0.0,166,82834,卖盘
14:00:08,5.0,0.01,11,5500,买盘
14:00:14,5.0,0.0,20,10000,买盘
14:00:20,4.99,-0.01,2,999,卖盘
14:00:23,5.0,0.01,5,2500,买盘
14:00:26,4.99,-0.01,101,50399,卖盘
14:00:29,4.99,0.0,18,8982,卖盘
14:00:32,4.99,0.0,3,1497,卖盘
14:00:35,5.0,0.01,182,91000,买盘
14:00:38,5.0,0.0,11,5500,买盘
14:00:41,4.99,-0.01,12,5990,卖盘
14:00:44,4.99,0.0,30,14970,卖盘
14:00:47,5.0,0.01,123,61480,买盘
14:00:50,4.99,-0.01,25,12495,卖盘
14:00:53,5.0,0.01,139,69435,买盘
14:00:56,4.99,-0.01,5,2495,卖盘
14:00:59,4.99,0.0,4,1996,卖盘
14:01:02,5.0,0.01,22,10981,买盘
14:01:11,5.0,0.0,5,2500,买盘
14:01:26,5.0,0.0,3,1500,买盘
14:01:35,4.99,-0.01,21,10479,卖盘
14:01:38,5.0,0.01,26,12999,买盘
14:01:41,5.0,0.0,418,209000,买盘
14:01:44,5.0,0.0,6,3000,买盘
14:01:47,4.99,-0.01,8,3994,卖盘
14:01:50,5.0,0.01,49,24500,买盘
14:01:56,5.0,0.0,107,53500,买盘
14:01:59,4.99,-0.01,31,15469,卖盘
14:02:05,5.0,0.01,6,3000,买盘
14:02:08,5.0,0.0,176,88000,买盘
14:02:11,5.0,0.0,11,5500,买盘
14:02:26,4.99,-0.01,151,75356,卖盘
14:02:29,5.0,0.01,15,7488,买盘
14:02:38,4.99,-0.01,12,5988,卖盘
14:02:41,5.0,0.01,61,30500,买盘
14:02:44,4.99,-0.01,607,302960,卖盘
14:02:47,5.0,0.01,3,1500,买盘
14:02:56,4.99,-0.01,18,8982,卖盘
14:02:59,4.99,0.0,4,1996,卖盘
14:03:11,5.0,0.01,8,3995,买盘
14:03:17,4.99,-0.01,2,998,卖盘
14:03:20,5.0,0.01,541,270477,买盘
14:03:23,4.99,-0.01,59,29441,卖盘
14:03:26,4.99,0.0,180,89989,卖盘
14:03:29,4.99,0.0,50,24950,卖盘
14:03:38,5.0,0.01,32,16000,买盘
14:03:41,4.99,-0.01,5,2495,卖盘
14:03:44,4.99,0.0,34,16989,卖盘
14:03:47,5.0,0.01,33,16480,买盘
14:03:53,4.99,-0.01,4,1996,卖盘
14:03:56,5.0,0.01,11,5500,买盘
14:04:02,5.0,0.0,6,3000,买盘
14:04:08,5.0,0.0,15,7500,买盘
14:04:11,5.0,0.0,1,500,买盘
14:04:14,5.0,0.0,1,500,买盘
14:04:20,4.99,-0.01,5,2497,卖盘
14:04:23,5.0,0.01,7,3500,买盘
14:04:26,5.0,0.0,10,5000,买盘
14:04:29,5.0,0.0,9,4498,买盘
14:04:32,4.99,-0.01,2,998,卖盘
14:04:47,5.0,0.01,2,1000,买盘
14:04:53,5.0,0.0,5,2500,买盘
14:04:56,4.99,-0.01,30,14970,卖盘
14:04:59,5.0,0.01,14,7000,买盘
14:05:08,5.0,0.0,2,1000,买盘
14:05:11,4.99,-0.01,10,4990,卖盘
14:05:20,5.0,0.01,63,31500,买盘
14:05:23,5.0,0.0,1,500,买盘
14:05:26,4.99,-0.01,112,55888,卖盘
14:05:29,4.99,0.0,43,21474,卖盘
14:05:32,5.0,0.01,102,50998,买盘
14:05:38,5.0,0.0,12,6000,买盘
14:05:41,5.0,0.0,10,4997,买盘
14:05:47,4.99,-0.01,5,2495,卖盘
14:05:50,4.99,0.0,24,11976,卖盘
14:05:53,5.0,0.01,3,1500,买盘
14:05:59,5.0,0.0,51,25470,买盘
14:06:02,5.0,0.0,154,76952,买盘
14:06:05,5.0,0.0,10,5000,买盘
14:06:08,5.0,0.0,10,5000,买盘
14:06:11,4.99,-0.01,20,9980,卖盘
14:06:14,4.99,0.0,24,11976,卖盘
14:06:17,5.0,0.01,24,12000,买盘
14:06:26,4.99,-0.01,6,2994,卖盘
14:06:29,5.0,0.01,31,15495,买盘
14:06:32,5.0,0.0,48,24000,买盘
14:06:35,4.99,-0.01,81,40430,卖盘
14:06:38,5.0,0.01,11,5497,买盘
14:06:41,4.99,-0.01,1039,518461,卖盘
14:06:44,4.99,0.0,399,199092,卖盘
14:06:47,4.98,-0.01,61,30378,卖盘
14:06:53,4.98,0.0,42,20916,卖盘
14:06:56,4.98,0.0,258,128484,卖盘
14:06:59,4.98,0.0,14,6972,卖盘
14:07:02,4.99,0.01,7,3493,买盘
14:07:05,4.98,-0.01,509,253482,卖盘
14:07:08,4.98,0.0,7,3486,卖盘
14:07:11,4.99,0.01,11,5488,买盘
14:07:14,4.99,0.0,30,14967,买盘
14:07:17,4.98,-0.01,44,21912,卖盘
14:07:20,4.99,0.01,48,23935,买盘
14:07:23,4.98,-0.01,5,2490,卖盘
14:07:26,4.98,0.0,181,90138,卖盘
14:07:29,4.99,0.01,32,15958,买盘
14:07:32,4.98,-0.01,133,66240,卖盘
14:07:41,4.98,0.0,14,6972,卖盘
14:07:44,4.99,0.01,19,9469,买盘
14:07:47,4.98,-0.01,11,5479,卖盘
14:07:50,4.98,0.0,1,498,卖盘
14:07:59,4.99,0.01,20,9980,买盘
14:08:02,4.98,-0.01,10,4980,卖盘
14:08:08,4.99,0.01,12,5988,买盘
14:08:11,4.98,-0.01,105,52293,卖盘
14:08:14,4.99,0.01,2,998,买盘
14:08:17,4.99,0.0,100,49900,买盘
14:08:20,4.98,-0.01,40,19956,卖盘
14:08:23,4.99,0.01,57,28443,买盘
14:08:26,4.98,-0.01,38,18934,卖盘
14:08:32,4.99,0.01,8,3992,买盘
14:08:41,4.99,0.0,1,499,买盘
14:08:44,4.98,-0.01,234,116672,卖盘
14:08:47,4.99,0.01,5,2495,买盘
14:08:50,4.99,0.0,10,4990,买盘
14:08:53,4.99,0.0,7,3493,买盘
14:08:56,4.99,0.0,55,27401,买盘
14:09:02,4.99,0.0,62,30938,买盘
14:09:11,4.99,0.0,1,499,买盘
14:09:14,4.99,0.0,22,10978,买盘
14:09:17,4.99,0.0,24,11976,买盘
14:09:20,4.99,0.0,9,4491,买盘
14:09:26,4.98,-0.01,107,53286,卖盘
14:09:29,4.99,0.01,1,499,买盘
14:09:32,4.99,0.0,26,12964,买盘
14:09:35,4.98,-0.01,4,1992,卖盘
14:09:44,4.99,0.01,3,1497,买盘
14:09:47,4.98,-0.01,2,996,卖盘
14:09:50,4.98,0.0,52,25896,卖盘
14:09:53,4.99,0.01,3,1497,买盘
14:09:56,4.99,0.0,3,1497,买盘
14:10:02,4.99,0.0,11,5489,买盘
14:10:08,4.99,0.0,35,17465,买盘
14:10:17,4.99,0.0,60,29940,买盘
14:10:23,4.98,-0.01,53,26397,卖盘
14:10:32,4.98,0.0,10,4980,卖盘
14:10:35,4.98,0.0,19,9475,卖盘
14:10:38,4.99,0.01,11,5486,买盘
14:10:41,4.98,-0.01,35,17441,卖盘
14:10:44,4.99,0.01,8,3992,买盘
14:10:47,4.98,-0.01,1,498,卖盘
14:10:53,4.98,0.0,1,498,卖盘
14:10:56,4.99,0.01,10,4990,买盘
14:10:59,4.99,0.0,2,998,买盘
14:11:05,4.98,-0.01,42,20916,卖盘
14:11:08,4.99,0.01,12,5988,买盘
14:11:11,4.98,-0.01,10,4980,卖盘
14:11:17,4.99,0.01,2,998,买盘
14:11:26,4.99,0.0,3,1497,买盘
14:11:32,4.99,0.0,10,4990,买盘
14:11:35,4.98,-0.01,76,37856,卖盘
14:11:41,4.99,0.01,30,14970,买盘
14:11:50,4.98,-0.01,10,4985,卖盘
14:11:59,4.99,0.01,5,2495,买盘
14:12:02,4.98,-0.01,2,996,卖盘
14:12:05,4.99,0.01,131,65369,买盘
14:12:08,4.99,0.0,19,9471,买盘
14:12:17,4.99,0.0,2,998,买盘
14:12:20,4.99,0.0,100,49900,买盘
14:12:23,4.99,0.0,7,3493,买盘
14:12:29,4.99,0.0,55,27419,买盘
14:12:32,4.99,0.0,10,4990,买盘
14:12:35,4.99,0.0,2,998,买盘
14:12:38,4.98,-0.01,30,14940,卖盘
14:12:41,4.98,0.0,124,61752,卖盘
14:12:50,4.99,0.01,35,17463,买盘
14:12:56,4.99,0.0,18,8982,买盘
14:12:59,4.98,-0.01,32,15938,卖盘
14:13:02,4.98,0.0,35,17430,卖盘
14:13:08,4.99,0.01,237,118049,买盘
14:13:11,4.98,-0.01,30,14940,卖盘
14:13:14,4.99,0.01,4,1993,买盘
14:13:17,4.99,0.0,28,13949,买盘
14:13:20,4.98,-0.01,36,17938,卖盘
14:13:23,4.98,0.0,168,83671,卖盘
14:13:26,4.98,0.0,159,79182,卖盘
14:13:29,4.98,0.0,97,48313,卖盘
14:13:32,4.98,0.0,1161,578178,卖盘
14:13:35,4.98,0.0,113,56274,买盘
14:13:38,4.98,0.0,14,6971,买盘
14:13:44,4.98,0.0,12,5976,买盘
14:13:47,4.98,0.0,22,10955,买盘
14:13:50,4.98,0.0,60,29880,买盘
14:13:53,4.98,0.0,107,53286,买盘
14:13:56,4.98,0.0,20,9960,买盘
14:13:59,4.98,0.0,3319,1649118,买盘
14:14:02,4.98,0.0,111,55250,买盘
14:14:05,4.98,0.0,90,44801,买盘
14:14:08,4.98,0.0,51,25398,买盘
14:14:11,4.97,-0.01,23,11431,卖盘
14:14:14,4.98,0.01,27,13446,买盘
14:14:17,4.98,0.0,2,996,买盘
14:14:26,4.97,-0.01,84,41748,卖盘
14:14:38,4.97,0.0,15,7455,买盘
14:14:41,4.97,0.0,5,2485,买盘
14:14:44,4.97,0.0,25,12425,买盘
14:14:47,4.95,-0.02,3366,1667921,卖盘
14:14:50,4.97,0.02,20,9940,买盘
14:14:56,4.95,-0.02,330,163350,卖盘
14:14:59,4.97,0.02,213,105658,买盘
14:15:02,4.96,-0.01,38,18783,中性盘
14:15:05,4.97,0.01,155,77009,买盘
14:15:08,4.96,-0.01,14,6954,卖盘
14:15:11,4.96,0.0,21,10425,卖盘
14:15:14,4.96,0.0,20,9920,卖盘
14:15:17,4.95,-0.01,74,36691,卖盘
14:15:20,4.95,0.0,38,18812,卖盘
14:15:23,4.95,0.0,11,5450,卖盘
14:15:26,4.95,0.0,55,27225,卖盘
14:15:29,4.95,0.0,39,19305,买盘
14:15:32,4.95,0.0,15,7425,买盘
14:15:35,4.95,0.0,1374,678763,买盘
14:15:38,4.94,-0.01,511,252434,卖盘
14:15:41,4.93,-0.01,61,30107,卖盘
14:15:44,4.93,0.0,14,6902,卖盘
14:15:47,4.93,0.0,99,48807,卖盘
14:15:50,4.94,0.01,169,83351,买盘
14:15:53,4.93,-0.01,72,35503,卖盘
14:15:56,4.94,0.01,609,300261,买盘
14:15:59,4.93,-0.01,141,69514,卖盘
14:16:02,4.93,0.0,326,160718,卖盘
14:16:05,4.93,0.0,293,144449,买盘
14:16:08,4.92,-0.01,72,35489,卖盘
14:16:11,4.93,0.01,60,29580,买盘
14:16:17,4.93,0.0,119,58667,买盘
14:16:20,4.93,0.0,114,56202,买盘
14:16:23,4.93,0.0,133,65456,买盘
14:16:26,4.92,-0.01,82,40353,卖盘
14:16:29,4.92,0.0,104,51172,卖盘
14:16:32,4.92,0.0,129,63472,卖盘
14:16:35,4.93,0.01,32,15776,买盘
14:16:38,4.92,-0.01,76,37458,卖盘
14:16:41,4.92,0.0,31,15252,卖盘
14:16:44,4.93,0.01,3,1479,买盘
14:16:47,4.93,0.0,223,109739,买盘
14:16:50,4.93,0.0,30,14790,买盘
14:16:53,4.92,-0.01,126,62018,卖盘
14:16:56,4.92,0.0,247,121689,卖盘
14:17:02,4.93,0.01,168,82664,买盘
14:17:05,4.92,-0.01,1,492,卖盘
14:17:08,4.93,0.01,192,94642,买盘
14:17:11,4.92,-0.01,1222,601242,卖盘
14:17:14,4.92,0.0,161,79233,卖盘
14:17:17,4.92,0.0,22,10824,卖盘
14:17:20,4.92,0.0,104,51168,买盘
14:17:23,4.92,0.0,101,49692,买盘
14:17:29,4.91,-0.01,100,49100,卖盘
14:17:32,4.92,0.01,13,6396,买盘
14:17:35,4.92,0.0,23,11316,买盘
14:17:38,4.91,-0.01,1723,846000,卖盘
14:17:41,4.91,0.0,71,34861,买盘
14:17:44,4.91,0.0,5,2455,买盘
14:17:47,4.91,0.0,665,326536,买盘
14:17:50,4.91,0.0,89,43699,卖盘
14:17:53,4.91,0.0,1023,501857,卖盘
14:17:56,4.91,0.0,110,54058,卖盘
14:17:59,4.91,0.0,41,20131,买盘
14:18:05,4.9,-0.01,253,124192,卖盘
14:18:08,4.91,0.01,121,59411,买盘
14:18:11,4.9,-0.01,22,10792,卖盘
14:18:14,4.91,0.01,166,81506,买盘
14:18:17,4.9,-0.01,17,8342,卖盘
14:18:20,4.91,0.01,129,63339,买盘
14:18:23,4.91,0.0,12,5892,买盘
14:18:26,4.91,0.0,58,28478,买盘
14:18:29,4.91,0.0,58,28478,买盘
14:18:32,4.91,0.0,786,385926,买盘
14:18:35,4.91,0.0,52,25532,买盘
14:18:38,4.91,0.0,13,6383,买盘
14:18:41,4.91,0.0,267,131097,卖盘
14:18:44,4.91,0.0,21,10311,买盘
14:18:47,4.91,0.0,103,50573,买盘
14:18:50,4.91,0.0,442,217022,买盘
14:18:53,4.9,-0.01,603,295572,卖盘
14:18:56,4.91,0.01,59,28964,买盘
14:18:59,4.91,0.0,29,14239,买盘
14:19:02,4.91,0.0,49,24017,买盘
14:19:05,4.91,0.0,762,373441,买盘
14:19:08,4.91,0.0,52,25532,买盘
14:19:11,4.9,-0.01,74,36313,卖盘
14:19:20,4.91,0.01,30,14730,买盘
14:19:23,4.91,0.0,390,191126,买盘
14:19:26,4.91,0.0,20,9820,买盘
14:19:29,4.91,0.0,4,1964,买盘
14:19:32,4.91,0.0,110,54010,买盘
14:19:38,4.91,0.0,10,4910,买盘
14:19:41,4.91,0.0,41,20121,买盘
14:19:44,4.91,0.0,45,22090,买盘
14:19:47,4.9,-0.01,2,980,卖盘
14:19:50,4.91,0.01,22,10802,买盘
14:19:53,4.9,-0.01,4,1960,卖盘
14:19:56,4.9,0.0,100,49000,卖盘
14:19:59,4.91,0.01,227,111457,买盘
14:20:02,4.9,-0.01,15,7350,卖盘
14:20:05,4.91,0.01,30,14730,买盘
14:20:08,4.91,0.0,1,491,买盘
14:20:11,4.91,0.0,141,69181,买盘
14:20:14,4.91,0.0,44,21604,买盘
14:20:17,4.91,0.0,17,8347,买盘
14:20:20,4.91,0.0,82,40262,买盘
14:20:26,4.91,0.0,417,204747,买盘
14:20:29,4.92,0.01,31,15252,买盘
14:20:32,4.92,0.0,4,1968,买盘
14:20:35,4.92,0.0,16,7872,买盘
14:20:38,4.92,0.0,5,2460,买盘
14:20:44,4.92,0.0,58,28536,买盘
14:20:47,4.92,0.0,29,14268,买盘
14:20:50,4.92,0.0,4,1968,买盘
14:20:53,4.92,0.0,118,58056,买盘
14:20:56,4.92,0.0,119,58548,买盘
14:20:59,4.91,-0.01,78,38366,卖盘
14:21:02,4.92,0.01,73,35916,买盘
14:21:05,4.92,0.0,175,86100,买盘
14:21:08,4.92,0.0,13,6396,买盘
14:21:11,4.91,-0.01,267,131129,卖盘
14:21:14,4.92,0.01,43,21156,买盘
14:21:23,4.92,0.0,44,21648,买盘
14:21:26,4.92,0.0,56,27552,买盘
14:21:29,4.92,0.0,118,58056,买盘
14:21:32,4.92,0.0,13,6396,买盘
14:21:35,4.92,0.0,121,59532,买盘
14:21:38,4.92,0.0,43,21156,买盘
14:21:41,4.91,-0.01,1629,799849,卖盘
14:21:44,4.91,0.0,177,86906,买盘
14:21:50,4.91,0.0,14,6874,买盘
14:21:53,4.91,0.0,24,11784,买盘
14:21:56,4.91,0.0,1,491,买盘
14:21:59,4.91,0.0,10,4910,买盘
14:22:02,4.91,0.0,12,5892,买盘
14:22:05,4.91,0.0,50,24550,买盘
14:22:08,4.91,0.0,250,122750,买盘
14:22:11,4.9,-0.01,115,56445,卖盘
14:22:14,4.91,0.01,1,491,买盘
14:22:17,4.91,0.0,45,22095,买盘
14:22:20,4.91,0.0,4,1963,买盘
14:22:23,4.9,-0.01,10,4900,卖盘
14:22:29,4.9,0.0,8,3920,卖盘
14:22:32,4.9,0.0,30,14713,卖盘
14:22:35,4.9,0.0,20,9800,卖盘
14:22:38,4.9,0.0,15,7350,卖盘
