成交时间,成交价格,价格变动,成交量,成交金额,性质
09:25:01,10.77,0.05,12600,13570200,买盘
09:30:01,10.9,0.13,2881,3121384,买盘
09:30:04,10.99,0.09,6564,7157176,买盘
09:30:07,10.93,-0.06,6243,6820571,中性盘
09:30:10,10.9,-0.03,2456,2690682,卖盘
09:30:13,11.0,0.1,3040,3332474,卖盘
09:30:16,11.02,0.02,2413,2650759,中性盘
09:30:19,11.06,0.04,1378,1522818,买盘
09:30:22,11.13,0.07,2772,3069493,买盘
09:30:25,11.11,-0.02,2330,2595616,卖盘
09:30:28,11.13,0.02,3664,4078950,买盘
09:30:31,11.07,-0.06,7695,8569441,卖盘
09:30:34,11.11,0.04,5794,6426698,买盘
09:30:37,11.23,0.12,4502,5006546,买盘
09:30:40,11.2,-0.03,4464,4984546,卖盘
09:30:43,11.24,0.04,4663,5224567,买盘
09:30:46,11.26,0.02,5435,6107887,买盘
09:30:49,11.28,0.02,7500,8447419,买盘
09:30:52,11.28,0.0,6362,7172885,买盘
09:30:55,11.28,0.0,18461,20839339,卖盘
09:30:58,11.29,0.01,6206,7004041,买盘
09:31:01,11.29,0.0,4276,4827604,卖盘
09:31:04,11.29,0.0,4692,5297268,卖盘
09:31:07,11.29,0.0,2385,2692665,卖盘
09:31:10,11.29,0.0,2171,2451059,卖盘
09:31:13,11.29,0.0,3547,4004563,卖盘
09:31:16,11.29,0.0,1996,2253484,卖盘
09:31:19,11.29,0.0,1694,1912526,卖盘
09:31:22,11.29,0.0,1386,1564794,卖盘
09:31:25,11.29,0.0,2124,2397996,卖盘
09:31:28,11.29,0.0,4178,4716962,卖盘
09:31:31,11.29,0.0,1638,1849302,卖盘
09:31:34,11.29,0.0,1958,2210582,卖盘
09:31:37,11.29,0.0,1035,1168515,卖盘
09:31:40,11.29,0.0,1673,1888817,卖盘
09:31:43,11.29,0.0,1298,1465442,卖盘
09:31:46,11.29,0.0,1902,2147358,卖盘
09:31:49,11.29,0.0,3229,3645541,卖盘
09:31:52,11.29,0.0,6363,7183827,卖盘
09:31:55,11.29,0.0,9728,10982912,卖盘
09:31:58,11.28,-0.01,16181,18265992,卖盘
09:32:01,11.21,-0.07,2189,2463923,卖盘
09:32:04,11.01,-0.2,2116,2356591,卖盘
09:32:07,10.92,-0.09,2158,2371283,卖盘
09:32:10,11.01,0.09,711,782358,买盘
09:32:13,11.01,0.0,1157,1270844,买盘
09:32:16,11.04,0.03,1318,1453426,买盘
09:32:19,11.11,0.07,1279,1412994,买盘
09:32:22,11.05,-0.06,1903,2108308,卖盘
09:32:25,11.11,0.06,1730,1918541,买盘
09:32:28,11.05,-0.06,3012,3331639,买盘
09:32:31,11.08,0.03,1523,1685564,中性盘
09:32:34,11.05,-0.03,2496,2762202,卖盘
09:32:37,11.04,-0.01,3563,3927346,卖盘
09:32:40,10.99,-0.05,1484,1634555,卖盘
09:32:43,11.04,0.05,799,880302,买盘
09:32:46,11.0,-0.04,1107,1217510,卖盘
09:32:49,11.01,0.01,2192,2412001,买盘
09:32:52,11.0,-0.01,1880,2068681,卖盘
09:32:55,11.01,0.01,2329,2565524,买盘
09:32:58,11.0,-0.01,2812,3091340,卖盘
09:33:01,11.03,0.03,2065,2274808,买盘
09:33:04,11.03,0.0,1697,1869259,买盘
09:33:07,11.05,0.02,1804,1992051,买盘
09:33:10,11.06,0.01,1230,1360177,中性盘
09:33:13,11.09,0.03,1039,1151252,买盘
09:33:16,11.11,0.02,1232,1366865,买盘
09:33:19,11.13,0.02,1431,1590436,买盘
09:33:22,11.13,0.0,744,828403,卖盘
09:33:25,11.19,0.06,889,992100,买盘
09:33:28,11.16,-0.03,2069,2310598,卖盘
09:33:31,11.16,0.0,4583,5110970,买盘
09:33:34,11.17,0.01,3631,4034953,买盘
09:33:37,11.16,-0.01,4149,4620508,卖盘
09:33:40,11.16,0.0,1671,1864563,买盘
09:33:43,11.14,-0.02,1659,1845835,中性盘
09:33:46,11.1,-0.04,1935,2147390,买盘
09:33:49,11.06,-0.04,866,956865,中性盘
09:33:52,11.05,-0.01,1160,1284225,买盘
09:33:55,11.04,-0.01,1694,1875671,卖盘
09:33:58,11.05,0.01,1584,1747798,买盘
09:34:01,11.05,0.0,1147,1267497,买盘
09:34:04,11.06,0.01,1302,1439009,买盘
09:34:07,11.07,0.01,2197,2428720,买盘
09:34:10,11.06,-0.01,830,918894,卖盘
09:34:13,11.1,0.04,2023,2245660,买盘
09:34:16,11.06,-0.04,1106,1225659,卖盘
09:34:19,11.11,0.05,1296,1439128,买盘
09:34:22,11.12,0.01,1238,1375732,买盘
09:34:25,11.12,0.0,686,763298,卖盘
09:34:28,11.14,0.02,751,835762,买盘
09:34:31,11.14,0.0,1007,1121097,买盘
09:34:34,11.14,0.0,1293,1440432,卖盘
09:34:37,11.14,0.0,1913,2130984,买盘
09:34:40,11.12,-0.02,1385,1541433,卖盘
09:34:43,11.11,-0.01,995,1107101,卖盘
09:34:46,11.13,0.02,1277,1419647,买盘
09:34:49,11.12,-0.01,747,830658,中性盘
09:34:52,11.11,-0.01,1595,1773479,卖盘
09:34:55,11.11,0.0,2006,2231346,卖盘
09:34:58,11.1,-0.01,955,1061651,卖盘
09:35:01,11.11,0.01,687,763622,买盘
09:35:04,11.11,0.0,574,637513,卖盘
09:35:07,11.11,0.0,941,1045079,买盘
09:35:10,11.1,-0.01,556,616979,卖盘
09:35:13,11.1,0.0,557,618177,买盘
09:35:16,11.09,-0.01,1071,1189153,中性盘
09:35:19,11.07,-0.02,675,747993,卖盘
09:35:22,11.09,0.02,1102,1220330,买盘
09:35:25,11.07,-0.02,786,870039,卖盘
09:35:28,11.06,-0.01,938,1038371,卖盘
09:35:31,11.06,0.0,651,720033,卖盘
09:35:34,11.05,-0.01,865,956189,卖盘
09:35:37,11.05,0.0,3817,4218436,卖盘
09:35:40,11.06,0.01,1732,1915744,买盘
09:35:43,11.06,0.0,1832,2026549,买盘
09:35:46,11.06,0.0,1813,2008258,卖盘
09:35:49,11.04,-0.02,913,1010071,卖盘
09:35:52,11.03,-0.01,389,429789,卖盘
09:35:55,11.01,-0.02,958,1057588,卖盘
09:35:58,11.0,-0.01,4513,4966445,卖盘
09:36:01,10.99,-0.01,762,837951,卖盘
09:36:04,10.99,0.0,404,444013,买盘
09:36:07,10.97,-0.02,470,516370,卖盘
09:36:10,11.04,0.07,3031,3336357,买盘
09:36:13,11.06,0.02,476,525889,买盘
09:36:16,11.06,0.0,228,251936,买盘
09:36:19,11.06,0.0,818,903440,买盘
09:36:22,11.04,-0.02,1771,1957508,卖盘
09:36:25,11.05,0.01,1054,1164324,买盘
09:36:28,11.06,0.01,418,461815,买盘
09:36:31,11.05,-0.01,733,809827,卖盘
09:36:34,11.03,-0.02,723,798747,中性盘
09:36:37,11.05,0.02,328,362564,买盘
09:36:40,11.06,0.01,517,570975,买盘
09:36:43,11.05,-0.01,472,521730,卖盘
09:36:46,11.08,0.03,812,897898,买盘
09:36:49,11.05,-0.03,321,354961,卖盘
09:36:52,11.05,0.0,516,570282,买盘
09:36:55,11.05,0.0,591,653903,卖盘
09:36:58,11.06,0.01,1038,1147521,买盘
09:37:01,11.06,0.0,655,724259,卖盘
09:37:04,11.06,0.0,201,222036,买盘
09:37:07,11.04,-0.02,610,674112,卖盘
09:37:10,11.01,-0.03,933,1028747,卖盘
09:37:13,11.03,0.02,149,164383,买盘
09:37:16,11.02,-0.01,855,941594,卖盘
09:37:19,11.03,0.01,273,301320,买盘
09:37:22,11.01,-0.02,281,309648,卖盘
09:37:25,11.03,0.02,349,384550,买盘
09:37:28,11.01,-0.02,496,545931,卖盘
09:37:31,11.02,0.01,329,362221,买盘
09:37:34,11.01,-0.01,261,287293,卖盘
09:37:37,11.0,-0.01,514,565821,卖盘
09:37:40,11.01,0.01,350,385235,买盘
09:37:43,11.01,0.0,576,633774,买盘
09:37:46,10.99,-0.02,1363,1499314,卖盘
09:37:49,11.0,0.01,248,272771,买盘
09:37:52,10.99,-0.01,414,455143,卖盘
09:37:55,10.98,-0.01,433,475840,卖盘
09:37:58,10.98,0.0,256,281177,卖盘
09:38:01,10.98,0.0,353,387621,卖盘
09:38:04,10.92,-0.06,2520,2761230,卖盘
09:38:07,10.92,0.0,337,368494,卖盘
09:38:10,10.91,-0.01,259,282942,卖盘
09:38:13,10.91,0.0,766,835974,卖盘
09:38:16,10.9,-0.01,1509,1646475,卖盘
09:38:19,10.9,0.0,975,1063718,卖盘
09:38:22,10.9,0.0,1414,1541859,卖盘
09:38:25,10.9,0.0,1021,1112711,卖盘
09:38:28,10.91,0.01,1053,1147759,买盘
09:38:31,10.92,0.01,1023,1116062,买盘
09:38:34,10.9,-0.02,591,644344,卖盘
09:38:37,10.92,0.02,491,535500,买盘
09:38:40,10.91,-0.01,460,501638,卖盘
09:38:43,10.9,-0.01,303,330303,卖盘
09:38:46,10.9,0.0,508,553610,买盘
09:38:49,10.9,0.0,420,457762,买盘
09:38:52,10.9,0.0,1018,1109171,卖盘
09:38:55,10.89,-0.01,688,749711,中性盘
09:38:58,10.88,-0.01,563,612577,卖盘
09:39:01,10.88,0.0,915,995192,买盘
09:39:04,10.87,-0.01,518,563089,中性盘
09:39:07,10.89,0.02,1447,1574164,买盘
09:39:10,10.86,-0.03,1517,1649811,卖盘
09:39:13,10.88,0.02,1687,1837818,买盘
09:39:16,10.87,-0.01,360,391321,卖盘
09:39:19,10.9,0.03,1376,1497614,买盘
09:39:22,10.9,0.0,1428,1556542,卖盘
09:39:25,10.91,0.01,754,821726,买盘
09:39:28,10.91,0.0,447,486955,买盘
09:39:31,10.92,0.01,1184,1292092,买盘
09:39:34,10.93,0.01,290,316802,买盘
09:39:37,10.95,0.02,31,33923,买盘
09:39:40,10.95,0.0,488,534394,买盘
09:39:43,10.97,0.02,253,277380,买盘
09:39:46,10.98,0.01,375,411684,买盘
09:39:49,11.01,0.03,1843,2026351,买盘
09:39:52,11.01,0.0,155,170601,买盘
09:39:55,11.03,0.02,1000,1101311,买盘
09:39:58,11.03,0.0,474,522123,买盘
09:40:01,11.03,0.0,395,435652,卖盘
09:40:04,11.01,-0.02,901,993150,卖盘
09:40:07,10.98,-0.03,1141,1255045,卖盘
09:40:10,11.0,0.02,389,427486,买盘
09:40:13,10.98,-0.02,426,467626,卖盘
09:40:16,10.95,-0.03,243,266681,卖盘
09:40:19,10.96,0.01,175,191716,买盘
09:40:22,10.96,0.0,410,449423,买盘
09:40:25,10.95,-0.01,1097,1201569,卖盘
09:40:28,10.95,0.0,477,522336,卖盘
09:40:31,10.96,0.01,566,620219,买盘
09:40:34,11.0,0.04,2854,3137101,买盘
09:40:37,11.01,0.01,1998,2201304,买盘
09:40:40,11.01,0.0,268,295338,卖盘
09:40:43,11.02,0.01,491,540422,买盘
09:40:46,11.02,0.0,990,1089555,买盘
09:40:49,11.03,0.01,509,560952,买盘
09:40:52,11.02,-0.01,946,1042201,中性盘
09:40:55,11.03,0.01,1573,1734218,买盘
09:40:58,11.05,0.02,2491,2751907,买盘
09:41:01,11.03,-0.02,328,361563,中性盘
09:41:04,11.02,-0.01,256,282126,中性盘
09:41:07,11.0,-0.02,258,284103,卖盘
09:41:10,11.0,0.0,259,284404,卖盘
09:41:13,11.01,0.01,1492,1641691,买盘
09:41:16,11.01,0.0,544,598707,卖盘
09:41:19,11.01,0.0,1614,1776301,卖盘
09:41:22,11.0,-0.01,197,216788,买盘
09:41:25,11.0,0.0,148,162837,中性盘
09:41:28,11.01,0.01,2112,2325476,买盘
09:41:31,11.02,0.01,1238,1363471,买盘
09:41:34,11.0,-0.02,247,271900,卖盘
09:41:37,11.01,0.01,522,574819,买盘
09:41:40,11.0,-0.01,456,501688,卖盘
09:41:43,10.99,-0.01,121,132944,中性盘
09:41:46,10.99,0.0,79,86806,买盘
09:41:49,10.98,-0.01,314,344921,卖盘
09:41:52,10.97,-0.01,103,113116,卖盘
09:41:55,10.97,0.0,224,245752,卖盘
09:41:58,10.97,0.0,434,476258,卖盘
09:42:01,10.97,0.0,348,381847,卖盘
09:42:04,10.96,-0.01,661,724759,卖盘
09:42:07,10.98,0.02,1966,2157838,买盘
09:42:10,10.99,0.01,471,516785,买盘
09:42:13,10.96,-0.03,216,236737,中性盘
09:42:16,10.97,0.01,186,203862,买盘
09:42:19,10.97,0.0,164,179858,买盘
09:42:22,10.96,-0.01,330,361821,卖盘
09:42:25,10.97,0.01,697,764379,买盘
09:42:28,10.98,0.01,492,539521,买盘
09:42:31,10.99,0.01,1374,1509698,买盘
09:42:34,11.0,0.01,1342,1476771,买盘
09:42:37,11.05,0.05,1612,1777641,买盘
09:42:40,11.0,-0.05,1528,1687188,卖盘
09:42:43,11.04,0.04,204,224775,买盘
09:42:46,11.02,-0.02,51,56212,中性盘
09:42:49,11.02,0.0,250,275735,卖盘
09:42:52,11.03,0.01,178,196381,买盘
09:42:55,11.03,0.0,155,170992,卖盘
09:42:58,11.03,0.0,568,626507,中性盘
09:43:01,11.03,0.0,514,566699,卖盘
09:43:04,11.01,-0.02,240,264483,卖盘
09:43:07,11.02,0.01,55,60620,买盘
09:43:10,11.02,0.0,201,221583,卖盘
09:43:13,11.02,0.0,287,316170,卖盘
09:43:16,11.01,-0.01,157,172960,卖盘
09:43:19,11.01,0.0,303,333838,卖盘
09:43:22,11.0,-0.01,496,545752,卖盘
09:43:25,11.0,0.0,492,541363,卖盘
09:43:28,11.01,0.01,241,265194,买盘
09:43:31,11.0,-0.01,267,293710,卖盘
09:43:34,11.0,0.0,461,507058,买盘
09:43:37,11.0,0.0,363,399288,买盘
09:43:40,11.0,0.0,287,315685,买盘
09:43:43,11.0,0.0,394,433334,买盘
09:43:46,11.0,0.0,342,376210,买盘
09:43:49,11.0,0.0,614,674867,买盘
09:43:52,11.0,0.0,632,695427,买盘
09:43:55,11.0,0.0,219,240869,中性盘
09:43:58,11.0,0.0,136,149518,卖盘
09:44:01,10.99,-0.01,184,202319,卖盘
09:44:04,10.99,0.0,209,229640,卖盘
09:44:07,10.99,0.0,250,274658,买盘
09:44:10,10.98,-0.01,197,216487,卖盘
09:44:13,10.99,0.01,547,600652,买盘
09:44:16,10.99,0.0,233,255939,买盘
09:44:19,10.99,0.0,140,153831,买盘
09:44:22,10.98,-0.01,110,120787,卖盘
09:44:25,10.97,-0.01,577,633113,卖盘
09:44:28,10.98,0.01,89,97786,中性盘
09:44:31,10.97,-0.01,732,803134,卖盘
09:44:34,10.97,0.0,45,49365,买盘
09:44:37,10.96,-0.01,786,861546,卖盘
09:44:40,10.96,0.0,1239,1357719,买盘
09:44:43,10.96,0.0,314,344281,买盘
09:44:46,10.98,0.02,455,499372,买盘
09:44:49,10.98,0.0,131,143905,卖盘
09:44:52,10.98,0.0,277,304156,卖盘
09:44:55,10.98,0.0,140,153726,卖盘
09:44:58,10.98,0.0,429,471129,卖盘
09:45:01,10.97,-0.01,140,153697,卖盘
09:45:04,10.97,0.0,39,42780,买盘
09:45:07,10.96,-0.01,166,182080,卖盘
09:45:10,10.96,0.0,158,173220,卖盘
09:45:13,10.97,0.01,169,185337,买盘
09:45:16,10.95,-0.02,217,237833,卖盘
09:45:19,10.95,0.0,26,28495,卖盘
09:45:22,10.95,0.0,348,381241,卖盘
09:45:25,10.95,0.0,161,176289,卖盘
09:45:28,10.95,0.0,146,159870,买盘
09:45:31,10.94,-0.01,298,326177,卖盘
09:45:34,10.94,0.0,221,241774,卖盘
09:45:37,10.95,0.01,164,179426,买盘
09:45:40,10.94,-0.01,812,888935,卖盘
09:45:43,10.94,0.0,203,222226,卖盘
09:45:46,10.93,-0.01,481,525951,卖盘
09:45:49,10.94,0.01,163,178317,买盘
09:45:52,10.94,0.0,71,77642,买盘
09:45:55,10.93,-0.01,150,164043,卖盘
09:45:58,10.92,-0.01,1740,1899439,卖盘
09:46:01,10.92,0.0,99,108108,买盘
09:46:04,10.92,0.0,1694,1846715,买盘
09:46:07,10.92,0.0,565,616910,买盘
09:46:10,10.9,-0.02,385,420385,卖盘
09:46:13,10.92,0.02,250,272841,中性盘
09:46:16,10.92,0.0,292,319011,卖盘
09:46:19,10.92,0.0,132,144058,卖盘
09:46:22,10.91,-0.01,414,451575,卖盘
09:46:25,10.91,0.0,85,92735,买盘
09:46:28,10.91,0.0,68,74162,买盘
09:46:31,10.9,-0.01,1150,1252594,卖盘
09:46:34,10.9,0.0,192,209277,买盘
09:46:37,10.9,0.0,79,86110,买盘
09:46:40,10.89,-0.01,755,821560,卖盘
09:46:43,10.88,-0.01,180,195838,卖盘
09:46:46,10.88,0.0,142,154496,买盘
09:46:49,10.87,-0.01,507,551205,卖盘
09:46:52,10.87,0.0,143,155402,买盘
09:46:55,10.87,0.0,222,241153,买盘
09:46:58,10.86,-0.01,572,621123,卖盘
09:47:01,10.86,0.0,153,166058,买盘
09:47:04,10.86,0.0,406,440861,买盘
09:47:07,10.85,-0.01,550,596936,卖盘
09:47:10,10.85,0.0,101,109603,卖盘
09:47:13,10.86,0.01,429,465585,买盘
09:47:16,10.85,-0.01,315,341786,卖盘
09:47:19,10.86,0.01,93,100923,买盘
09:47:22,10.85,-0.01,176,190902,中性盘
09:47:25,10.85,0.0,373,404637,买盘
09:47:28,10.85,0.0,244,264698,买盘
09:47:31,10.85,0.0,591,641095,买盘
09:47:34,10.85,0.0,385,417720,买盘
09:47:37,10.86,0.01,1173,1272948,买盘
09:47:40,10.87,0.01,389,422437,买盘
09:47:43,10.84,-0.03,1595,1729884,卖盘
09:47:46,10.87,0.03,178,193468,买盘
09:47:49,10.87,0.0,522,567386,买盘
09:47:52,10.87,0.0,144,156510,买盘
09:47:55,10.86,-0.01,167,181375,买盘
09:47:58,10.87,0.01,126,136808,买盘
09:48:01,10.87,0.0,124,134613,买盘
09:48:04,10.87,0.0,293,318422,买盘
09:48:07,10.86,-0.01,299,324811,卖盘
09:48:10,10.86,0.0,339,368260,卖盘
09:48:13,10.87,0.01,76,82598,买盘
09:48:16,10.86,-0.01,281,305294,卖盘
09:48:19,10.87,0.01,214,232533,买盘
09:48:22,10.87,0.0,70,76082,买盘
09:48:25,10.86,-0.01,285,309651,卖盘
09:48:28,10.87,0.01,341,370510,买盘
09:48:31,10.86,-0.01,169,183540,卖盘
09:48:34,10.86,0.0,578,627214,买盘
09:48:37,10.86,0.0,661,718418,卖盘
09:48:40,10.87,0.01,208,226081,买盘
09:48:43,10.87,0.0,222,241225,卖盘
09:48:46,10.88,0.01,165,179457,买盘
09:48:49,10.88,0.0,248,269824,卖盘
09:48:52,10.89,0.01,146,158854,买盘
09:48:55,10.88,-0.01,235,255727,买盘
09:48:58,10.88,0.0,265,288330,卖盘
09:49:01,10.88,0.0,413,449719,卖盘
09:49:04,10.87,-0.01,410,445461,卖盘
09:49:07,10.87,0.0,169,183774,买盘
09:49:10,10.88,0.01,123,133727,买盘
09:49:13,10.88,0.0,87,94598,买盘
09:49:16,10.87,-0.01,274,297933,卖盘
09:49:19,10.88,0.01,233,253122,买盘
09:49:22,10.86,-0.02,1109,1204806,卖盘
09:49:25,10.86,0.0,389,422283,买盘
09:49:28,10.86,0.0,205,222629,买盘
09:49:31,10.86,0.0,201,218255,买盘
09:49:34,10.85,-0.01,677,734555,卖盘
09:49:37,10.85,0.0,196,212632,买盘
09:49:40,10.85,0.0,194,210472,买盘
09:49:43,10.85,0.0,210,227773,买盘
09:49:46,10.84,-0.01,128,138878,卖盘
09:49:49,10.85,0.01,189,204992,买盘
09:49:52,10.84,-0.01,240,260211,卖盘
09:49:55,10.83,-0.01,83,89970,卖盘
09:49:58,10.83,0.0,266,288222,卖盘
09:50:01,10.84,0.01,142,153959,买盘
09:50:04,10.83,-0.01,197,213487,卖盘
09:50:07,10.84,0.01,64,69346,买盘
09:50:10,10.84,0.0,277,300289,买盘
09:50:13,10.85,0.01,687,745328,买盘
09:50:16,10.85,0.0,89,96515,卖盘
09:50:19,10.85,0.0,125,135670,卖盘
09:50:22,10.85,0.0,94,102012,卖盘
09:50:25,10.85,0.0,115,124779,卖盘
09:50:28,10.86,0.01,317,344161,买盘
09:50:31,10.84,-0.02,581,630078,卖盘
09:50:34,10.86,0.02,312,338334,买盘
09:50:37,10.84,-0.02,204,221462,卖盘
09:50:40,10.86,0.02,13,14105,买盘
09:50:43,10.85,-0.01,67,72724,卖盘
09:50:46,10.85,0.0,1156,1252501,卖盘
09:50:49,10.84,-0.01,971,1050987,卖盘
09:50:52,10.84,0.0,62,67210,买盘
09:50:55,10.85,0.01,233,252751,买盘
09:50:58,10.84,-0.01,134,145352,卖盘
09:51:01,10.83,-0.01,268,290243,卖盘
09:51:04,10.84,0.01,48,51996,买盘
09:51:07,10.83,-0.01,94,101782,中性盘
09:51:10,10.82,-0.01,189,204514,卖盘
09:51:13,10.84,0.02,590,638630,买盘
09:51:16,10.82,-0.02,248,268449,卖盘
09:51:19,10.82,0.0,144,155966,卖盘
09:51:22,10.83,0.01,148,160169,中性盘
09:51:25,10.84,0.01,384,415836,买盘
09:51:28,10.83,-0.01,57,61709,买盘
09:51:31,10.82,-0.01,107,115850,卖盘
09:51:34,10.83,0.01,182,197106,买盘
09:51:37,10.82,-0.01,623,674123,卖盘
09:51:40,10.82,0.0,270,292154,卖盘
09:51:43,10.82,0.0,147,159066,买盘
09:51:46,10.82,0.0,183,198123,卖盘
09:51:49,10.82,0.0,394,426318,卖盘
09:51:52,10.81,-0.01,117,126573,卖盘
09:51:55,10.82,0.01,146,157947,买盘
09:51:58,10.82,0.0,170,183905,买盘
09:52:01,10.82,0.0,168,181714,买盘
09:52:04,10.81,-0.01,372,402183,卖盘
09:52:07,10.81,0.0,69,74603,卖盘
09:52:10,10.81,0.0,254,274646,卖盘
09:52:13,10.82,0.01,43,46491,买盘
09:52:16,10.82,0.0,368,397836,买盘
09:52:19,10.81,-0.01,876,946973,卖盘
09:52:22,10.81,0.0,63,68102,买盘
09:52:25,10.81,0.0,390,421582,买盘
09:52:28,10.81,0.0,618,668084,买盘
09:52:31,10.81,0.0,387,418406,卖盘
09:52:34,10.81,0.0,102,110239,买盘
09:52:37,10.82,0.01,422,456139,买盘
09:52:40,10.81,-0.01,6,6489,卖盘
09:52:43,10.82,0.01,79,85461,买盘
09:52:46,10.81,-0.01,104,112425,卖盘
09:52:49,10.82,0.01,34,36786,买盘
09:52:52,10.82,0.0,84,90816,买盘
09:52:55,10.82,0.0,45,48681,买盘
09:52:58,10.81,-0.01,529,571861,卖盘
09:53:01,10.81,0.0,189,204442,卖盘
09:53:04,10.82,0.01,30,32450,买盘
09:53:07,10.81,-0.01,97,104865,卖盘
09:53:10,10.82,0.01,68,73563,买盘
09:53:13,10.82,0.0,162,175172,买盘
09:53:16,10.82,0.0,160,173080,买盘
09:53:19,10.82,0.0,98,106027,买盘
09:53:22,10.82,0.0,51,55182,买盘
09:53:25,10.82,0.0,84,90886,买盘
09:53:28,10.82,0.0,240,259501,买盘
09:53:31,10.82,0.0,48,51935,买盘
09:53:34,10.81,-0.01,338,365626,卖盘
09:53:37,10.81,0.0,174,188248,卖盘
09:53:40,10.81,0.0,124,134108,卖盘
09:53:43,10.81,0.0,168,181736,卖盘
09:53:46,10.81,0.0,117,126478,卖盘
09:53:49,10.82,0.01,103,111405,买盘
09:53:52,10.82,0.0,43,46510,买盘
09:53:55,10.81,-0.01,31,33521,卖盘
09:53:58,10.82,0.01,153,165417,买盘
09:54:01,10.82,0.0,317,342940,买盘
09:54:04,10.81,-0.01,397,429189,卖盘
09:54:07,10.81,0.0,132,142696,卖盘
09:54:10,10.82,0.01,71,76814,买盘
09:54:13,10.81,-0.01,178,192438,卖盘
09:54:16,10.81,0.0,150,162232,卖盘
09:54:19,10.81,0.0,71,76751,卖盘
09:54:22,10.81,0.0,193,208716,卖盘
09:54:25,10.81,0.0,303,327593,卖盘
09:54:28,10.81,0.0,42,45408,卖盘
09:54:31,10.81,0.0,151,163341,卖盘
09:54:34,10.81,0.0,129,139531,卖盘
09:54:37,10.82,0.01,362,391661,买盘
09:54:40,10.81,-0.01,81,87614,卖盘
09:54:43,10.82,0.01,175,189345,买盘
09:54:46,10.82,0.0,99,107045,买盘
09:54:49,10.82,0.0,137,148189,买盘
09:54:52,10.81,-0.01,182,196870,卖盘
09:54:55,10.82,0.01,260,281560,中性盘
09:55:01,10.84,0.02,60,65026,买盘
09:55:04,10.84,0.0,137,148467,买盘
09:55:07,10.82,-0.02,215,232655,卖盘
09:55:10,10.8,-0.02,775,837788,卖盘
09:55:13,10.8,0.0,2326,2512171,卖盘
09:55:16,10.8,0.0,562,606985,卖盘
09:55:19,10.81,0.01,414,447437,买盘
09:55:22,10.81,0.0,430,464467,买盘
09:55:25,10.81,0.0,173,186901,买盘
09:55:28,10.81,0.0,152,164261,买盘
09:55:31,10.81,0.0,500,540347,买盘
09:55:34,10.81,0.0,142,153502,卖盘
09:55:37,10.82,0.01,222,240161,买盘
09:55:40,10.81,-0.01,160,172960,卖盘
09:55:43,10.8,-0.01,364,393367,卖盘
09:55:46,10.81,0.01,171,184861,中性盘
09:55:49,10.81,0.0,201,217170,买盘
09:55:52,10.81,0.0,19,20538,买盘
09:55:55,10.8,-0.01,476,514631,卖盘
09:55:58,10.8,0.0,87,93980,卖盘
09:56:01,10.81,0.01,76,82114,买盘
09:56:04,10.8,-0.01,76,82116,卖盘
09:56:07,10.81,0.01,227,245211,买盘
09:56:10,10.81,0.0,38,41070,买盘
09:56:13,10.8,-0.01,223,240874,卖盘
09:56:16,10.81,0.01,218,235656,买盘
09:56:19,10.8,-0.01,55,59435,卖盘
09:56:22,10.81,0.01,166,179446,买盘
09:56:25,10.81,0.0,54,58374,卖盘
09:56:28,10.81,0.0,100,108161,卖盘
09:56:31,10.81,0.0,84,90856,卖盘
09:56:34,10.82,0.01,162,175180,买盘
09:56:37,10.81,-0.01,277,299532,卖盘
09:56:40,10.82,0.01,74,80058,买盘
09:56:43,10.82,0.0,4,4325,买盘
09:56:46,10.81,-0.01,8,8655,卖盘
09:56:49,10.82,0.01,32,34623,买盘
09:56:52,10.81,-0.01,33,35681,卖盘
09:56:55,10.82,0.01,64,69214,买盘
09:56:58,10.82,0.0,42,45424,买盘
09:57:01,10.82,0.0,99,107108,买盘
09:57:04,10.81,-0.01,240,259489,卖盘
09:57:07,10.81,0.0,37,39997,卖盘
09:57:10,10.81,0.0,48,51925,卖盘
09:57:13,10.82,0.01,431,466342,买盘
09:57:16,10.81,-0.01,101,109194,卖盘
09:57:19,10.81,0.0,30,32459,卖盘
09:57:22,10.82,0.01,35,37863,买盘
09:57:25,10.81,-0.01,88,95196,卖盘
09:57:28,10.82,0.01,75,81121,买盘
09:57:31,10.81,-0.01,266,287546,卖盘
09:57:34,10.81,0.0,261,282141,买盘
09:57:37,10.81,0.0,122,131926,买盘
09:57:40,10.8,-0.01,84,90815,卖盘
09:57:43,10.81,0.01,293,316645,买盘
09:57:46,10.82,0.01,70,75681,买盘
09:57:49,10.81,-0.01,55,59505,卖盘
09:57:52,10.82,0.01,38,41093,买盘
09:57:55,10.82,0.0,135,145965,买盘
09:57:58,10.82,0.0,77,83314,买盘
09:58:01,10.82,0.0,56,60594,卖盘
09:58:04,10.83,0.01,76,82258,买盘
09:58:07,10.82,-0.01,75,81167,卖盘
09:58:10,10.83,0.01,158,171114,买盘
09:58:13,10.84,0.01,39,42251,买盘
09:58:16,10.83,-0.01,59,63939,卖盘
09:58:19,10.84,0.01,280,303519,买盘
09:58:22,10.84,0.0,324,351402,买盘
09:58:25,10.85,0.01,357,387324,买盘
09:58:28,10.86,0.01,224,243121,买盘
09:58:31,10.85,-0.01,90,97661,卖盘
09:58:34,10.87,0.02,138,149872,买盘
09:58:37,10.87,0.0,95,103265,买盘
09:58:40,10.88,0.01,233,253455,买盘
09:58:43,10.88,0.0,345,375345,买盘
09:58:46,10.88,0.0,404,439543,买盘
09:58:49,10.89,0.01,161,175299,买盘
09:58:52,10.89,0.0,243,264541,买盘
09:58:55,10.89,0.0,326,354998,买盘
09:58:58,10.9,0.01,504,548799,买盘
09:59:01,10.89,-0.01,143,155832,卖盘
09:59:04,10.89,0.0,559,609257,卖盘
09:59:07,10.9,0.01,551,600583,买盘
09:59:10,10.86,-0.04,3212,3496468,卖盘
09:59:13,10.83,-0.03,1000,1082653,卖盘
09:59:16,10.82,-0.01,125,135300,卖盘
09:59:19,10.82,0.0,122,131977,买盘
09:59:22,10.82,0.0,239,258393,买盘
09:59:25,10.81,-0.01,1093,1182095,卖盘
09:59:28,10.81,0.0,497,537067,买盘
09:59:31,10.81,0.0,88,95105,买盘
09:59:34,10.81,0.0,155,167545,买盘
09:59:37,10.8,-0.01,36,38906,卖盘
09:59:40,10.81,0.01,401,433290,买盘
09:59:43,10.8,-0.01,115,124239,卖盘
09:59:46,10.81,0.01,234,252970,买盘
09:59:49,10.81,0.0,39,42159,卖盘
09:59:52,10.81,0.0,153,165398,卖盘
09:59:55,10.8,-0.01,1913,2066257,卖盘
09:59:58,10.8,0.0,204,220209,买盘
10:00:01,10.8,0.0,177,191115,买盘
10:00:04,10.8,0.0,38,41025,买盘
10:00:07,10.79,-0.01,857,924790,卖盘
10:00:10,10.79,0.0,388,418478,卖盘
10:00:13,10.78,-0.01,271,292219,卖盘
10:00:16,10.78,0.0,1041,1122240,卖盘
10:00:19,10.79,0.01,1221,1316277,买盘
10:00:22,10.78,-0.01,352,379496,卖盘
10:00:25,10.77,-0.01,124,133596,卖盘
10:00:28,10.77,0.0,319,343582,卖盘
10:00:31,10.78,0.01,121,130318,买盘
10:00:34,10.77,-0.01,886,954268,卖盘
10:00:37,10.77,0.0,548,590196,卖盘
10:00:40,10.76,-0.01,132,142133,卖盘
10:00:43,10.77,0.01,531,571596,买盘
10:00:46,10.77,0.0,263,283048,买盘
10:00:49,10.76,-0.01,226,243177,卖盘
10:00:52,10.75,-0.01,126,135600,卖盘
10:00:55,10.75,0.0,363,390295,卖盘
10:00:58,10.75,0.0,272,292400,卖盘
10:01:01,10.74,-0.01,398,427858,卖盘
10:01:04,10.73,-0.01,101,108482,卖盘
10:01:07,10.73,0.0,86,92301,卖盘
10:01:10,10.73,0.0,105,112655,卖盘
10:01:13,10.72,-0.01,198,212298,卖盘
10:01:16,10.72,0.0,119,127590,卖盘
10:01:19,10.71,-0.01,148,158571,卖盘
10:01:22,10.71,0.0,408,436987,卖盘
10:01:25,10.71,0.0,405,433574,卖盘
10:01:28,10.71,0.0,391,418652,买盘
10:01:31,10.71,0.0,159,170211,买盘
10:01:34,10.7,-0.01,210,224728,卖盘
10:01:37,10.7,0.0,496,531052,卖盘
10:01:40,10.7,0.0,604,646322,卖盘
10:01:43,10.69,-0.01,279,298457,卖盘
10:01:46,10.69,0.0,179,191356,卖盘
10:01:49,10.68,-0.01,120,128170,卖盘
10:01:52,10.66,-0.02,500,533847,卖盘
10:01:55,10.66,0.0,50,53349,卖盘
10:01:58,10.66,0.0,572,609819,卖盘
10:02:01,10.66,0.0,592,631142,卖盘
10:02:04,10.66,0.0,437,465765,买盘
10:02:07,10.66,0.0,523,557205,买盘
10:02:10,10.7,0.04,3189,3405410,买盘
10:02:13,10.69,-0.01,82,87634,中性盘
10:02:16,10.7,0.01,334,357306,买盘
10:02:19,10.7,0.0,400,428390,买盘
10:02:22,10.73,0.03,300,321898,买盘
10:02:25,10.73,0.0,62,66530,卖盘
10:02:28,10.74,0.01,163,175049,买盘
10:02:31,10.75,0.01,222,238491,买盘
10:02:34,10.76,0.01,133,143072,买盘
10:02:37,10.76,0.0,84,90410,卖盘
10:02:40,10.78,0.02,196,211182,买盘
10:02:43,10.77,-0.01,129,138922,卖盘
10:02:46,10.78,0.01,205,220986,买盘
10:02:49,10.79,0.01,110,118581,买盘
10:02:52,10.78,-0.01,235,253447,卖盘
10:02:55,10.8,0.02,167,180150,买盘
10:02:58,10.78,-0.02,132,142446,卖盘
10:03:01,10.8,0.02,130,140350,买盘
10:03:04,10.78,-0.02,466,502720,卖盘
10:03:07,10.77,-0.01,872,939154,卖盘
10:03:10,10.76,-0.01,532,572521,卖盘
10:03:13,10.74,-0.02,96,103164,卖盘
10:03:16,10.74,0.0,34,36529,卖盘
10:03:19,10.74,0.0,175,187981,卖盘
10:03:22,10.74,0.0,33,35438,买盘
10:03:25,10.74,0.0,156,167514,买盘
10:03:28,10.73,-0.01,146,156769,卖盘
10:03:31,10.75,0.02,249,267540,买盘
10:03:34,10.73,-0.02,176,189104,卖盘
10:03:37,10.73,0.0,41,44019,买盘
10:03:40,10.73,0.0,177,189901,卖盘
10:03:43,10.73,0.0,292,313095,买盘
10:03:46,10.73,0.0,190,203819,买盘
10:03:49,10.72,-0.01,64,68642,卖盘
10:03:52,10.72,0.0,19,20375,卖盘
10:03:55,10.74,0.02,126,135199,买盘
10:03:58,10.72,-0.02,181,194017,卖盘
10:04:01,10.72,0.0,48,51456,买盘
10:04:04,10.71,-0.01,139,148905,卖盘
10:04:07,10.71,0.0,126,134861,买盘
10:04:10,10.71,0.0,353,377859,买盘
10:04:13,10.71,0.0,173,185161,买盘
10:04:16,10.7,-0.01,316,338422,卖盘
10:04:19,10.71,0.01,79,84575,中性盘
10:04:22,10.71,0.0,86,92121,买盘
10:04:25,10.7,-0.01,26,27836,卖盘
10:04:28,10.71,0.01,56,59975,买盘
10:04:31,10.71,0.0,128,137053,买盘
10:04:34,10.71,0.0,258,276193,买盘
10:04:37,10.72,0.01,26,27871,买盘
10:04:40,10.7,-0.02,310,331757,卖盘
10:04:43,10.71,0.01,208,222734,买盘
10:04:46,10.71,0.0,43,46020,买盘
10:04:49,10.69,-0.02,51,54571,卖盘
10:04:52,10.7,0.01,35,37464,中性盘
10:04:55,10.7,0.0,56,59968,卖盘
10:04:58,10.7,0.0,380,406484,卖盘
10:05:01,10.7,0.0,11,11770,买盘
10:05:04,10.7,0.0,94,100541,买盘
10:05:07,10.7,0.0,122,130529,买盘
10:05:10,10.71,0.01,120,128350,买盘
10:05:13,10.7,-0.01,5,5350,卖盘
10:05:16,10.7,0.0,341,365312,卖盘
10:05:19,10.71,0.01,5,5355,中性盘
10:05:22,10.71,0.0,33,35351,卖盘
10:05:25,10.72,0.01,66,70755,买盘
10:05:28,10.72,0.0,10,10720,卖盘
10:05:31,10.73,0.01,44,47187,买盘
10:05:34,10.73,0.0,20,21460,买盘
10:05:37,10.72,-0.01,112,120155,卖盘
10:05:40,10.74,0.02,44,47233,买盘
10:05:43,10.74,0.0,15,16112,卖盘
10:05:46,10.75,0.01,67,71959,买盘
10:05:49,10.75,0.0,89,95675,买盘
10:05:52,10.75,0.0,58,62401,卖盘
10:05:55,10.78,0.03,203,218498,买盘
10:05:58,10.76,-0.02,115,123740,卖盘
10:06:01,10.75,-0.01,248,266660,卖盘
10:06:04,10.75,0.0,483,519672,卖盘
10:06:07,10.74,-0.01,453,486524,卖盘
10:06:10,10.72,-0.02,728,779940,卖盘
10:06:13,10.73,0.01,553,592989,买盘
10:06:16,10.73,0.0,165,177007,买盘
10:06:19,10.73,0.0,115,123390,买盘
10:06:22,10.73,0.0,120,128748,买盘
10:06:25,10.73,0.0,10,10730,卖盘
10:06:28,10.74,0.01,35,37584,买盘
10:06:31,10.73,-0.01,158,169632,卖盘
10:06:34,10.75,0.02,40,42970,买盘
10:06:37,10.74,-0.01,58,62292,卖盘
10:06:40,10.74,0.0,45,48342,卖盘
10:06:43,10.75,0.01,1,1075,买盘
10:06:46,10.75,0.0,55,59125,买盘
10:06:49,10.74,-0.01,63,67702,卖盘
10:06:52,10.75,0.01,114,122524,买盘
10:06:55,10.75,0.0,478,513702,买盘
10:06:58,10.75,0.0,45,48374,买盘
10:07:01,10.75,0.0,95,102100,买盘
10:07:04,10.76,0.01,35,37628,买盘
10:07:07,10.74,-0.02,187,201062,卖盘
10:07:10,10.74,0.0,84,90251,卖盘
10:07:13,10.71,-0.03,454,486959,卖盘
10:07:16,10.73,0.02,51,54675,买盘
10:07:22,10.73,0.0,133,142617,买盘
10:07:25,10.73,0.0,42,45048,买盘
10:07:28,10.73,0.0,74,79410,买盘
10:07:31,10.73,0.0,269,288196,卖盘
10:07:34,10.73,0.0,38,40774,卖盘
10:07:37,10.73,0.0,86,92275,买盘
10:07:40,10.74,0.01,57,61183,买盘
10:07:43,10.73,-0.01,30,32191,卖盘
10:07:46,10.74,0.01,19,20404,买盘
10:07:49,10.73,-0.01,121,129916,卖盘
10:07:52,10.73,0.0,101,108426,卖盘
10:07:55,10.73,0.0,3,3219,卖盘
10:07:58,10.74,0.01,29,31133,买盘
10:08:01,10.72,-0.02,133,142611,卖盘
10:08:04,10.72,0.0,72,77183,买盘
10:08:07,10.72,0.0,506,542432,买盘
10:08:10,10.72,0.0,105,112570,卖盘
10:08:13,10.73,0.01,38,40747,买盘
10:08:16,10.72,-0.01,5,5360,卖盘
10:08:22,10.72,0.0,37,39669,卖盘
10:08:25,10.73,0.01,93,99739,买盘
10:08:28,10.73,0.0,77,82608,买盘
10:08:31,10.73,0.0,17,18241,买盘
10:08:34,10.73,0.0,33,35409,卖盘
10:08:37,10.72,-0.01,78,83650,卖盘
10:08:40,10.73,0.01,55,59030,买盘
10:08:43,10.73,0.0,126,135198,买盘
10:08:46,10.72,-0.01,6,6432,卖盘
10:08:49,10.73,0.01,37,39701,买盘
10:08:52,10.72,-0.01,537,575710,卖盘
10:08:55,10.71,-0.01,329,352359,卖盘
10:08:58,10.71,0.0,152,162709,买盘
10:09:01,10.73,0.02,59,63229,买盘
10:09:04,10.72,-0.01,43,46085,买盘
10:09:07,10.72,0.0,69,73913,买盘
10:09:10,10.7,-0.02,844,903595,卖盘
10:09:13,10.71,0.01,313,335078,买盘
10:09:16,10.71,0.0,85,90957,买盘
10:09:19,10.7,-0.01,75,80280,卖盘
10:09:22,10.7,0.0,158,169213,卖盘
10:09:25,10.7,0.0,6,6420,卖盘
10:09:28,10.7,0.0,162,173344,卖盘
10:09:31,10.7,0.0,78,83461,卖盘
10:09:34,10.7,0.0,34,36398,卖盘
10:09:37,10.71,0.01,40,42833,买盘
10:09:40,10.72,0.01,133,142342,买盘
10:09:43,10.71,-0.01,30,32130,卖盘
10:09:46,10.71,0.0,1,1071,卖盘
10:09:49,10.72,0.01,2,2144,买盘
10:09:52,10.72,0.0,94,100695,买盘
10:09:55,10.72,0.0,91,97510,买盘
10:09:58,10.71,-0.01,55,58930,卖盘
10:10:01,10.71,0.0,46,49286,卖盘
10:10:04,10.71,0.0,172,184234,卖盘
10:10:07,10.71,0.0,88,94268,卖盘
10:10:10,10.71,0.0,394,421652,卖盘
10:10:13,10.7,-0.01,110,117805,卖盘
10:10:16,10.71,0.01,198,211946,买盘
10:10:19,10.69,-0.02,167,178642,卖盘
10:10:22,10.7,0.01,40,42794,买盘
10:10:25,10.69,-0.01,101,107990,卖盘
10:10:28,10.7,0.01,9,9630,买盘
10:10:31,10.7,0.0,89,95172,买盘
10:10:34,10.7,0.0,246,263024,卖盘
10:10:37,10.7,0.0,6,6420,卖盘
10:10:40,10.69,-0.01,200,213857,卖盘
10:10:43,10.69,0.0,231,246958,卖盘
10:10:46,10.69,0.0,37,39555,卖盘
10:10:49,10.69,0.0,17,18173,卖盘
10:10:52,10.7,0.01,36,38462,买盘
10:10:55,10.7,0.0,37,39587,买盘
10:10:58,10.69,-0.01,28,29932,卖盘
10:11:01,10.69,0.0,187,200044,买盘
10:11:04,10.7,0.01,100,106932,买盘
10:11:07,10.69,-0.01,31,33139,卖盘
10:11:10,10.69,0.0,164,175312,卖盘
10:11:13,10.69,0.0,31,33139,买盘
10:11:16,10.69,0.0,61,65203,买盘
10:11:19,10.68,-0.01,687,734021,卖盘
10:11:22,10.69,0.01,133,142167,买盘
10:11:25,10.69,0.0,56,59854,买盘
10:11:28,10.68,-0.01,151,161378,卖盘
10:11:31,10.69,0.01,18,19229,买盘
10:11:34,10.69,0.0,254,271492,买盘
10:11:37,10.68,-0.01,6,6408,卖盘
10:11:40,10.69,0.01,108,115421,买盘
10:11:43,10.68,-0.01,12,12822,卖盘
10:11:46,10.69,0.01,269,287298,买盘
10:11:49,10.69,0.0,222,237269,买盘
10:11:52,10.68,-0.01,77,82251,卖盘
10:11:55,10.68,0.0,131,139913,卖盘
10:11:58,10.68,0.0,25,26684,买盘
10:12:01,10.69,0.01,54,57674,买盘
10:12:04,10.68,-0.01,38,40584,卖盘
10:12:07,10.69,0.01,108,115368,买盘
10:12:10,10.67,-0.02,117,124977,卖盘
10:12:13,10.68,0.01,41,43800,买盘
10:12:16,10.68,0.0,83,88599,买盘
10:12:19,10.68,0.0,16,17101,卖盘
10:12:22,10.67,-0.01,144,153719,卖盘
10:12:25,10.67,0.0,146,155894,卖盘
10:12:28,10.67,0.0,49,52318,卖盘
10:12:31,10.67,0.0,15,16016,卖盘
10:12:34,10.68,0.01,31,33108,买盘
10:12:37,10.68,0.0,48,51260,买盘
10:12:40,10.68,0.0,280,299105,卖盘
10:12:43,10.69,0.01,48,51269,买盘
10:12:46,10.68,-0.01,37,39517,卖盘
10:12:49,10.68,0.0,34,36312,卖盘
10:12:52,10.68,0.0,78,83304,买盘
10:12:55,10.68,0.0,93,99324,买盘
10:12:58,10.68,0.0,73,77955,买盘
10:13:01,10.68,0.0,78,83304,买盘
10:13:04,10.67,-0.01,78,83235,卖盘
10:13:07,10.68,0.01,215,229552,买盘
10:13:10,10.68,0.0,31,33095,卖盘
10:13:13,10.68,0.0,38,40578,买盘
10:13:16,10.68,0.0,128,136611,买盘
10:13:19,10.68,0.0,52,55536,买盘
10:13:22,10.68,0.0,42,44874,买盘
10:13:25,10.69,0.01,11,11749,买盘
10:13:28,10.69,0.0,162,173022,买盘
10:13:31,10.69,0.0,49,52366,买盘
10:13:34,10.68,-0.01,50,53407,卖盘
10:13:37,10.69,0.01,56,59823,买盘
10:13:40,10.68,-0.01,31,33116,中性盘
10:13:43,10.68,0.0,16,17086,买盘
10:13:46,10.69,0.01,28,29932,买盘
10:13:49,10.68,-0.01,61,65202,卖盘
10:13:52,10.69,0.01,67,71613,买盘
10:13:55,10.69,0.0,175,186965,买盘
10:13:58,10.68,-0.01,114,121848,卖盘
10:14:01,10.68,0.0,45,48086,卖盘
10:14:07,10.68,0.0,310,331100,卖盘
10:14:10,10.66,-0.02,1198,1278107,卖盘
10:14:13,10.66,0.0,331,352963,卖盘
10:14:16,10.67,0.01,289,308098,买盘
10:14:19,10.67,0.0,88,93850,买盘
10:14:22,10.66,-0.01,28,29848,卖盘
10:14:25,10.66,0.0,36,38378,卖盘
10:14:28,10.66,0.0,21,22386,卖盘
10:14:31,10.66,0.0,33,35178,卖盘
10:14:34,10.66,0.0,89,94934,卖盘
10:14:37,10.67,0.01,71,75701,买盘
10:14:40,10.66,-0.01,333,355008,卖盘
10:14:43,10.66,0.0,67,71382,买盘
10:14:46,10.66,0.0,44,46889,买盘
10:14:49,10.65,-0.01,1089,1159768,卖盘
10:14:52,10.65,0.0,25,26625,买盘
10:14:55,10.64,-0.01,175,186273,卖盘
10:14:58,10.65,0.01,72,76659,买盘
10:15:01,10.64,-0.01,290,308744,卖盘
10:15:04,10.65,0.01,26,27668,买盘
10:15:07,10.65,0.0,58,61753,买盘
10:15:10,10.65,0.0,65,69225,买盘
10:15:13,10.65,0.0,99,105391,买盘
10:15:16,10.65,0.0,169,179901,买盘
10:15:19,10.64,-0.01,82,87250,卖盘
10:15:22,10.65,0.01,147,156484,买盘
10:15:25,10.65,0.0,42,44702,买盘
10:15:28,10.64,-0.01,112,119169,卖盘
10:15:31,10.65,0.01,153,162793,买盘
10:15:34,10.64,-0.01,43,45752,中性盘
10:15:37,10.65,0.01,215,228897,买盘
10:15:40,10.65,0.0,69,73426,买盘
10:15:43,10.65,0.0,155,165075,买盘
10:15:46,10.65,0.0,315,335408,买盘
10:15:49,10.65,0.0,109,116018,买盘
10:15:52,10.65,0.0,207,220436,买盘
10:15:55,10.66,0.01,179,190648,买盘
10:15:58,10.66,0.0,99,105532,买盘
10:16:01,10.67,0.01,48,51146,买盘
10:16:04,10.67,0.0,64,68229,买盘
10:16:07,10.67,0.0,33,35200,买盘
10:16:10,10.67,0.0,49,52296,卖盘
10:16:13,10.67,0.0,14,14946,卖盘
10:16:16,10.67,0.0,168,179260,卖盘
10:16:19,10.67,0.0,137,146242,卖盘
10:16:22,10.68,0.01,143,152636,买盘
10:16:25,10.68,0.0,128,136669,买盘
10:16:28,10.68,0.0,16,17088,卖盘
10:16:31,10.68,0.0,58,61944,卖盘
10:16:34,10.69,0.01,49,52367,买盘
10:16:37,10.69,0.0,12,12826,买盘
10:16:40,10.69,0.0,26,27774,买盘
10:16:43,10.69,0.0,30,32070,买盘
10:16:46,10.69,0.0,75,80108,买盘
10:16:49,10.69,0.0,163,174235,买盘
10:16:52,10.69,0.0,7,7483,卖盘
10:16:55,10.7,0.01,34,36380,买盘
10:16:58,10.7,0.0,92,98396,买盘
10:17:01,10.7,0.0,680,727562,买盘
10:17:04,10.7,0.0,356,380920,买盘
10:17:07,10.69,-0.01,146,156210,卖盘
10:17:10,10.68,-0.01,204,218065,卖盘
10:17:13,10.69,0.01,261,278773,买盘
10:17:16,10.69,0.0,100,106872,买盘
10:17:19,10.69,0.0,27,28863,买盘
10:17:22,10.69,0.0,106,113238,买盘
10:17:25,10.68,-0.01,154,164553,卖盘
10:17:28,10.69,0.01,28,29915,买盘
10:17:31,10.69,0.0,223,238347,买盘
10:17:34,10.69,0.0,41,43829,买盘
10:17:37,10.69,0.0,146,156024,买盘
10:17:40,10.68,-0.01,29,30991,卖盘
10:17:43,10.68,0.0,48,51292,卖盘
10:17:46,10.69,0.01,32,34188,买盘
10:17:49,10.69,0.0,99,105746,买盘
10:17:52,10.68,-0.01,154,164484,卖盘
10:17:55,10.69,0.01,53,56568,买盘
10:17:58,10.69,0.0,25,26703,买盘
10:18:01,10.67,-0.02,17,18161,卖盘
10:18:04,10.67,0.0,42,44816,卖盘
10:18:07,10.67,0.0,431,459880,卖盘
10:18:10,10.67,0.0,113,120516,卖盘
10:18:13,10.67,0.0,21,22407,买盘
10:18:16,10.67,0.0,30,31991,买盘
10:18:19,10.66,-0.01,168,179108,卖盘
10:18:22,10.66,0.0,91,97059,卖盘
10:18:25,10.67,0.01,145,154594,买盘
10:18:28,10.67,0.0,91,97010,买盘
10:18:31,10.66,-0.01,68,72504,卖盘
10:18:34,10.66,0.0,101,107670,卖盘
10:18:37,10.66,0.0,15,15998,卖盘
10:18:40,10.67,0.01,30,32005,买盘
10:18:43,10.67,0.0,140,149257,买盘
10:18:46,10.66,-0.01,93,99149,卖盘
10:18:49,10.67,0.01,52,55484,买盘
10:18:52,10.66,-0.01,16,17059,卖盘
10:18:55,10.66,0.0,336,358276,卖盘
10:18:58,10.66,0.0,128,136518,卖盘
10:19:01,10.66,0.0,115,122613,卖盘
10:19:04,10.66,0.0,32,34122,卖盘
10:19:07,10.67,0.01,42,44801,买盘
10:19:10,10.66,-0.01,214,227919,买盘
10:19:13,10.66,0.0,149,158731,买盘
10:19:16,10.66,0.0,28,29833,买盘
10:19:19,10.65,-0.01,438,466477,卖盘
10:19:22,10.64,-0.01,56,59584,卖盘
10:19:25,10.65,0.01,32,34078,买盘
10:19:28,10.64,-0.01,17,18103,卖盘
10:19:31,10.65,0.01,6,6390,买盘
10:19:34,10.64,-0.01,134,142606,卖盘
10:19:37,10.64,0.0,300,319356,卖盘
10:19:40,10.64,0.0,15,15960,买盘
10:19:43,10.64,0.0,89,94697,买盘
10:19:46,10.64,0.0,16,17024,买盘
10:19:49,10.64,0.0,12,12768,卖盘
10:19:52,10.64,0.0,20,21280,卖盘
10:19:55,10.65,0.01,116,123468,买盘
10:19:58,10.64,-0.01,191,203224,卖盘
10:20:01,10.63,-0.01,52,55299,卖盘
10:20:04,10.64,0.01,10,10640,买盘
10:20:07,10.64,0.0,202,214761,买盘
10:20:10,10.63,-0.01,120,127563,卖盘
10:20:13,10.62,-0.01,70,74355,卖盘
10:20:16,10.62,0.0,159,168858,卖盘
10:20:19,10.62,0.0,54,57300,买盘
10:20:22,10.61,-0.01,112,118832,卖盘
10:20:25,10.61,0.0,129,136879,卖盘
10:20:28,10.61,0.0,171,181436,卖盘
10:20:31,10.61,0.0,77,81714,买盘
10:20:34,10.62,0.01,220,233491,买盘
10:20:37,10.62,0.0,90,95513,买盘
10:20:40,10.61,-0.01,53,56239,卖盘
10:20:43,10.61,0.0,28,29722,卖盘
10:20:46,10.62,0.01,135,143268,买盘
10:20:49,10.61,-0.01,48,50928,卖盘
10:20:52,10.61,0.0,33,35013,买盘
10:20:55,10.6,-0.01,317,336031,卖盘
10:20:58,10.61,0.01,293,310630,买盘
10:21:01,10.6,-0.01,45,47735,卖盘
10:21:04,10.61,0.01,44,46670,卖盘
10:21:07,10.6,-0.01,173,183425,卖盘
10:21:10,10.6,0.0,136,144162,卖盘
10:21:13,10.6,0.0,148,156905,卖盘
10:21:16,10.6,0.0,10,10600,卖盘
10:21:19,10.61,0.01,7,7427,买盘
10:21:22,10.6,-0.01,29,30740,卖盘
10:21:25,10.61,0.01,41,43473,买盘
10:21:28,10.61,0.0,104,110247,买盘
10:21:31,10.61,0.0,182,193013,买盘
10:21:34,10.61,0.0,65,68914,买盘
10:21:37,10.6,-0.01,87,92220,卖盘
10:21:40,10.6,0.0,119,126145,卖盘
10:21:43,10.6,0.0,210,222611,卖盘
10:21:46,10.61,0.01,47,49830,买盘
10:21:49,10.6,-0.01,64,67855,卖盘
10:21:52,10.6,0.0,150,159000,卖盘
10:21:55,10.6,0.0,98,103890,卖盘
10:21:58,10.59,-0.01,113,119712,卖盘
10:22:01,10.6,0.01,10,10600,买盘
10:22:04,10.6,0.0,294,311597,买盘
10:22:07,10.6,0.0,61,64672,买盘
10:22:10,10.59,-0.01,70,74141,卖盘
10:22:13,10.59,0.0,141,149447,卖盘
10:22:16,10.59,0.0,114,120778,卖盘
10:22:19,10.59,0.0,100,105907,卖盘
10:22:22,10.59,0.0,55,58245,卖盘
10:22:25,10.59,0.0,49,51919,卖盘
10:22:28,10.58,-0.01,196,207377,卖盘
10:22:31,10.58,0.0,167,176239,卖盘
10:22:34,10.59,0.01,186,196818,买盘
10:22:37,10.59,0.0,98,103686,买盘
10:22:40,10.57,-0.02,69,73437,卖盘
10:22:43,10.58,0.01,26,27508,买盘
10:22:46,10.57,-0.01,52,54965,卖盘
10:22:49,10.57,0.0,156,164902,卖盘
10:22:52,10.57,0.0,109,115213,卖盘
10:22:55,10.57,0.0,156,164900,卖盘
10:22:58,10.56,-0.01,226,238807,卖盘
10:23:01,10.57,0.01,60,63397,买盘
10:23:04,10.56,-0.01,61,64416,卖盘
10:23:07,10.56,0.0,157,165678,卖盘
10:23:10,10.56,0.0,20,21120,买盘
10:23:13,10.56,0.0,117,123473,买盘
10:23:16,10.55,-0.01,128,135059,卖盘
10:23:19,10.55,0.0,190,200450,卖盘
10:23:22,10.55,0.0,5,5275,买盘
10:23:25,10.53,-0.02,122,128590,卖盘
10:23:28,10.54,0.01,12,12648,买盘
10:23:31,10.53,-0.01,513,540219,卖盘
10:23:34,10.53,0.0,24,25272,买盘
10:23:37,10.53,0.0,33,34739,买盘
10:23:40,10.51,-0.02,1420,1492752,卖盘
10:23:43,10.5,-0.01,393,412971,卖盘
10:23:46,10.51,0.01,203,213214,卖盘
10:23:49,10.51,0.0,170,178671,卖盘
10:23:52,10.51,0.0,136,142959,卖盘
10:23:55,10.52,0.01,118,124029,买盘
10:23:58,10.52,0.0,124,130406,买盘
10:24:01,10.51,-0.01,95,99906,卖盘
10:24:04,10.52,0.01,422,443700,中性盘
10:24:07,10.52,0.0,303,318720,买盘
10:24:10,10.52,0.0,545,572820,卖盘
10:24:13,10.52,0.0,54,56807,买盘
10:24:16,10.52,0.0,80,84162,买盘
10:24:19,10.52,0.0,97,102097,卖盘
10:24:22,10.53,0.01,161,169469,买盘
10:24:25,10.52,-0.01,57,59968,卖盘
10:24:28,10.53,0.01,336,353613,买盘
10:24:31,10.53,0.0,116,122139,买盘
10:24:34,10.54,0.01,32,33728,买盘
10:24:37,10.55,0.01,103,108620,买盘
10:24:40,10.55,0.0,73,76962,买盘
10:24:43,10.55,0.0,68,71705,买盘
10:24:46,10.55,0.0,41,43255,买盘
10:24:49,10.55,0.0,45,47475,买盘
10:24:52,10.54,-0.01,80,84350,卖盘
10:24:55,10.55,0.01,56,59051,买盘
10:24:58,10.54,-0.01,186,196066,卖盘
10:25:01,10.55,0.01,28,29540,买盘
10:25:04,10.55,0.0,71,74900,买盘
10:25:07,10.55,0.0,43,45365,买盘
10:25:10,10.54,-0.01,182,191928,卖盘
10:25:13,10.55,0.01,172,181450,买盘
10:25:16,10.55,0.0,176,185667,买盘
10:25:19,10.55,0.0,85,89675,买盘
10:25:22,10.55,0.0,152,160310,买盘
10:25:25,10.55,0.0,165,173975,买盘
10:25:28,10.55,0.0,146,154029,买盘
10:25:31,10.54,-0.01,27,28473,卖盘
10:25:34,10.54,0.0,100,105480,卖盘
10:25:37,10.55,0.01,27,28485,买盘
10:25:40,10.54,-0.01,26,27427,卖盘
10:25:43,10.55,0.01,20,21090,买盘
10:25:46,10.54,-0.01,96,101236,卖盘
10:25:49,10.55,0.01,214,225655,买盘
10:25:52,10.55,0.0,183,192934,买盘
10:25:55,10.54,-0.01,104,109681,卖盘
10:25:58,10.54,0.0,82,86382,买盘
10:26:01,10.53,-0.01,180,189609,卖盘
10:26:04,10.55,0.02,132,139163,买盘
10:26:07,10.54,-0.01,35,36885,买盘
10:26:10,10.55,0.01,5,5275,买盘
10:26:16,10.55,0.0,147,154945,买盘
10:26:19,10.55,0.0,124,130693,买盘
10:26:22,10.55,0.0,370,390350,买盘
10:26:25,10.55,0.0,130,137125,买盘
10:26:28,10.56,0.01,145,153068,买盘
10:26:31,10.57,0.01,109,115187,买盘
10:26:34,10.57,0.0,98,103586,买盘
10:26:37,10.57,0.0,38,40166,买盘
10:26:40,10.57,0.0,347,366760,买盘
10:26:43,10.58,0.01,15,15856,买盘
10:26:46,10.58,0.0,30,31740,买盘
10:26:49,10.59,0.01,54,57141,买盘
10:26:52,10.59,0.0,10,10590,买盘
10:26:55,10.59,0.0,257,272163,买盘
10:26:58,10.59,0.0,234,247756,买盘
10:27:01,10.58,-0.01,291,307923,卖盘
10:27:04,10.59,0.01,73,77307,买盘
10:27:07,10.59,0.0,200,211669,买盘
10:27:10,10.59,0.0,593,627877,买盘
10:27:13,10.59,0.0,3,3177,卖盘
10:27:16,10.6,0.01,203,215084,买盘
10:27:22,10.61,0.01,102,108222,买盘
10:27:25,10.61,0.0,65,68965,买盘
10:27:28,10.61,0.0,100,106099,买盘
10:27:31,10.61,0.0,30,31842,买盘
10:27:34,10.62,0.01,43,45666,买盘
10:27:37,10.62,0.0,158,167659,买盘
10:27:40,10.61,-0.01,188,199535,卖盘
10:27:43,10.62,0.01,183,194286,买盘
10:27:46,10.61,-0.01,355,377300,卖盘
10:27:49,10.63,0.02,67,71150,买盘
10:27:52,10.63,0.0,109,115864,买盘
10:27:55,10.63,0.0,261,277393,买盘
10:27:58,10.63,0.0,263,279515,买盘
10:28:01,10.63,0.0,90,95670,买盘
10:28:04,10.63,0.0,7,7441,卖盘
10:28:07,10.64,0.01,6,6381,买盘
10:28:10,10.64,0.0,748,795756,买盘
10:28:13,10.64,0.0,168,178745,卖盘
10:28:16,10.63,-0.01,134,142486,买盘
10:28:19,10.63,0.0,1250,1332077,买盘
10:28:22,10.64,0.01,33,35132,买盘
10:28:25,10.65,0.01,2,2130,买盘
10:28:28,10.65,0.0,37,39405,买盘
10:28:31,10.65,0.0,16,17040,卖盘
10:28:34,10.66,0.01,45,47968,买盘
10:28:37,10.67,0.01,127,135431,买盘
10:28:40,10.68,0.01,40,42704,买盘
10:28:43,10.68,0.0,30,32040,买盘
10:28:46,10.69,0.01,29,31000,买盘
10:28:49,10.69,0.0,146,156026,买盘
10:28:52,10.69,0.0,115,122935,买盘
10:28:55,10.7,0.01,75,80250,买盘
10:28:58,10.7,0.0,96,102702,买盘
10:29:01,10.71,0.01,247,264325,买盘
10:29:04,10.72,0.01,57,61074,买盘
10:29:07,10.72,0.0,296,317100,买盘
10:29:10,10.73,0.01,1135,1215716,买盘
10:29:13,10.72,-0.01,340,364440,卖盘
10:29:16,10.73,0.01,250,268161,买盘
10:29:19,10.74,0.01,399,428282,买盘
10:29:22,10.74,0.0,140,150342,买盘
10:29:25,10.75,0.01,193,207379,买盘
10:29:28,10.75,0.0,192,206373,买盘
10:29:31,10.73,-0.02,1120,1203205,卖盘
10:29:34,10.73,0.0,272,291855,卖盘
10:29:37,10.74,0.01,301,323278,买盘
10:29:40,10.75,0.01,126,135412,买盘
10:29:43,10.74,-0.01,321,344756,中性盘
10:29:46,10.73,-0.01,240,257678,卖盘
10:29:49,10.74,0.01,524,563006,买盘
10:29:52,10.74,0.0,293,314856,买盘
10:29:55,10.74,0.0,76,81624,卖盘
10:29:58,10.75,0.01,333,358020,买盘
10:30:01,10.75,0.0,66,70930,买盘
10:30:04,10.75,0.0,263,282832,卖盘
10:30:07,10.69,-0.06,1612,1730359,卖盘
10:30:10,10.68,-0.01,57,60940,卖盘
10:30:13,10.68,0.0,47,50244,卖盘
10:30:16,10.68,0.0,55,58765,卖盘
10:30:19,10.66,-0.02,281,300015,卖盘
10:30:22,10.66,0.0,146,155854,买盘
10:30:25,10.66,0.0,1,1066,买盘
10:30:28,10.67,0.01,180,191890,中性盘
10:30:31,10.68,0.01,145,154771,买盘
10:30:34,10.68,0.0,53,56610,卖盘
10:30:37,10.68,0.0,15,16020,卖盘
10:30:40,10.66,-0.02,241,257083,卖盘
10:30:43,10.67,0.01,102,108834,买盘
10:30:46,10.67,0.0,55,58670,买盘
10:30:49,10.66,-0.01,56,59696,卖盘
10:30:52,10.65,-0.01,462,492218,卖盘
10:30:55,10.63,-0.02,145,154295,卖盘
10:30:58,10.63,0.0,38,40415,卖盘
10:31:01,10.62,-0.01,108,114739,卖盘
10:31:04,10.62,0.0,93,98846,卖盘
10:31:07,10.62,0.0,118,125351,卖盘
10:31:10,10.62,0.0,57,60525,卖盘
10:31:13,10.62,0.0,14,14866,买盘
10:31:16,10.61,-0.01,55,58386,卖盘
10:31:19,10.62,0.01,15,15926,中性盘
10:31:22,10.62,0.0,322,341808,买盘
10:31:25,10.63,0.01,17,18071,买盘
10:31:28,10.62,-0.01,63,66949,卖盘
10:31:31,10.63,0.01,112,119029,买盘
10:31:34,10.64,0.01,19,20231,买盘
10:31:37,10.63,-0.01,39,41486,卖盘
10:31:40,10.63,0.0,2,2127,卖盘
10:31:43,10.63,0.0,45,47845,卖盘
10:31:46,10.63,0.0,80,85045,卖盘
10:31:49,10.63,0.0,53,56339,卖盘
10:31:52,10.62,-0.01,325,345550,卖盘
10:31:55,10.62,0.0,11,11686,卖盘
10:31:58,10.63,0.01,99,105235,买盘
10:32:01,10.63,0.0,74,78662,卖盘
10:32:04,10.63,0.0,48,50983,卖盘
10:32:07,10.62,-0.01,254,269790,卖盘
10:32:10,10.62,0.0,90,95630,卖盘
10:32:13,10.62,0.0,309,328267,卖盘
10:32:16,10.63,0.01,113,120023,买盘
10:32:19,10.62,-0.01,292,310131,卖盘
10:32:22,10.62,0.0,28,29736,卖盘
10:32:25,10.62,0.0,65,69036,卖盘
10:32:28,10.63,0.01,603,640453,买盘
10:32:31,10.61,-0.02,82,87009,卖盘
10:32:34,10.62,0.01,151,160334,买盘
10:32:37,10.61,-0.01,25,26547,卖盘
10:32:40,10.62,0.01,42,44566,买盘
10:32:43,10.62,0.0,118,125233,买盘
10:32:46,10.61,-0.01,64,67845,中性盘
10:32:49,10.61,0.0,5,5304,买盘
10:32:52,10.61,0.0,22,23342,买盘
10:32:55,10.6,-0.01,72,76405,卖盘
10:32:58,10.61,0.01,22,23336,买盘
10:33:01,10.61,0.0,47,49866,买盘
10:33:04,10.61,0.0,116,123046,卖盘
10:33:07,10.61,0.0,36,38196,买盘
10:33:10,10.61,0.0,17,18037,卖盘
10:33:13,10.61,0.0,139,147483,卖盘
10:33:16,10.61,0.0,176,186888,卖盘
10:33:19,10.62,0.01,227,241074,买盘
10:33:22,10.62,0.0,150,159300,买盘
10:33:25,10.62,0.0,47,49914,买盘
10:33:28,10.63,0.01,109,115767,买盘
10:33:31,10.63,0.0,28,29750,买盘
10:33:34,10.63,0.0,484,514486,买盘
10:33:37,10.64,0.01,20,21280,买盘
10:33:40,10.65,0.01,1,1065,买盘
10:33:43,10.65,0.0,147,156555,买盘
10:33:46,10.64,-0.01,71,75595,卖盘
10:33:49,10.65,0.01,10,10650,买盘
10:33:52,10.66,0.01,8,8526,买盘
10:33:55,10.66,0.0,26,27715,买盘
10:33:58,10.66,0.0,93,99138,买盘
10:34:01,10.66,0.0,54,57564,买盘
10:34:04,10.65,-0.01,214,227983,卖盘
10:34:07,10.66,0.01,416,443376,买盘
10:34:10,10.66,0.0,113,120458,买盘
10:34:13,10.66,0.0,17,18129,卖盘
10:34:16,10.67,0.01,76,81032,买盘
10:34:19,10.68,0.01,51,54384,买盘
10:34:22,10.68,0.0,5,5340,买盘
10:34:25,10.68,0.0,58,61944,买盘
10:34:28,10.68,0.0,17,18156,买盘
10:34:31,10.69,0.01,8,8552,买盘
10:34:37,10.7,0.01,64,68451,买盘
10:34:40,10.7,0.0,79,84528,买盘
10:34:43,10.7,0.0,247,264290,买盘
10:34:46,10.7,0.0,5,5350,卖盘
10:34:49,10.72,0.02,223,238954,买盘
10:34:52,10.73,0.01,355,380821,买盘
10:34:58,10.74,0.01,41,44035,买盘
10:35:01,10.74,0.0,373,400389,买盘
10:35:04,10.74,0.0,103,110144,买盘
10:35:07,10.75,0.01,311,334297,买盘
10:35:10,10.74,-0.01,366,393445,卖盘
10:35:13,10.76,0.02,75,80589,买盘
10:35:16,10.74,-0.02,382,410651,卖盘
10:35:19,10.74,0.0,186,199741,买盘
10:35:22,10.74,0.0,316,339301,买盘
10:35:25,10.72,-0.02,91,97613,卖盘
10:35:28,10.72,0.0,49,52529,卖盘
10:35:31,10.73,0.01,145,155551,买盘
10:35:34,10.72,-0.01,117,125385,卖盘
10:35:37,10.71,-0.01,30,32126,买盘
10:35:40,10.7,-0.01,389,416324,卖盘
10:35:43,10.7,0.0,65,69575,卖盘
10:35:46,10.7,0.0,95,101703,卖盘
10:35:49,10.7,0.0,129,138090,卖盘
10:35:52,10.7,0.0,107,114484,买盘
10:35:55,10.7,0.0,17,18190,买盘
10:35:58,10.7,0.0,226,241747,买盘
10:36:01,10.7,0.0,39,41701,买盘
10:36:04,10.69,-0.01,19,20319,卖盘
10:36:10,10.69,0.0,33,35307,卖盘
10:36:13,10.69,0.0,59,63149,卖盘
10:36:16,10.69,0.0,8,8555,卖盘
10:36:19,10.7,0.01,4,4280,买盘
10:36:22,10.69,-0.01,29,31001,卖盘
10:36:25,10.7,0.01,68,72760,买盘
10:36:28,10.7,0.0,135,144365,买盘
10:36:31,10.7,0.0,19,20330,买盘
10:36:34,10.69,-0.01,105,112247,卖盘
10:36:37,10.69,0.0,134,143287,卖盘
10:36:40,10.69,0.0,138,147607,卖盘
10:36:43,10.69,0.0,18,19242,卖盘
10:36:46,10.7,0.01,304,325203,买盘
10:36:49,10.7,0.0,82,87723,买盘
10:36:52,10.7,0.0,47,50299,卖盘
10:36:55,10.7,0.0,43,46010,买盘
10:36:58,10.7,0.0,8,8560,买盘
10:37:01,10.7,0.0,3,3210,买盘
10:37:07,10.7,0.0,25,26750,买盘
10:37:10,10.69,-0.01,169,180664,卖盘
10:37:13,10.69,0.0,95,101555,买盘
10:37:16,10.7,0.01,86,91889,买盘
10:37:19,10.69,-0.01,57,60930,买盘
10:37:22,10.69,0.0,23,24587,买盘
10:37:25,10.69,0.0,53,56657,买盘
10:37:28,10.7,0.01,194,207384,买盘
10:37:31,10.7,0.0,23,24598,买盘
10:37:37,10.7,0.0,32,34229,买盘
10:37:40,10.7,0.0,48,51360,买盘
10:37:43,10.69,-0.01,108,115490,卖盘
10:37:46,10.68,-0.01,149,159200,卖盘
10:37:49,10.68,0.0,8,8544,卖盘
10:37:52,10.68,0.0,22,23517,卖盘
10:37:55,10.68,0.0,56,59828,卖盘
10:37:58,10.68,0.0,22,23496,卖盘
10:38:01,10.69,0.01,90,96146,买盘
10:38:04,10.69,0.0,43,45934,买盘
10:38:07,10.69,0.0,24,25639,买盘
10:38:10,10.69,0.0,12,12828,买盘
10:38:16,10.68,-0.01,54,57693,卖盘
10:38:19,10.69,0.01,69,73742,买盘
10:38:22,10.68,-0.01,440,470220,卖盘
10:38:25,10.68,0.0,104,111084,卖盘
10:38:28,10.69,0.01,5,5345,买盘
10:38:31,10.69,0.0,8,8552,买盘
10:38:34,10.69,0.0,2,2137,买盘
10:38:37,10.69,0.0,12,12828,买盘
10:38:40,10.68,-0.01,40,42720,卖盘
10:38:43,10.69,0.01,143,152842,买盘
10:38:46,10.69,0.0,78,83382,卖盘
10:38:49,10.69,0.0,35,37415,卖盘
10:38:52,10.69,0.0,31,33139,卖盘
10:38:55,10.69,0.0,19,20297,买盘
10:38:58,10.69,0.0,83,88727,买盘
10:39:01,10.68,-0.01,41,43814,卖盘
10:39:04,10.67,-0.01,400,427129,卖盘
10:39:07,10.68,0.01,96,102485,买盘
10:39:10,10.67,-0.01,8,8537,卖盘
10:39:13,10.68,0.01,24,25628,买盘
10:39:16,10.67,-0.01,60,64036,卖盘
10:39:19,10.67,0.0,229,244341,卖盘
10:39:22,10.68,0.01,60,64061,买盘
10:39:25,10.67,-0.01,21,22407,卖盘
10:39:28,10.67,0.0,169,180334,卖盘
10:39:31,10.67,0.0,8,8536,卖盘
10:39:34,10.67,0.0,30,32010,卖盘
10:39:37,10.66,-0.01,29,30938,卖盘
10:39:40,10.67,0.01,231,246632,买盘
10:39:43,10.67,0.0,17,18139,卖盘
10:39:46,10.67,0.0,120,128078,卖盘
10:39:49,10.67,0.0,6,6403,卖盘
10:39:52,10.67,0.0,15,16006,卖盘
10:39:55,10.68,0.01,53,56556,买盘
10:39:58,10.67,-0.01,46,49084,卖盘
10:40:01,10.67,0.0,7,7469,卖盘
10:40:04,10.67,0.0,53,56552,卖盘
10:40:07,10.67,0.0,142,151520,卖盘
10:40:10,10.66,-0.01,78,83176,卖盘
10:40:13,10.67,0.01,71,75756,买盘
10:40:16,10.67,0.0,31,33077,买盘
10:40:19,10.67,0.0,7,7469,买盘
10:40:22,10.67,0.0,16,17082,卖盘
10:40:25,10.67,0.0,16,17072,卖盘
10:40:28,10.68,0.01,33,35244,买盘
10:40:31,10.67,-0.01,19,20273,卖盘
10:40:34,10.67,0.0,61,65088,卖盘
10:40:37,10.66,-0.01,8,8529,卖盘
10:40:40,10.67,0.01,63,67214,买盘
10:40:43,10.67,0.0,31,33107,卖盘
10:40:46,10.67,0.0,50,53350,卖盘
10:40:49,10.68,0.01,23,24551,买盘
10:40:52,10.67,-0.01,10,10670,卖盘
10:40:58,10.68,0.01,191,203906,买盘
10:41:01,10.68,0.0,61,65144,买盘
10:41:04,10.68,0.0,1,1068,卖盘
10:41:07,10.68,0.0,1,1068,卖盘
10:41:10,10.68,0.0,59,63019,卖盘
10:41:13,10.68,0.0,69,73730,卖盘
10:41:16,10.68,0.0,37,39516,买盘
10:41:19,10.67,-0.01,136,145132,卖盘
10:41:22,10.67,0.0,102,108834,卖盘
10:41:25,10.67,0.0,58,61886,卖盘
10:41:28,10.65,-0.02,2613,2785458,卖盘
10:41:31,10.64,-0.01,501,533548,卖盘
10:41:34,10.64,0.0,21,22356,卖盘
10:41:37,10.64,0.0,46,48944,卖盘
10:41:40,10.65,0.01,124,132050,买盘
10:41:43,10.65,0.0,154,164009,卖盘
10:41:46,10.65,0.0,3,3195,买盘
10:41:49,10.65,0.0,19,20235,买盘
10:41:52,10.65,0.0,9,9584,买盘
10:41:55,10.64,-0.01,13,13832,卖盘
10:41:58,10.64,0.0,17,18088,卖盘
10:42:01,10.65,0.01,141,150031,买盘
10:42:04,10.64,-0.01,32,34053,卖盘
10:42:07,10.65,0.01,29,30881,买盘
10:42:10,10.65,0.0,2,2130,买盘
10:42:13,10.64,-0.01,10,10640,卖盘
10:42:16,10.64,0.0,25,26600,卖盘
10:42:19,10.64,0.0,5,5320,买盘
10:42:22,10.64,0.0,4,4256,买盘
10:42:25,10.63,-0.01,20,21260,卖盘
10:42:28,10.64,0.01,37,39348,买盘
10:42:31,10.64,0.0,271,288211,卖盘
10:42:34,10.64,0.0,10,10640,买盘
10:42:37,10.64,0.0,55,58486,买盘
10:42:40,10.63,-0.01,47,49961,卖盘
10:42:43,10.64,0.01,10,10640,买盘
10:42:46,10.63,-0.01,20,21276,卖盘
10:42:49,10.63,0.0,17,18076,买盘
10:42:52,10.64,0.01,15,15960,买盘
10:42:55,10.63,-0.01,3,3191,卖盘
10:42:58,10.64,0.01,48,51072,买盘
10:43:01,10.64,0.0,37,39363,买盘
10:43:04,10.64,0.0,51,54264,买盘
10:43:07,10.64,0.0,8,8508,买盘
10:43:10,10.64,0.0,10,10640,买盘
10:43:13,10.64,0.0,185,196837,买盘
10:43:16,10.64,0.0,80,85120,买盘
10:43:19,10.65,0.01,13,13844,买盘
10:43:22,10.65,0.0,50,53250,买盘
10:43:25,10.65,0.0,40,42600,买盘
10:43:28,10.65,0.0,200,212849,买盘
10:43:31,10.65,0.0,3,3195,卖盘
10:43:34,10.66,0.01,4,4264,买盘
10:43:37,10.66,0.0,5,5330,买盘
10:43:40,10.66,0.0,124,132181,买盘
10:43:43,10.66,0.0,113,120458,卖盘
10:43:46,10.67,0.01,46,49081,买盘
10:43:52,10.67,0.0,90,96116,卖盘
10:43:55,10.68,0.01,15,16020,买盘
10:43:58,10.68,0.0,3,3204,买盘
10:44:01,10.68,0.0,72,76896,买盘
10:44:04,10.68,0.0,230,245601,卖盘
10:44:07,10.67,-0.01,63,67221,买盘
10:44:10,10.67,0.0,88,93896,买盘
10:44:13,10.67,0.0,20,21340,买盘
10:44:16,10.67,0.0,30,32010,买盘
10:44:19,10.67,0.0,41,43747,买盘
10:44:22,10.68,0.01,5,5339,买盘
10:44:25,10.67,-0.01,12,12804,卖盘
10:44:28,10.68,0.01,9,9607,买盘
10:44:31,10.68,0.0,12,12816,买盘
10:44:34,10.67,-0.01,165,176058,卖盘
10:44:37,10.67,0.0,189,201667,卖盘
10:44:40,10.68,0.01,207,220997,买盘
10:44:43,10.67,-0.01,67,71514,卖盘
10:44:46,10.68,0.01,106,113163,买盘
10:44:49,10.68,0.0,85,90780,买盘
10:44:52,10.68,0.0,97,103596,卖盘
10:44:55,10.68,0.0,10,10680,买盘
10:44:58,10.68,0.0,19,20292,买盘
10:45:01,10.68,0.0,22,23496,买盘
10:45:04,10.68,0.0,2,2136,买盘
10:45:07,10.68,0.0,25,26700,买盘
10:45:10,10.68,0.0,5,5340,买盘
10:45:13,10.68,0.0,5,5340,买盘
10:45:16,10.68,0.0,43,45922,买盘
10:45:19,10.68,0.0,15,16020,买盘
10:45:22,10.68,0.0,116,123788,买盘
10:45:25,10.67,-0.01,132,140895,卖盘
10:45:28,10.67,0.0,44,46949,卖盘
10:45:34,10.68,0.01,11,11748,买盘
10:45:40,10.68,0.0,27,28811,买盘
10:45:43,10.68,0.0,116,123866,买盘
10:45:46,10.67,-0.01,16,17084,卖盘
10:45:52,10.67,0.0,116,123800,卖盘
10:45:55,10.67,0.0,12,12804,买盘
10:45:58,10.67,0.0,161,171787,买盘
10:46:01,10.67,0.0,66,70422,买盘
10:46:04,10.67,0.0,59,62953,买盘
10:46:07,10.67,0.0,10,10670,买盘
10:46:10,10.67,0.0,79,84259,买盘
10:46:13,10.67,0.0,28,29876,买盘
10:46:16,10.66,-0.01,284,302782,卖盘
10:46:19,10.67,0.01,7,7469,买盘
10:46:22,10.67,0.0,69,73575,买盘
10:46:25,10.67,0.0,15,16005,买盘
10:46:28,10.66,-0.01,3,3198,卖盘
10:46:31,10.66,0.0,84,89575,卖盘
10:46:34,10.66,0.0,26,27721,卖盘
10:46:37,10.67,0.01,36,38382,买盘
10:46:40,10.66,-0.01,12,12802,卖盘
10:46:46,10.66,0.0,16,17056,买盘
10:46:49,10.67,0.01,5,5335,买盘
10:46:52,10.66,-0.01,1,1066,卖盘
10:46:55,10.67,0.01,2,2134,买盘
10:46:58,10.66,-0.01,24,25593,卖盘
10:47:01,10.66,0.0,2,2132,买盘
10:47:04,10.66,0.0,180,191880,买盘
10:47:07,10.66,0.0,12,12785,买盘
10:47:10,10.66,0.0,66,70318,买盘
10:47:13,10.66,0.0,10,10660,卖盘
10:47:16,10.66,0.0,165,175754,买盘
10:47:22,10.65,-0.01,27,28775,卖盘
10:47:25,10.66,0.01,59,62894,买盘
10:47:28,10.65,-0.01,7,7455,卖盘
10:47:31,10.66,0.01,17,18122,买盘
10:47:34,10.66,0.0,15,15985,买盘
10:47:37,10.66,0.0,3,3196,买盘
10:47:40,10.66,0.0,123,131118,买盘
10:47:43,10.66,0.0,263,280097,买盘
10:47:46,10.65,-0.01,72,76730,卖盘
10:47:52,10.66,0.01,10,10660,买盘
10:47:55,10.66,0.0,14,14924,买盘
10:48:01,10.65,-0.01,37,39424,卖盘
10:48:04,10.66,0.01,16,17056,买盘
10:48:13,10.65,-0.01,8,8520,卖盘
10:48:16,10.66,0.01,3,3198,买盘
10:48:19,10.66,0.0,23,24518,买盘
10:48:22,10.65,-0.01,26,27690,卖盘
10:48:28,10.66,0.01,85,90531,买盘
10:48:31,10.65,-0.01,138,147010,卖盘
10:48:34,10.65,0.0,13,13845,卖盘
10:48:37,10.66,0.01,41,43666,买盘
10:48:40,10.66,0.0,27,28756,买盘
10:48:43,10.65,-0.01,68,72420,卖盘
10:48:46,10.65,0.0,42,44742,卖盘
10:48:49,10.65,0.0,7,7455,卖盘
10:48:52,10.64,-0.01,131,139466,卖盘
10:48:55,10.65,0.01,67,71328,买盘
10:49:04,10.65,0.0,1,1065,卖盘
10:49:07,10.65,0.0,62,66030,卖盘
10:49:10,10.65,0.0,23,24495,卖盘
10:49:13,10.64,-0.01,89,94702,卖盘
10:49:16,10.64,0.0,19,20218,卖盘
10:49:25,10.65,0.01,2,2130,买盘
10:49:28,10.65,0.0,19,20226,买盘
10:49:31,10.64,-0.01,11,11714,卖盘
10:49:34,10.65,0.01,9,9582,买盘
10:49:37,10.65,0.0,10,10645,买盘
10:49:40,10.65,0.0,1,1065,卖盘
10:49:43,10.66,0.01,4,4264,买盘
10:49:52,10.65,-0.01,11,11715,卖盘
10:49:55,10.66,0.01,12,12792,买盘
10:50:01,10.65,-0.01,16,17040,卖盘
10:50:04,10.66,0.01,30,31980,买盘
10:50:10,10.65,-0.01,65,69225,卖盘
10:50:13,10.65,0.0,137,145910,卖盘
10:50:19,10.65,0.0,46,48980,买盘
10:50:22,10.64,-0.01,12,12768,卖盘
10:50:25,10.65,0.01,11,11715,买盘
10:50:28,10.65,0.0,145,154365,买盘
10:50:37,10.65,0.0,65,69225,买盘
10:50:40,10.64,-0.01,109,115976,卖盘
10:50:43,10.65,0.01,71,75494,买盘
10:50:46,10.63,-0.02,25,26575,卖盘
10:50:49,10.65,0.02,245,260918,买盘
10:50:58,10.65,0.0,16,17040,买盘
10:51:01,10.65,0.0,45,47925,买盘
10:51:04,10.65,0.0,11,11715,卖盘
10:51:07,10.65,0.0,50,53250,卖盘
10:51:10,10.65,0.0,57,60755,卖盘
10:51:13,10.65,0.0,10,10650,卖盘
10:51:19,10.66,0.01,70,74580,买盘
10:51:25,10.66,0.0,8,8527,买盘
10:51:28,10.66,0.0,28,29848,买盘
10:51:31,10.65,-0.01,65,69225,卖盘
10:51:34,10.65,0.0,1,1065,卖盘
10:51:37,10.66,0.01,9,9594,买盘
10:51:46,10.66,0.0,32,34112,买盘
10:51:49,10.65,-0.01,4,4263,卖盘
10:51:58,10.66,0.01,2,2132,买盘
10:52:01,10.65,-0.01,7,7457,卖盘
10:52:07,10.66,0.01,4,4264,买盘
10:52:10,10.65,-0.01,11,11721,卖盘
10:52:13,10.65,0.0,58,61770,卖盘
10:52:16,10.66,0.01,34,36244,买盘
10:52:19,10.66,0.0,48,51130,买盘
10:52:22,10.66,0.0,1,1066,买盘
10:52:25,10.65,-0.01,54,57510,卖盘
10:52:28,10.66,0.01,18,19188,买盘
10:52:31,10.66,0.0,16,17041,买盘
10:52:34,10.66,0.0,9,9594,买盘
10:52:37,10.66,0.0,7,7462,买盘
10:52:43,10.65,-0.01,77,82034,卖盘
10:52:46,10.66,0.01,3,3198,买盘
10:52:49,10.65,-0.01,4,4260,卖盘
10:52:52,10.66,0.01,1,1066,买盘
10:52:55,10.66,0.0,69,73504,买盘
10:53:04,10.66,0.0,20,21320,买盘
10:53:07,10.61,-0.05,1193,1268140,卖盘
10:53:10,10.61,0.0,16,16976,买盘
10:53:16,10.6,-0.01,129,136824,卖盘
10:53:19,10.61,0.01,93,98673,买盘
10:53:22,10.61,0.0,37,39257,买盘
10:53:25,10.6,-0.01,610,646600,卖盘
10:53:28,10.61,0.01,598,633581,买盘
10:53:31,10.59,-0.02,91,96370,卖盘
10:53:34,10.59,0.0,50,52950,买盘
10:53:37,10.59,0.0,45,47622,买盘
10:53:40,10.58,-0.01,5,5290,卖盘
10:53:43,10.58,0.0,101,106858,卖盘
10:53:52,10.58,0.0,63,66641,买盘
10:53:55,10.57,-0.01,15,15855,卖盘
10:53:58,10.58,0.01,37,39146,买盘
10:54:01,10.58,0.0,27,28546,买盘
10:54:04,10.57,-0.01,10,10570,卖盘
10:54:07,10.58,0.01,20,21144,买盘
10:54:10,10.57,-0.01,23,24312,卖盘
10:54:13,10.58,0.01,112,118474,买盘
10:54:16,10.58,0.0,201,212097,买盘
10:54:19,10.58,0.0,4,4232,卖盘
10:54:22,10.58,0.0,49,51902,卖盘
10:54:25,10.58,0.0,10,10580,卖盘
10:54:28,10.58,0.0,157,166206,卖盘
10:54:37,10.6,0.02,2,2120,卖盘
10:54:40,10.6,0.0,20,21205,卖盘
10:54:43,10.6,0.0,6,6364,卖盘
10:54:46,10.61,0.01,1,1061,买盘
10:54:49,10.61,0.0,2,2122,买盘
10:54:52,10.61,0.0,12,12732,买盘
10:54:55,10.6,-0.01,20,21210,卖盘
10:54:58,10.61,0.01,26,27586,中性盘
10:55:01,10.62,0.01,5,5310,买盘
10:55:07,10.62,0.0,285,302669,买盘
10:55:10,10.62,0.0,15,15930,买盘
10:55:13,10.62,0.0,19,20178,买盘
10:55:16,10.62,0.0,51,54162,买盘
10:55:19,10.62,0.0,149,158248,卖盘
10:55:25,10.63,0.01,57,60591,买盘
10:55:28,10.63,0.0,23,24439,买盘
10:55:31,10.63,0.0,166,176458,买盘
10:55:43,10.65,0.02,34,36208,买盘
10:55:46,10.66,0.01,106,113190,买盘
10:55:49,10.66,0.0,81,86079,卖盘
10:55:52,10.64,-0.02,47,50040,卖盘
10:55:55,10.63,-0.01,71,75473,卖盘
10:55:58,10.63,0.0,10,10630,买盘
10:56:01,10.62,-0.01,15,15943,卖盘
10:56:04,10.63,0.01,15,15945,买盘
10:56:07,10.63,0.0,3,3189,卖盘
10:56:10,10.64,0.01,3,3192,买盘
10:56:13,10.64,0.0,18,19152,买盘
10:56:16,10.64,0.0,49,52107,买盘
10:56:19,10.64,0.0,6,6379,买盘
10:56:22,10.64,0.0,25,26599,卖盘
10:56:25,10.64,0.0,64,68096,买盘
10:56:28,10.63,-0.01,35,37205,卖盘
10:56:31,10.64,0.01,94,99951,买盘
10:56:37,10.64,0.0,2,2128,卖盘
10:56:40,10.64,0.0,26,27680,卖盘
10:56:43,10.65,0.01,75,79828,买盘
10:56:49,10.64,-0.01,40,42560,卖盘
10:56:52,10.63,-0.01,2,2126,卖盘
10:56:55,10.64,0.01,31,32984,买盘
10:56:58,10.64,0.0,9,9568,买盘
10:57:01,10.64,0.0,2,2128,卖盘
10:57:07,10.64,0.0,48,51111,卖盘
10:57:10,10.64,0.0,16,17023,买盘
10:57:16,10.63,-0.01,112,119056,卖盘
10:57:19,10.63,0.0,164,174332,卖盘
10:57:22,10.63,0.0,2,2126,买盘
10:57:25,10.63,0.0,8,8504,卖盘
10:57:28,10.63,0.0,4,4252,买盘
10:57:34,10.62,-0.01,113,120086,卖盘
10:57:37,10.62,0.0,4,4248,卖盘
10:57:43,10.63,0.01,12,12756,买盘
10:57:46,10.63,0.0,20,21260,买盘
10:57:52,10.63,0.0,27,28701,买盘
10:57:55,10.63,0.0,2,2126,买盘
10:57:58,10.62,-0.01,8,8502,卖盘
10:58:01,10.63,0.01,6,6378,买盘
10:58:04,10.63,0.0,1,1063,买盘
10:58:07,10.63,0.0,1,1063,买盘
10:58:13,10.62,-0.01,32,33986,卖盘
10:58:16,10.62,0.0,2,2124,卖盘
10:58:22,10.63,0.01,181,192403,买盘
10:58:28,10.63,0.0,8,8504,买盘
10:58:34,10.62,-0.01,48,51001,卖盘
10:58:37,10.62,0.0,29,30813,卖盘
10:58:40,10.63,0.01,11,11693,买盘
10:58:46,10.63,0.0,5,5315,买盘
10:58:49,10.63,0.0,21,22323,买盘
10:58:52,10.63,0.0,30,31890,买盘
10:58:55,10.63,0.0,50,53150,买盘
10:58:58,10.63,0.0,5,5315,买盘
10:59:01,10.62,-0.01,12,12752,卖盘
10:59:04,10.63,0.01,51,54213,买盘
10:59:10,10.63,0.0,62,65906,买盘
10:59:16,10.63,0.0,55,58465,买盘
10:59:19,10.62,-0.01,420,446060,卖盘
10:59:22,10.62,0.0,3,3186,卖盘
10:59:25,10.62,0.0,49,52063,卖盘
10:59:28,10.62,0.0,1,1062,卖盘
10:59:31,10.63,0.01,10,10630,买盘
10:59:34,10.63,0.0,50,53150,买盘
10:59:37,10.63,0.0,52,55276,买盘
10:59:40,10.62,-0.01,10,10620,卖盘
10:59:43,10.63,0.01,23,24446,买盘
10:59:46,10.63,0.0,5,5315,买盘
10:59:49,10.62,-0.01,1,1062,卖盘
10:59:52,10.63,0.01,132,140208,买盘
10:59:55,10.63,0.0,7,7441,买盘
10:59:58,10.63,0.0,8,8504,买盘
11:00:01,10.63,0.0,74,78662,买盘
11:00:04,10.63,0.0,91,96733,买盘
11:00:07,10.63,0.0,24,25512,买盘
11:00:10,10.63,0.0,76,80788,卖盘
11:00:13,10.64,0.01,20,21280,买盘
11:00:19,10.64,0.0,3,3192,买盘
11:00:22,10.64,0.0,129,137256,买盘
11:00:28,10.64,0.0,33,35143,卖盘
11:00:34,10.65,0.01,194,206600,买盘
11:00:37,10.65,0.0,20,21300,买盘
11:00:40,10.65,0.0,91,96915,买盘
11:00:43,10.66,0.01,22,23452,买盘
11:00:49,10.66,0.0,15,15990,买盘
11:00:52,10.66,0.0,60,63960,买盘
11:00:58,10.67,0.01,52,55484,买盘
11:01:04,10.66,-0.01,94,100220,卖盘
11:01:07,10.68,0.02,173,184712,买盘
11:01:10,10.68,0.0,1,1068,买盘
11:01:13,10.68,0.0,1,1068,买盘
11:01:16,10.68,0.0,19,20292,买盘
11:01:19,10.68,0.0,6,6408,卖盘
11:01:22,10.67,-0.01,23,24568,卖盘
11:01:25,10.67,0.0,5,5335,买盘
11:01:28,10.68,0.01,22,23492,买盘
11:01:31,10.67,-0.01,6,6402,买盘
11:01:34,10.67,0.0,42,44793,买盘
11:01:37,10.69,0.02,100,106839,买盘
11:01:43,10.68,-0.01,20,21350,中性盘
11:01:46,10.67,-0.01,231,246826,卖盘
11:01:49,10.69,0.02,4,4276,买盘
11:01:52,10.68,-0.01,14,14952,中性盘
11:01:55,10.69,0.01,30,32068,买盘
11:01:58,10.68,-0.01,15,16020,卖盘
11:02:04,10.69,0.01,55,58795,买盘
11:02:07,10.68,-0.01,32,34207,卖盘
11:02:10,10.69,0.01,13,13888,买盘
11:02:13,10.69,0.0,15,16035,买盘
11:02:16,10.69,0.0,19,20311,买盘
11:02:19,10.69,0.0,84,89796,买盘
11:02:22,10.69,0.0,16,17104,买盘
11:02:25,10.69,0.0,44,47036,买盘
11:02:28,10.69,0.0,136,145384,买盘
11:02:31,10.69,0.0,5,5345,卖盘
11:02:34,10.7,0.01,108,115560,买盘
11:02:37,10.7,0.0,18,19260,买盘
11:02:40,10.7,0.0,21,22470,买盘
11:02:43,10.7,0.0,731,782129,买盘
11:02:46,10.69,-0.01,98,104818,卖盘
11:02:49,10.7,0.01,42,44934,买盘
11:02:52,10.7,0.0,72,77040,买盘
11:02:55,10.7,0.0,187,200066,买盘
11:02:58,10.7,0.0,16,17115,买盘
11:03:01,10.7,0.0,374,400154,买盘
11:03:04,10.7,0.0,103,110159,买盘
11:03:07,10.7,0.0,325,347728,买盘
11:03:10,10.7,0.0,113,120910,买盘
11:03:13,10.7,0.0,159,170125,买盘
11:03:16,10.7,0.0,51,54570,买盘
11:03:22,10.7,0.0,10,10700,卖盘
11:03:25,10.71,0.01,15,16065,买盘
11:03:28,10.72,0.01,104,111477,买盘
11:03:31,10.73,0.01,34,36477,买盘
11:03:37,10.73,0.0,74,79402,买盘
11:03:40,10.73,0.0,12,12876,买盘
11:03:43,10.73,0.0,18,19314,卖盘
11:03:46,10.72,-0.01,127,136243,卖盘
11:03:49,10.73,0.01,336,360619,买盘
11:03:52,10.72,-0.01,31,33223,买盘
11:03:55,10.72,0.0,93,99632,中性盘
11:03:58,10.72,0.0,90,96480,卖盘
11:04:01,10.72,0.0,46,49301,卖盘
11:04:04,10.7,-0.02,38,40704,卖盘
11:04:07,10.7,0.0,1,1070,卖盘
11:04:10,10.72,0.02,77,82466,买盘
11:04:16,10.72,0.0,3,3214,买盘
11:04:19,10.71,-0.01,10,10713,卖盘
11:04:22,10.72,0.01,11,11791,买盘
11:04:25,10.71,-0.01,31,33201,卖盘
11:04:28,10.71,0.0,4,4284,买盘
11:04:31,10.71,0.0,3,3213,买盘
11:04:34,10.72,0.01,16,17147,买盘
11:04:37,10.7,-0.02,196,209818,卖盘
11:04:40,10.7,0.0,28,29977,卖盘
11:04:43,10.71,0.01,10,10710,买盘
11:04:46,10.71,0.0,99,106029,买盘
11:04:49,10.69,-0.02,27,28889,卖盘
11:04:52,10.71,0.02,59,63153,买盘
11:04:55,10.69,-0.02,13,13901,卖盘
11:04:58,10.69,0.0,16,17104,卖盘
11:05:04,10.7,0.01,37,39566,买盘
11:05:07,10.69,-0.01,24,25688,卖盘
11:05:10,10.69,0.0,6,6414,卖盘
11:05:13,10.69,0.0,9,9621,卖盘
11:05:16,10.7,0.01,4,4277,买盘
11:05:19,10.7,0.0,31,33170,买盘
11:05:22,10.7,0.0,10,10700,买盘
11:05:25,10.7,0.0,9,9626,买盘
11:05:31,10.7,0.0,69,73777,买盘
11:05:34,10.7,0.0,28,29938,买盘
11:05:37,10.69,-0.01,163,174245,卖盘
11:05:40,10.68,-0.01,33,35244,卖盘
11:05:43,10.69,0.01,69,73741,买盘
11:05:46,10.68,-0.01,1,1068,卖盘
11:05:49,10.68,0.0,56,59808,卖盘
11:05:52,10.68,0.0,93,99331,卖盘
11:05:55,10.68,0.0,18,19224,卖盘
11:05:58,10.68,0.0,29,30992,卖盘
11:06:01,10.69,0.01,51,54469,买盘
11:06:04,10.68,-0.01,1,1068,卖盘
11:06:07,10.69,0.01,7,7478,买盘
11:06:10,10.68,-0.01,2,2136,卖盘
11:06:13,10.68,0.0,582,622076,卖盘
11:06:16,10.69,0.01,29,31001,买盘
11:06:22,10.69,0.0,79,84395,买盘
11:06:31,10.68,-0.01,39,41652,卖盘
11:06:43,10.68,0.0,1,1068,卖盘
11:06:46,10.69,0.01,4,4274,买盘
11:06:49,10.68,-0.01,5,5340,卖盘
11:06:52,10.68,0.0,87,92977,卖盘
11:06:55,10.68,0.0,84,89712,卖盘
11:06:58,10.68,0.0,2,2136,买盘
11:07:01,10.68,0.0,5,5340,买盘
11:07:04,10.69,0.01,16,17100,买盘
11:07:13,10.68,-0.01,8,8544,买盘
11:07:16,10.67,-0.01,2,2135,卖盘
11:07:22,10.69,0.02,3,3207,买盘
11:07:25,10.68,-0.01,1,1068,卖盘
11:07:28,10.69,0.01,17,18168,买盘
11:07:31,10.68,-0.01,2,2136,卖盘
11:07:34,10.69,0.01,52,55586,买盘
11:07:37,10.69,0.0,15,16024,买盘
11:07:43,10.68,-0.01,16,17088,卖盘
11:07:49,10.69,0.01,10,10685,买盘
11:07:55,10.68,-0.01,56,59808,卖盘
11:08:07,10.68,0.0,14,14962,卖盘
11:08:10,10.68,0.0,10,10680,卖盘
11:08:19,10.69,0.01,11,11759,买盘
11:08:22,10.68,-0.01,10,10680,卖盘
11:08:25,10.69,0.01,2,2138,买盘
11:08:31,10.69,0.0,31,33139,买盘
11:08:34,10.68,-0.01,5,5344,卖盘
11:08:46,10.69,0.01,5,5345,买盘
11:08:52,10.68,-0.01,24,25636,卖盘
11:08:55,10.69,0.01,20,21380,买盘
11:08:58,10.69,0.0,3,3207,买盘
11:09:01,10.69,0.0,25,26720,买盘
11:09:04,10.69,0.0,6,6413,买盘
11:09:16,10.69,0.0,58,61995,买盘
11:09:25,10.69,0.0,6,6414,买盘
11:09:31,10.69,0.0,40,42760,买盘
11:09:34,10.68,-0.01,5,5340,卖盘
11:09:37,10.69,0.01,2,2138,买盘
11:09:43,10.69,0.0,11,11759,买盘
11:09:46,10.69,0.0,8,8552,买盘
11:09:49,10.69,0.0,11,11759,买盘
11:09:52,10.69,0.0,42,44898,买盘
11:09:55,10.69,0.0,123,131481,买盘
11:09:58,10.69,0.0,39,41691,买盘
11:10:01,10.69,0.0,21,22449,买盘
11:10:04,10.69,0.0,3,3207,买盘
11:10:07,10.69,0.0,20,21380,买盘
11:10:10,10.69,0.0,144,153927,买盘
11:10:13,10.69,0.0,20,21380,买盘
11:10:16,10.68,-0.01,8,8549,卖盘
11:10:19,10.69,0.01,2,2138,买盘
11:10:22,10.69,0.0,21,22449,买盘
11:10:25,10.69,0.0,6,6414,买盘
11:10:28,10.68,-0.01,137,146384,卖盘
11:10:34,10.69,0.01,3,3207,买盘
11:10:43,10.68,-0.01,7,7476,卖盘
11:10:46,10.68,0.0,17,18156,卖盘
11:10:49,10.68,0.0,13,13887,卖盘
11:10:52,10.68,0.0,22,23496,卖盘
11:10:55,10.68,0.0,5,5340,卖盘
11:10:58,10.69,0.01,14,14966,买盘
11:11:01,10.68,-0.01,230,245640,卖盘
11:11:10,10.67,-0.01,791,844750,卖盘
11:11:13,10.67,0.0,203,216601,卖盘
11:11:16,10.67,0.0,46,49082,卖盘
11:11:19,10.67,0.0,12,12804,卖盘
11:11:22,10.67,0.0,130,138809,卖盘
11:11:25,10.67,0.0,2,2134,卖盘
11:11:28,10.67,0.0,37,39479,卖盘
11:11:31,10.66,-0.01,24,25584,卖盘
11:11:34,10.66,0.0,13,13863,卖盘
11:11:37,10.66,0.0,1,1066,卖盘
11:11:40,10.66,0.0,34,36264,卖盘
11:11:43,10.66,0.0,10,10660,卖盘
11:11:46,10.66,0.0,21,22395,卖盘
11:11:49,10.66,0.0,2,2132,卖盘
11:11:52,10.66,0.0,25,26673,卖盘
11:11:58,10.66,0.0,9,9594,卖盘
11:12:07,10.67,0.01,103,109901,买盘
11:12:10,10.67,0.0,3,3201,买盘
11:12:13,10.67,0.0,7,7469,买盘
11:12:16,10.66,-0.01,45,47970,卖盘
11:12:22,10.66,0.0,1,1066,卖盘
11:12:25,10.67,0.01,6,6401,买盘
11:12:28,10.67,0.0,2,2134,买盘
11:12:31,10.67,0.0,5,5335,买盘
11:12:34,10.67,0.0,26,27742,买盘
11:12:37,10.67,0.0,1,1067,买盘
11:12:40,10.67,0.0,15,15995,买盘
11:12:43,10.67,0.0,6,6402,买盘
11:12:52,10.67,0.0,44,46948,买盘
11:12:55,10.67,0.0,47,50149,买盘
11:12:58,10.66,-0.01,2,2132,卖盘
11:13:07,10.66,0.0,27,28782,卖盘
11:13:10,10.67,0.01,8,8536,买盘
11:13:13,10.67,0.0,10,10670,买盘
11:13:16,10.67,0.0,41,43746,买盘
11:13:19,10.67,0.0,100,106700,买盘
11:13:22,10.67,0.0,7,7469,买盘
11:13:25,10.67,0.0,11,11737,买盘
11:13:34,10.67,0.0,5,5335,买盘
11:13:37,10.67,0.0,3,3201,买盘
11:13:40,10.67,0.0,140,149380,买盘
11:13:43,10.68,0.01,53,56604,买盘
11:13:46,10.68,0.0,5,5340,买盘
11:13:49,10.68,0.0,3,3203,买盘
11:13:52,10.68,0.0,1,1068,买盘
11:13:55,10.68,0.0,23,24564,买盘
11:13:58,10.68,0.0,24,25632,买盘
11:14:01,10.68,0.0,10,10678,卖盘
11:14:04,10.67,-0.01,21,22413,卖盘
11:14:07,10.67,0.0,7,7472,卖盘
11:14:13,10.68,0.01,5,5340,买盘
11:14:16,10.69,0.01,266,284351,买盘
11:14:19,10.69,0.0,8,8552,卖盘
11:14:25,10.7,0.01,18,19260,买盘
11:14:28,10.69,-0.01,2,2138,卖盘
11:14:31,10.7,0.01,51,54558,买盘
11:14:34,10.7,0.0,45,48150,买盘
11:14:37,10.7,0.0,25,26750,买盘
11:14:40,10.7,0.0,48,51360,买盘
11:14:43,10.7,0.0,12,12840,买盘
11:14:46,10.69,-0.01,59,63071,卖盘
11:14:52,10.7,0.01,34,36380,买盘
11:14:58,10.7,0.0,7,7485,买盘
11:15:01,10.69,-0.01,28,29942,卖盘
11:15:04,10.69,0.0,104,111206,卖盘
11:15:07,10.69,0.0,2,2138,买盘
11:15:10,10.69,0.0,7,7483,买盘
11:15:13,10.69,0.0,2,2138,买盘
11:15:16,10.69,0.0,8,8551,买盘
11:15:22,10.69,0.0,18,19232,买盘
11:15:28,10.68,-0.01,7,7476,卖盘
11:15:31,10.69,0.01,11,11759,买盘
11:15:37,10.69,0.0,10,10690,买盘
11:15:40,10.69,0.0,39,41691,买盘
11:15:46,10.69,0.0,2,2138,买盘
11:15:49,10.69,0.0,26,27793,买盘
11:15:52,10.69,0.0,1,1069,买盘
11:15:58,10.69,0.0,55,58795,买盘
11:16:01,10.69,0.0,20,21380,买盘
11:16:04,10.69,0.0,12,12826,买盘
11:16:07,10.69,0.0,25,26725,买盘
11:16:10,10.69,0.0,13,13897,买盘
11:16:13,10.69,0.0,102,109036,买盘
11:16:16,10.68,-0.01,1,1068,卖盘
11:16:19,10.68,0.0,124,132546,卖盘
11:16:22,10.69,0.01,10,10690,买盘
11:16:25,10.69,0.0,24,25655,买盘
11:16:28,10.69,0.0,10,10690,买盘
11:16:40,10.69,0.0,17,18173,买盘
11:16:43,10.69,0.0,2,2138,卖盘
11:16:46,10.69,0.0,2,2138,卖盘
11:16:49,10.69,0.0,31,33139,卖盘
11:16:52,10.7,0.01,30,32100,买盘
11:16:55,10.7,0.0,112,119840,买盘
11:16:58,10.7,0.0,50,53500,买盘
11:17:01,10.7,0.0,226,241820,买盘
11:17:07,10.7,0.0,1,1070,卖盘
11:17:16,10.71,0.01,10,10710,买盘
11:17:22,10.71,0.0,92,98532,买盘
11:17:25,10.71,0.0,10,10710,买盘
11:17:28,10.71,0.0,33,35343,买盘
11:17:31,10.71,0.0,34,36414,买盘
11:17:34,10.72,0.01,8,8569,买盘
11:17:40,10.72,0.0,10,10720,买盘
11:17:43,10.71,-0.01,4,4285,卖盘
11:17:46,10.72,0.01,4,4288,买盘
11:17:49,10.71,-0.01,190,203606,卖盘
11:17:52,10.72,0.01,33,35371,买盘
11:17:55,10.71,-0.01,18,19278,卖盘
11:17:58,10.71,0.0,9,9639,买盘
11:18:01,10.72,0.01,172,184380,买盘
11:18:04,10.7,-0.02,11,11770,卖盘
11:18:07,10.7,0.0,40,42827,卖盘
11:18:10,10.7,0.0,35,37450,卖盘
11:18:13,10.7,0.0,167,178690,卖盘
11:18:16,10.7,0.0,59,63126,买盘
11:18:19,10.7,0.0,18,19258,买盘
11:18:28,10.69,-0.01,10,10695,卖盘
11:18:37,10.7,0.01,7,7490,买盘
11:18:40,10.7,0.0,5,5350,卖盘
11:18:43,10.7,0.0,10,10704,卖盘
11:18:46,10.7,0.0,55,58850,卖盘
11:18:49,10.71,0.01,130,139200,买盘
11:18:52,10.7,-0.01,7,7492,卖盘
11:18:55,10.71,0.01,10,10710,买盘
11:18:58,10.7,-0.01,10,10700,卖盘
11:19:10,10.71,0.01,9,9639,买盘
11:19:16,10.71,0.0,3,3213,买盘
11:19:22,10.71,0.0,1,1071,买盘
11:19:43,10.7,-0.01,17,18198,卖盘
11:19:46,10.7,0.0,24,25690,卖盘
11:19:49,10.69,-0.01,310,331691,卖盘
11:19:52,10.69,0.0,79,84455,卖盘
11:19:55,10.7,0.01,10,10700,买盘
11:19:58,10.7,0.0,27,28889,买盘
11:20:01,10.7,0.0,1,1070,卖盘
11:20:04,10.7,0.0,21,22490,卖盘
11:20:07,10.7,0.0,18,19263,卖盘
11:20:10,10.71,0.01,30,32130,买盘
11:20:13,10.7,-0.01,7,7490,卖盘
11:20:19,10.7,0.0,16,17120,卖盘
11:20:22,10.7,0.0,5,5350,卖盘
11:20:25,10.7,0.0,6,6420,卖盘
11:20:28,10.7,0.0,3,3210,卖盘
11:20:31,10.71,0.01,51,54620,买盘
11:20:34,10.71,0.0,16,17130,买盘
11:20:37,10.71,0.0,3,3213,买盘
11:20:40,10.71,0.0,8,8562,买盘
11:20:43,10.71,0.0,49,52479,买盘
11:20:46,10.71,0.0,1,1071,买盘
11:20:49,10.7,-0.01,6,6420,卖盘
11:20:55,10.71,0.01,1,1071,买盘
11:21:01,10.7,-0.01,1,1070,卖盘
11:21:04,10.71,0.01,10,10707,买盘
11:21:07,10.71,0.0,8,8561,买盘
11:21:10,10.71,0.0,6,6426,买盘
11:21:16,10.7,-0.01,13,13920,卖盘
11:21:19,10.71,0.01,19,20345,买盘
11:21:28,10.71,0.0,9,9639,买盘
11:21:31,10.7,-0.01,21,22481,卖盘
11:21:34,10.71,0.01,30,32130,买盘
11:21:37,10.71,0.0,5,5355,买盘
11:21:40,10.7,-0.01,92,98440,卖盘
11:21:43,10.69,-0.01,423,452572,卖盘
11:21:46,10.71,0.02,33,35315,买盘
11:21:49,10.69,-0.02,5,5347,卖盘
11:21:58,10.7,0.01,3,3211,中性盘
11:22:01,10.7,0.0,16,17120,卖盘
11:22:04,10.7,0.0,55,58850,买盘
11:22:07,10.7,0.0,3,3210,卖盘
11:22:10,10.7,0.0,10,10700,卖盘
11:22:13,10.71,0.01,3,3213,买盘
11:22:16,10.7,-0.01,136,145651,卖盘
11:22:19,10.7,0.0,40,42800,卖盘
11:22:22,10.7,0.0,110,117693,卖盘
11:22:25,10.7,0.0,26,27820,买盘
11:22:31,10.7,0.0,2,2140,买盘
11:22:34,10.7,0.0,17,18190,买盘
11:22:43,10.7,0.0,2,2140,买盘
11:22:46,10.7,0.0,10,10700,中性盘
11:22:52,10.7,0.0,20,21402,卖盘
11:22:55,10.69,-0.01,3,3207,卖盘
11:22:58,10.7,0.01,7,7490,买盘
11:23:04,10.7,0.0,4,4280,买盘
11:23:07,10.69,-0.01,54,57796,卖盘
11:23:13,10.69,0.0,4,4276,卖盘
11:23:19,10.69,0.0,6,6414,卖盘
11:23:25,10.69,0.0,2,2138,卖盘
11:23:31,10.69,0.0,13,13909,卖盘
11:23:34,10.7,0.01,66,70614,买盘
11:23:37,10.7,0.0,4,4280,买盘
11:23:43,10.7,0.0,1,1070,买盘
11:23:46,10.7,0.0,20,21400,买盘
11:23:49,10.7,0.0,3,3210,买盘
11:23:52,10.7,0.0,20,21381,买盘
11:23:55,10.68,-0.02,488,521670,卖盘
11:23:58,10.68,0.0,39,41652,卖盘
11:24:04,10.68,0.0,9,9612,卖盘
11:24:07,10.68,0.0,6,6408,卖盘
11:24:13,10.68,0.0,17,18156,卖盘
11:24:16,10.69,0.01,83,88652,中性盘
11:24:19,10.68,-0.01,6,6408,卖盘
11:24:22,10.68,0.0,246,262728,卖盘
11:24:25,10.67,-0.01,6,6407,卖盘
11:24:31,10.67,0.0,6,6402,卖盘
11:24:37,10.67,0.0,6,6402,卖盘
11:24:40,10.67,0.0,12,12804,卖盘
11:24:43,10.67,0.0,17,18139,卖盘
11:24:46,10.68,0.01,19,20292,买盘
11:24:49,10.67,-0.01,1,1067,卖盘
11:24:55,10.67,0.0,25,26695,卖盘
11:24:58,10.67,0.0,51,54465,卖盘
11:25:04,10.68,0.01,1,1068,买盘
11:25:10,10.67,-0.01,7,7469,卖盘
11:25:13,10.67,0.0,1,1067,卖盘
11:25:16,10.67,0.0,60,64030,卖盘
11:25:19,10.67,0.0,34,36278,卖盘
11:25:22,10.66,-0.01,5,5330,卖盘
11:25:25,10.66,0.0,32,34112,卖盘
11:25:28,10.67,0.01,28,29866,买盘
11:25:34,10.67,0.0,20,21324,买盘
11:25:37,10.66,-0.01,14,14927,卖盘
11:25:40,10.67,0.01,32,34144,买盘
11:25:43,10.66,-0.01,2,2133,卖盘
11:25:46,10.66,0.0,17,18138,卖盘
11:25:49,10.67,0.01,2,2133,买盘
11:25:52,10.66,-0.01,84,89545,卖盘
11:25:55,10.66,0.0,27,28782,卖盘
11:25:58,10.66,0.0,42,44772,卖盘
11:26:01,10.66,0.0,32,34112,卖盘
11:26:04,10.66,0.0,20,21320,卖盘
11:26:07,10.66,0.0,52,55432,卖盘
11:26:10,10.66,0.0,5,5332,卖盘
11:26:16,10.66,0.0,53,56498,卖盘
11:26:19,10.66,0.0,1,1066,卖盘
11:26:28,10.67,0.01,6,6397,买盘
11:26:31,10.65,-0.02,330,351552,卖盘
11:26:34,10.67,0.02,12,12793,买盘
11:26:40,10.67,0.0,13,13866,买盘
11:26:43,10.66,-0.01,4,4264,卖盘
11:26:46,10.66,0.0,38,40508,卖盘
11:26:49,10.66,0.0,13,13868,卖盘
11:26:52,10.66,0.0,8,8528,卖盘
11:26:58,10.67,0.01,25,26669,买盘
11:27:01,10.65,-0.02,48,51127,卖盘
11:27:04,10.66,0.01,1,1066,买盘
11:27:07,10.65,-0.01,3,3195,卖盘
11:27:10,10.65,0.0,31,33044,卖盘
11:27:13,10.66,0.01,2,2132,中性盘
11:27:16,10.65,-0.01,11,11715,卖盘
11:27:22,10.67,0.02,35,37314,买盘
11:27:25,10.65,-0.02,80,85240,卖盘
11:27:31,10.66,0.01,15,15990,卖盘
11:27:34,10.65,-0.01,3,3195,卖盘
11:27:37,10.65,0.0,39,41556,卖盘
11:27:40,10.66,0.01,10,10660,买盘
11:27:43,10.65,-0.01,13,13856,卖盘
11:27:49,10.65,0.0,38,40470,卖盘
11:27:52,10.65,0.0,33,35145,卖盘
11:27:55,10.65,0.0,2,2130,卖盘
11:27:58,10.67,0.02,56,59699,买盘
11:28:01,10.65,-0.02,21,22369,卖盘
11:28:07,10.65,0.0,101,107591,卖盘
11:28:16,10.65,0.0,28,29820,卖盘
11:28:19,10.65,0.0,1,1065,卖盘
11:28:22,10.65,0.0,53,56445,卖盘
11:28:25,10.64,-0.01,4,4258,卖盘
11:28:28,10.65,0.01,50,53250,买盘
11:28:31,10.64,-0.01,2,2129,卖盘
11:28:34,10.64,0.0,1,1064,卖盘
11:28:37,10.65,0.01,24,25549,买盘
11:28:43,10.65,0.0,8,8520,买盘
11:28:46,10.65,0.0,7,7454,买盘
11:28:49,10.64,-0.01,202,214928,卖盘
11:28:52,10.65,0.01,30,31950,买盘
11:28:55,10.65,0.0,2,2130,买盘
11:29:04,10.65,0.0,5,5325,买盘
11:29:07,10.65,0.0,81,86234,买盘
11:29:10,10.65,0.0,3,3195,买盘
11:29:16,10.65,0.0,38,40463,买盘
11:29:19,10.65,0.0,49,52183,买盘
11:29:22,10.64,-0.01,6,6386,卖盘
11:29:25,10.65,0.01,18,19170,买盘
11:29:28,10.66,0.01,34,36214,买盘
11:29:40,10.64,-0.02,33,35114,卖盘
11:29:43,10.65,0.01,14,14910,买盘
11:29:46,10.65,0.0,59,62835,卖盘
11:29:49,10.65,0.0,34,36210,买盘
11:29:52,10.65,0.0,42,44730,买盘
11:29:58,10.65,0.0,5,5325,卖盘
11:30:01,10.65,0.0,11,11716,卖盘
13:00:01,10.66,0.01,95,101221,买盘
13:00:04,10.67,0.01,739,787711,买盘
13:00:07,10.67,0.0,99,105604,买盘
13:00:10,10.67,0.0,101,107736,买盘
13:00:13,10.68,0.01,35,37346,买盘
13:00:19,10.67,-0.01,4,4271,卖盘
13:00:22,10.67,0.0,4,4268,卖盘
13:00:25,10.67,0.0,54,57670,卖盘
13:00:28,10.67,0.0,77,82159,卖盘
13:00:31,10.66,-0.01,14,14925,卖盘
13:00:34,10.66,0.0,149,158834,卖盘
13:00:37,10.65,-0.01,28,29840,卖盘
13:00:40,10.66,0.01,40,42651,中性盘
13:00:43,10.66,0.0,105,111930,买盘
13:00:46,10.66,0.0,5,5330,买盘
13:00:49,10.65,-0.01,60,63900,卖盘
13:00:52,10.65,0.0,55,58575,卖盘
13:00:55,10.65,0.0,2,2130,卖盘
13:00:58,10.63,-0.02,652,694129,卖盘
13:01:01,10.63,0.0,62,65948,卖盘
13:01:04,10.64,0.01,12,12768,买盘
13:01:07,10.63,-0.01,20,21260,卖盘
13:01:10,10.64,0.01,34,36176,买盘
13:01:16,10.64,0.0,1,1064,卖盘
13:01:19,10.64,0.0,1,1064,卖盘
13:01:22,10.64,0.0,14,14902,卖盘
13:01:25,10.64,0.0,32,34048,买盘
13:01:28,10.64,0.0,11,11704,买盘
13:01:31,10.64,0.0,5,5320,买盘
13:01:34,10.63,-0.01,1,1063,卖盘
13:01:37,10.64,0.01,69,73416,买盘
13:01:40,10.64,0.0,8,8512,买盘
13:01:43,10.64,0.0,30,31920,买盘
13:01:49,10.64,0.0,17,18088,买盘
13:01:58,10.64,0.0,23,24472,卖盘
13:02:01,10.64,0.0,279,296856,卖盘
13:02:04,10.64,0.0,21,22343,买盘
13:02:07,10.64,0.0,19,20209,买盘
13:02:10,10.63,-0.01,185,196659,卖盘
13:02:13,10.63,0.0,190,201970,卖盘
13:02:16,10.62,-0.01,397,422029,卖盘
13:02:19,10.62,0.0,27,28698,卖盘
13:02:25,10.62,0.0,129,136998,卖盘
13:02:28,10.63,0.01,81,86088,买盘
13:02:31,10.63,0.0,27,28701,卖盘
13:02:34,10.62,-0.01,52,55245,卖盘
13:02:37,10.62,0.0,11,11687,卖盘
13:02:40,10.62,0.0,32,34014,卖盘
13:02:43,10.62,0.0,1,1062,卖盘
13:02:46,10.63,0.01,12,12756,买盘
13:02:49,10.62,-0.01,10,10620,卖盘
13:02:55,10.61,-0.01,295,313121,卖盘
13:02:58,10.61,0.0,7,7427,买盘
13:03:01,10.61,0.0,21,22281,买盘
13:03:04,10.6,-0.01,10,10600,卖盘
13:03:10,10.6,0.0,17,18020,卖盘
13:03:16,10.6,0.0,10,10600,卖盘
13:03:19,10.61,0.01,33,35005,买盘
13:03:22,10.6,-0.01,64,67840,卖盘
13:03:25,10.6,0.0,50,53026,卖盘
13:03:28,10.61,0.01,4,4244,买盘
13:03:31,10.61,0.0,6,6366,卖盘
13:03:34,10.61,0.0,3,3183,卖盘
13:03:37,10.61,0.0,48,50928,卖盘
13:03:40,10.62,0.01,29,30789,买盘
13:03:43,10.61,-0.01,8,8495,卖盘
13:03:46,10.62,0.01,1,1062,买盘
13:03:49,10.61,-0.01,8,8488,卖盘
13:03:52,10.61,0.0,40,42440,卖盘
13:03:55,10.61,0.0,2,2122,卖盘
13:03:58,10.61,0.0,51,54111,卖盘
13:04:01,10.61,0.0,35,37135,买盘
13:04:04,10.6,-0.01,106,112363,卖盘
13:04:10,10.6,0.0,21,22265,卖盘
13:04:13,10.6,0.0,385,408110,卖盘
13:04:16,10.61,0.01,18,19089,中性盘
13:04:19,10.6,-0.01,1,1060,卖盘
13:04:22,10.6,0.0,214,226840,卖盘
13:04:25,10.6,0.0,187,198209,卖盘
13:04:28,10.59,-0.01,17,18003,卖盘
13:04:31,10.59,0.0,12,12708,卖盘
13:04:34,10.6,0.01,18,19080,买盘
13:04:40,10.6,0.0,50,53000,买盘
13:04:43,10.59,-0.01,5,5295,卖盘
13:04:49,10.6,0.01,8,8473,买盘
13:04:52,10.6,0.0,28,29667,买盘
13:04:55,10.59,-0.01,1,1059,卖盘
13:04:58,10.6,0.01,4,4240,买盘
13:05:01,10.59,-0.01,230,243578,卖盘
13:05:04,10.59,0.0,2,2118,卖盘
13:05:07,10.59,0.0,3,3177,卖盘
13:05:10,10.6,0.01,3,3180,买盘
13:05:13,10.59,-0.01,13,13767,卖盘
13:05:16,10.59,0.0,8,8472,买盘
13:05:22,10.59,0.0,20,21180,买盘
13:05:25,10.59,0.0,18,19062,买盘
13:05:28,10.59,0.0,49,51891,买盘
13:05:31,10.59,0.0,17,17989,买盘
13:05:34,10.59,0.0,289,306287,买盘
13:05:37,10.59,0.0,46,48691,买盘
13:05:43,10.59,0.0,5,5295,买盘
13:05:46,10.59,0.0,61,64598,买盘
13:05:49,10.59,0.0,15,15366,买盘
13:05:52,10.59,0.0,14,14826,卖盘
13:05:55,10.59,0.0,5,5295,卖盘
13:05:58,10.59,0.0,6,6354,卖盘
13:06:07,10.59,0.0,5,5297,卖盘
13:06:10,10.59,0.0,22,23317,卖盘
13:06:13,10.59,0.0,10,10590,卖盘
13:06:16,10.59,0.0,48,51351,卖盘
13:06:19,10.59,0.0,1,1059,买盘
13:06:22,10.58,-0.01,8,8469,卖盘
13:06:25,10.59,0.01,11,11649,买盘
13:06:31,10.59,0.0,202,213900,买盘
13:06:34,10.59,0.0,11,11649,买盘
13:06:37,10.59,0.0,70,74130,买盘
13:06:40,10.59,0.0,2,2118,买盘
13:06:43,10.59,0.0,1,1059,买盘
13:06:46,10.59,0.0,16,16944,买盘
13:06:49,10.59,0.0,2,2118,买盘
13:06:52,10.59,0.0,56,59298,买盘
13:06:55,10.59,0.0,13,13767,买盘
13:06:58,10.59,0.0,16,16944,买盘
13:07:01,10.59,0.0,5,5295,买盘
13:07:07,10.59,0.0,77,81024,买盘
13:07:19,10.59,0.0,14,14835,卖盘
13:07:22,10.6,0.01,1,1060,买盘
13:07:25,10.6,0.0,20,21200,买盘
13:07:37,10.6,0.0,69,73134,买盘
13:07:40,10.6,0.0,31,32860,买盘
13:07:43,10.6,0.0,1,1060,买盘
13:07:46,10.59,-0.01,170,180046,卖盘
13:07:49,10.59,0.0,31,32829,买盘
13:07:52,10.59,0.0,25,26475,买盘
13:07:55,10.59,0.0,36,38124,买盘
13:08:01,10.6,0.01,6,6355,买盘
13:08:07,10.6,0.0,42,44520,买盘
13:08:10,10.6,0.0,21,22260,买盘
13:08:13,10.6,0.0,49,51940,买盘
13:08:16,10.6,0.0,14,14840,买盘
13:08:22,10.6,0.0,11,11660,买盘
13:08:25,10.59,-0.01,41,43420,卖盘
13:08:28,10.6,0.01,5,5300,买盘
13:08:31,10.6,0.0,37,39220,买盘
13:08:34,10.59,-0.01,250,264776,卖盘
13:08:37,10.6,0.01,35,37100,买盘
13:08:40,10.6,0.0,7,7419,买盘
13:08:46,10.6,0.0,7,7420,买盘
13:08:49,10.59,-0.01,99,104881,卖盘
13:08:55,10.59,0.0,25,26475,卖盘
13:08:58,10.6,0.01,30,31800,买盘
13:09:01,10.6,0.0,3,3180,买盘
13:09:04,10.6,0.0,5,5300,买盘
13:09:07,10.6,0.0,488,517275,买盘
13:09:10,10.6,0.0,5,5300,买盘
13:09:13,10.6,0.0,110,116600,买盘
13:09:16,10.6,0.0,2,2120,买盘
13:09:19,10.59,-0.01,17,18008,卖盘
13:09:22,10.6,0.01,13,13780,买盘
13:09:25,10.6,0.0,11,11660,买盘
13:09:28,10.6,0.0,39,41340,买盘
13:09:31,10.6,0.0,30,31800,买盘
13:09:34,10.6,0.0,122,129320,买盘
13:09:40,10.6,0.0,20,21200,买盘
13:09:43,10.6,0.0,8,8480,买盘
13:09:49,10.6,0.0,26,27560,卖盘
13:09:55,10.6,0.0,13,13780,卖盘
13:09:58,10.61,0.01,50,53050,买盘
13:10:01,10.62,0.01,53,56255,买盘
13:10:10,10.62,0.0,28,29736,买盘
13:10:13,10.62,0.0,126,133344,买盘
13:10:22,10.63,0.01,5,5315,买盘
13:10:28,10.63,0.0,29,30827,买盘
13:10:31,10.63,0.0,79,83927,买盘
13:10:34,10.63,0.0,3,3189,买盘
13:10:37,10.63,0.0,23,24449,买盘
13:10:40,10.63,0.0,58,61654,买盘
13:10:49,10.63,0.0,30,31890,卖盘
13:10:55,10.63,0.0,12,12757,卖盘
13:10:58,10.64,0.01,17,18088,买盘
13:11:01,10.64,0.0,23,24472,买盘
13:11:04,10.64,0.0,1,1064,买盘
13:11:07,10.64,0.0,10,10640,买盘
13:11:10,10.63,-0.01,115,122260,卖盘
13:11:13,10.64,0.01,3,3192,买盘
13:11:16,10.64,0.0,9,9575,买盘
13:11:19,10.64,0.0,1,1064,卖盘
13:11:22,10.65,0.01,12,12770,买盘
13:11:25,10.64,-0.01,40,42563,卖盘
13:11:28,10.64,0.0,11,11704,买盘
13:11:31,10.64,0.0,40,42560,买盘
13:11:37,10.64,0.0,47,50008,买盘
13:11:40,10.64,0.0,38,40432,买盘
13:11:43,10.64,0.0,34,36176,买盘
13:11:49,10.65,0.01,5,5325,买盘
13:11:55,10.64,-0.01,7,7448,卖盘
13:11:58,10.64,0.0,3,3192,卖盘
13:12:01,10.65,0.01,85,90525,买盘
13:12:04,10.65,0.0,48,51120,买盘
13:12:07,10.65,0.0,63,67095,买盘
13:12:10,10.65,0.0,96,102240,买盘
13:12:13,10.65,0.0,14,14910,卖盘
13:12:16,10.65,0.0,31,33015,买盘
13:12:22,10.65,0.0,40,42600,买盘
13:12:28,10.64,-0.01,1,1064,卖盘
13:12:31,10.64,0.0,54,57475,卖盘
13:12:34,10.64,0.0,53,56392,卖盘
13:12:37,10.64,0.0,116,123424,卖盘
13:12:40,10.64,0.0,37,39368,卖盘
13:12:43,10.64,0.0,35,37240,买盘
13:12:46,10.64,0.0,28,29791,买盘
13:12:49,10.64,0.0,42,44688,买盘
13:12:52,10.64,0.0,5,5320,买盘
13:12:58,10.64,0.0,100,106400,买盘
13:13:01,10.63,-0.01,1,1063,卖盘
13:13:04,10.64,0.01,107,113848,买盘
13:13:07,10.63,-0.01,50,53150,卖盘
13:13:10,10.64,0.01,11,11703,买盘
13:13:16,10.63,-0.01,10,10630,卖盘
13:13:19,10.64,0.01,95,101080,买盘
13:13:22,10.64,0.0,1,1064,买盘
13:13:25,10.64,0.0,75,79800,买盘
13:13:28,10.64,0.0,5,5320,卖盘
13:13:37,10.64,0.0,3,3192,卖盘
13:13:40,10.65,0.01,7,7452,买盘
13:13:43,10.66,0.01,132,140644,买盘
13:13:49,10.66,0.0,7,7462,买盘
13:13:52,10.66,0.0,62,66019,卖盘
13:13:58,10.66,0.0,44,46924,买盘
13:14:01,10.66,0.0,41,43706,买盘
13:14:04,10.64,-0.02,113,120338,卖盘
13:14:13,10.65,0.01,83,88383,买盘
13:14:16,10.65,0.0,16,17040,买盘
13:14:19,10.65,0.0,31,33015,卖盘
13:14:22,10.66,0.01,1,1066,买盘
13:14:28,10.66,0.0,17,18122,买盘
13:14:31,10.66,0.0,3,3198,买盘
13:14:34,10.66,0.0,10,10660,买盘
13:14:37,10.65,-0.01,10,10650,卖盘
13:14:40,10.66,0.01,271,288876,买盘
13:14:46,10.66,0.0,10,10660,卖盘
13:14:49,10.66,0.0,5,5330,卖盘
13:14:52,10.67,0.01,123,131133,买盘
13:14:58,10.67,0.0,1,1067,买盘
13:15:01,10.67,0.0,13,13871,买盘
13:15:04,10.66,-0.01,2,2132,卖盘
13:15:07,10.66,0.0,124,132160,卖盘
13:15:10,10.67,0.01,72,76749,买盘
13:15:13,10.67,0.0,38,40537,买盘
13:15:16,10.67,0.0,21,22387,买盘
13:15:19,10.65,-0.02,1,1065,卖盘
13:15:22,10.65,0.0,2,2130,卖盘
13:15:25,10.64,-0.01,114,121392,卖盘
13:15:28,10.65,0.01,11,11714,买盘
13:15:31,10.64,-0.01,2,2128,卖盘
13:15:34,10.65,0.01,34,36177,买盘
13:15:37,10.65,0.0,13,13843,买盘
13:15:40,10.65,0.0,81,86246,买盘
13:15:43,10.65,0.0,21,22365,买盘
13:15:46,10.65,0.0,70,74550,买盘
13:15:49,10.65,0.0,12,12780,买盘
13:15:52,10.65,0.0,121,128768,买盘
13:16:01,10.65,0.0,4,4259,买盘
13:16:04,10.65,0.0,86,91514,买盘
13:16:07,10.64,-0.01,42,44688,卖盘
13:16:13,10.64,0.0,32,34063,卖盘
13:16:16,10.64,0.0,5,5320,卖盘
13:16:19,10.65,0.01,15,15968,买盘
13:16:22,10.64,-0.01,1,1064,卖盘
13:16:25,10.64,0.0,2,2128,卖盘
13:16:28,10.64,0.0,10,10641,卖盘
13:16:31,10.64,0.0,35,37248,卖盘
13:16:34,10.63,-0.01,77,81927,卖盘
13:16:40,10.63,0.0,4,4252,卖盘
13:16:43,10.64,0.01,9,9576,买盘
13:16:46,10.63,-0.01,10,10630,卖盘
13:16:49,10.64,0.01,6,6384,买盘
13:16:52,10.64,0.0,4,4256,买盘
13:17:01,10.63,-0.01,1,1063,卖盘
13:17:10,10.63,0.0,4,4252,卖盘
13:17:13,10.63,0.0,5,5315,卖盘
13:17:25,10.63,0.0,7,7441,卖盘
13:17:28,10.64,0.01,34,36151,买盘
13:17:31,10.63,-0.01,3,3190,卖盘
13:17:34,10.63,0.0,5,5315,卖盘
13:17:37,10.63,0.0,1,1063,卖盘
13:17:46,10.64,0.01,40,42530,买盘
13:17:49,10.63,-0.01,1,1063,卖盘
13:17:52,10.63,0.0,1,1063,卖盘
13:17:55,10.63,0.0,75,79779,卖盘
13:17:58,10.63,0.0,5,5319,卖盘
13:18:04,10.63,0.0,380,403940,卖盘
13:18:07,10.62,-0.01,4,4248,卖盘
13:18:10,10.63,0.01,10,10629,买盘
13:18:13,10.62,-0.01,59,62659,卖盘
13:18:16,10.62,0.0,108,114696,卖盘
13:18:19,10.62,0.0,166,176292,卖盘
13:18:22,10.62,0.0,5,5310,买盘
13:18:25,10.62,0.0,7,7434,买盘
13:18:28,10.62,0.0,1,1062,买盘
13:18:31,10.61,-0.01,1,1061,卖盘
13:18:34,10.63,0.02,17,18059,买盘
13:18:40,10.62,-0.01,1,1062,卖盘
13:18:46,10.61,-0.01,17,18037,卖盘
13:18:49,10.62,0.01,3,3186,买盘
13:18:52,10.62,0.0,8,8495,中性盘
13:18:55,10.62,0.0,29,30798,买盘
13:19:01,10.62,0.0,19,20178,买盘
13:19:22,10.62,0.0,14,14857,买盘
13:19:25,10.62,0.0,13,13802,买盘
13:19:28,10.62,0.0,84,89208,卖盘
13:19:34,10.62,0.0,10,10620,买盘
13:19:37,10.62,0.0,13,13806,买盘
13:19:40,10.62,0.0,50,53100,买盘
13:19:43,10.62,0.0,54,57338,买盘
13:19:46,10.61,-0.01,20,21220,卖盘
13:19:49,10.62,0.01,11,11681,买盘
13:19:55,10.61,-0.01,31,32891,卖盘
13:19:58,10.61,0.0,101,107161,卖盘
13:20:04,10.62,0.01,50,53100,买盘
13:20:07,10.61,-0.01,52,55172,卖盘
13:20:10,10.61,0.0,3,3183,买盘
13:20:13,10.61,0.0,30,31830,买盘
13:20:16,10.6,-0.01,31,32861,卖盘
13:20:19,10.61,0.01,10,10610,买盘
13:20:22,10.61,0.0,17,18023,买盘
13:20:28,10.61,0.0,27,28627,买盘
13:20:34,10.6,-0.01,8,8480,卖盘
13:20:37,10.61,0.01,125,132625,买盘
13:20:40,10.6,-0.01,97,102820,卖盘
13:20:43,10.61,0.01,11,11666,买盘
13:20:46,10.61,0.0,43,45623,买盘
13:20:49,10.6,-0.01,2,2120,卖盘
13:20:55,10.61,0.01,41,43472,买盘
13:20:58,10.6,-0.01,5,5300,卖盘
13:21:04,10.6,0.0,6,6360,卖盘
13:21:07,10.61,0.01,2,2122,买盘
13:21:13,10.61,0.0,1,1061,买盘
13:21:19,10.61,0.0,12,12732,买盘
13:21:22,10.61,0.0,19,20181,买盘
13:21:25,10.61,0.0,8,8488,卖盘
13:21:34,10.61,0.0,61,64699,卖盘
13:21:37,10.61,0.0,1,1061,买盘
13:21:40,10.61,0.0,4,4266,买盘
13:21:46,10.61,0.0,3,3183,卖盘
13:21:55,10.61,0.0,43,45601,卖盘
13:21:58,10.61,0.0,2,2122,买盘
13:22:01,10.61,0.0,5,5305,买盘
13:22:04,10.61,0.0,16,16976,买盘
13:22:07,10.61,0.0,7,7427,买盘
13:22:13,10.61,0.0,5,5305,买盘
13:22:16,10.61,0.0,4,4244,买盘
13:22:22,10.61,0.0,18,19098,买盘
13:22:25,10.6,-0.01,127,134687,卖盘
13:22:28,10.62,0.02,3,3186,买盘
13:22:34,10.61,-0.01,4,4244,卖盘
13:22:37,10.61,0.0,1,1061,卖盘
13:22:40,10.62,0.01,3,3185,买盘
13:22:52,10.62,0.0,50,53096,买盘
13:22:55,10.61,-0.01,4,4244,卖盘
13:22:58,10.61,0.0,3,3183,卖盘
13:23:01,10.62,0.01,9,9558,买盘
13:23:04,10.61,-0.01,50,53050,卖盘
13:23:10,10.62,0.01,6,6372,买盘
13:23:16,10.62,0.0,1,1062,买盘
13:23:19,10.62,0.0,81,86022,买盘
13:23:22,10.62,0.0,3,3184,买盘
13:23:25,10.62,0.0,2,2124,买盘
13:23:28,10.62,0.0,6,6367,买盘
13:23:31,10.62,0.0,1,1062,买盘
13:23:34,10.61,-0.01,3,3183,卖盘
13:23:37,10.62,0.01,39,41404,买盘
13:23:40,10.62,0.0,50,53089,买盘
13:23:43,10.62,0.0,42,44574,卖盘
13:23:46,10.62,0.0,1,1062,卖盘
13:23:49,10.62,0.0,7,7434,卖盘
13:23:58,10.63,0.01,1,1063,买盘
13:24:01,10.62,-0.01,2,2124,卖盘
13:24:07,10.62,0.0,14,14868,卖盘
13:24:13,10.62,0.0,22,23364,卖盘
13:24:16,10.62,0.0,8,8496,卖盘
13:24:19,10.62,0.0,32,33985,卖盘
13:24:22,10.63,0.01,11,11684,买盘
13:24:25,10.62,-0.01,13,13806,卖盘
13:24:28,10.62,0.0,44,46739,卖盘
13:24:37,10.61,-0.01,6,6367,卖盘
13:24:40,10.62,0.01,4,4248,买盘
13:24:46,10.61,-0.01,50,53050,卖盘
13:24:49,10.61,0.0,8,8488,卖盘
13:24:55,10.61,0.0,4,4244,卖盘
13:25:04,10.62,0.01,10,10620,买盘
13:25:07,10.62,0.0,5,5306,买盘
13:25:16,10.62,0.0,108,114696,买盘
13:25:25,10.62,0.0,3,3186,买盘
13:25:28,10.62,0.0,5,5310,买盘
13:25:31,10.62,0.0,10,10620,买盘
13:25:34,10.62,0.0,12,12744,买盘
13:25:37,10.62,0.0,10,10620,买盘
13:25:40,10.62,0.0,12,12744,买盘
13:25:43,10.62,0.0,4,4248,买盘
13:25:46,10.62,0.0,10,10620,买盘
13:25:49,10.62,0.0,10,10620,买盘
13:25:55,10.62,0.0,34,36086,买盘
13:25:58,10.62,0.0,10,10620,买盘
13:26:01,10.62,0.0,72,76453,买盘
13:26:04,10.62,0.0,5,5321,卖盘
13:26:07,10.62,0.0,5,5310,买盘
13:26:10,10.62,0.0,18,19116,卖盘
13:26:13,10.62,0.0,43,45666,买盘
13:26:19,10.61,-0.01,9,9549,卖盘
13:26:22,10.61,0.0,152,161364,卖盘
13:26:25,10.62,0.01,1,1062,买盘
13:26:28,10.62,0.0,32,33954,买盘
13:26:31,10.61,-0.01,11,11671,卖盘
13:26:34,10.62,0.01,25,26532,买盘
13:26:37,10.61,-0.01,16,16976,卖盘
13:26:40,10.62,0.01,124,131594,买盘
13:26:46,10.61,-0.01,1,1061,卖盘
13:26:49,10.62,0.01,22,23364,买盘
13:26:52,10.61,-0.01,13,13796,卖盘
13:26:55,10.61,0.0,18,19106,卖盘
13:27:01,10.61,0.0,3,3183,卖盘
13:27:04,10.61,0.0,2,2122,卖盘
13:27:07,10.61,0.0,2,2122,卖盘
13:27:13,10.62,0.01,34,36107,买盘
13:27:25,10.61,-0.01,2,2122,卖盘
13:27:28,10.62,0.01,2,2124,买盘
13:27:31,10.61,-0.01,100,106100,卖盘
13:27:34,10.62,0.01,5,5306,买盘
13:27:40,10.62,0.0,284,301597,买盘
13:27:43,10.62,0.0,28,29736,卖盘
13:27:46,10.62,0.0,20,21240,卖盘
13:27:49,10.62,0.0,72,76464,卖盘
13:27:52,10.62,0.0,57,60540,卖盘
13:27:55,10.61,-0.01,55,58409,卖盘
13:28:07,10.61,0.0,4,4244,卖盘
13:28:10,10.61,0.0,10,10610,卖盘
13:28:13,10.61,0.0,1,1061,卖盘
13:28:16,10.62,0.01,10,10620,买盘
13:28:25,10.61,-0.01,120,127360,卖盘
13:28:31,10.62,0.01,15,15930,买盘
13:28:37,10.62,0.0,55,58410,卖盘
13:28:43,10.63,0.01,10,10630,买盘
13:28:46,10.62,-0.01,54,57354,卖盘
13:28:49,10.62,0.0,15,15930,卖盘
13:28:52,10.63,0.01,51,54185,买盘
13:29:01,10.63,0.0,23,24449,买盘
13:29:04,10.62,-0.01,10,10620,卖盘
13:29:07,10.62,0.0,2,2124,卖盘
13:29:10,10.63,0.01,20,21260,买盘
13:29:13,10.63,0.0,42,44646,买盘
13:29:16,10.63,0.0,50,53150,买盘
13:29:19,10.63,0.0,7,7441,买盘
13:29:22,10.62,-0.01,2,2124,卖盘
13:29:25,10.63,0.01,1,1063,买盘
13:29:28,10.63,0.0,3,3189,买盘
13:29:31,10.62,-0.01,6,6372,卖盘
13:29:34,10.63,0.01,21,22323,买盘
13:29:37,10.63,0.0,10,10630,买盘
13:29:40,10.63,0.0,50,53150,买盘
13:29:43,10.63,0.0,52,55276,买盘
13:29:46,10.63,0.0,1,1063,买盘
13:29:49,10.63,0.0,1,1063,买盘
13:29:52,10.63,0.0,10,10630,买盘
13:29:55,10.63,0.0,14,14871,买盘
13:29:58,10.62,-0.01,13,13806,卖盘
13:30:01,10.62,0.0,30,31860,卖盘
13:30:07,10.61,-0.01,720,764587,卖盘
13:30:10,10.61,0.0,14,14856,卖盘
13:30:13,10.63,0.02,25,26557,买盘
13:30:16,10.61,-0.02,16,16979,卖盘
13:30:19,10.61,0.0,1,1061,卖盘
13:30:28,10.6,-0.01,287,304547,卖盘
13:30:31,10.6,0.0,1,1060,卖盘
13:30:34,10.6,0.0,387,410220,卖盘
13:30:37,10.6,0.0,493,522592,卖盘
13:30:40,10.6,0.0,47,49776,卖盘
13:30:43,10.59,-0.01,568,601512,卖盘
13:30:46,10.59,0.0,28,29652,买盘
13:30:49,10.58,-0.01,6,6348,卖盘
13:30:52,10.59,0.01,3,3175,买盘
13:30:55,10.58,-0.01,18,19055,卖盘
13:30:58,10.58,0.0,18,19044,卖盘
13:31:01,10.58,0.0,127,134366,卖盘
13:31:04,10.58,0.0,270,285669,卖盘
13:31:07,10.58,0.0,45,47610,卖盘
13:31:10,10.58,0.0,64,67673,买盘
13:31:13,10.57,-0.01,4,4228,卖盘
13:31:19,10.57,0.0,50,52850,卖盘
13:31:22,10.57,0.0,13,13741,卖盘
13:31:28,10.57,0.0,4,4228,卖盘
13:31:31,10.58,0.01,14,14812,买盘
13:31:34,10.58,0.0,20,21160,买盘
13:31:37,10.58,0.0,45,47610,买盘
13:31:40,10.58,0.0,18,19044,卖盘
13:31:43,10.58,0.0,7,7406,卖盘
13:31:49,10.58,0.0,21,22218,卖盘
13:31:55,10.58,0.0,218,230644,卖盘
13:31:58,10.58,0.0,156,165074,卖盘
13:32:01,10.58,0.0,14,14812,买盘
13:32:04,10.58,0.0,3,3174,买盘
13:32:07,10.58,0.0,11,11638,买盘
13:32:10,10.57,-0.01,2,2114,卖盘
13:32:13,10.58,0.01,104,110031,买盘
13:32:16,10.58,0.0,1,1058,卖盘
13:32:19,10.58,0.0,3,3175,卖盘
13:32:22,10.58,0.0,3,3174,卖盘
13:32:25,10.58,0.0,13,13754,卖盘
13:32:28,10.58,0.0,18,19044,买盘
13:32:31,10.58,0.0,43,45481,卖盘
13:32:34,10.57,-0.01,23,24333,卖盘
13:32:37,10.58,0.01,11,11637,买盘
13:32:43,10.58,0.0,9,9522,买盘
13:32:46,10.57,-0.01,79,83565,卖盘
13:32:49,10.58,0.01,1,1058,买盘
13:32:52,10.58,0.0,5,5290,卖盘
13:32:55,10.57,-0.01,9,9513,卖盘
13:32:58,10.57,0.0,6,6342,卖盘
13:33:01,10.57,0.0,263,277991,卖盘
13:33:04,10.56,-0.01,156,164851,卖盘
13:33:07,10.56,0.0,61,64416,卖盘
13:33:10,10.56,0.0,96,101376,卖盘
13:33:13,10.56,0.0,12,12672,卖盘
13:33:16,10.55,-0.01,185,195359,卖盘
13:33:19,10.56,0.01,6,6335,买盘
13:33:22,10.57,0.01,35,36950,买盘
13:33:25,10.56,-0.01,2,2112,中性盘
13:33:28,10.56,0.0,44,46464,卖盘
13:33:31,10.56,0.0,13,13728,卖盘
13:33:34,10.56,0.0,20,21120,卖盘
13:33:37,10.56,0.0,12,12672,卖盘
13:33:40,10.56,0.0,62,65472,卖盘
13:33:43,10.56,0.0,136,143731,卖盘
13:33:46,10.56,0.0,28,29578,卖盘
13:33:55,10.57,0.01,57,60198,买盘
13:33:58,10.57,0.0,9,9513,买盘
13:34:04,10.56,-0.01,1,1056,卖盘
13:34:07,10.56,0.0,5,5280,卖盘
13:34:10,10.56,0.0,125,132000,卖盘
13:34:16,10.56,0.0,15,15845,卖盘
13:34:19,10.57,0.01,18,19026,买盘
13:34:25,10.57,0.0,10,10570,买盘
13:34:28,10.56,-0.01,41,43296,卖盘
13:34:31,10.59,0.03,895,947046,买盘
13:34:34,10.59,0.0,21,22239,卖盘
13:34:37,10.59,0.0,5,5295,卖盘
13:34:40,10.6,0.01,34,36034,买盘
13:34:46,10.6,0.0,30,31800,买盘
13:34:49,10.59,-0.01,21,22259,卖盘
13:34:52,10.6,0.01,50,53000,买盘
13:34:55,10.59,-0.01,34,36025,卖盘
13:34:58,10.6,0.01,5,5300,买盘
13:35:01,10.6,0.0,12,12720,买盘
13:35:04,10.6,0.0,12,12720,买盘
13:35:07,10.6,0.0,24,25440,买盘
13:35:10,10.6,0.0,130,137800,买盘
13:35:13,10.6,0.0,21,22260,买盘
13:35:16,10.6,0.0,1,1060,卖盘
13:35:22,10.62,0.02,35,37137,买盘
13:35:25,10.6,-0.02,18,19080,卖盘
13:35:28,10.62,0.02,18,19112,买盘
13:35:31,10.61,-0.01,15,15927,卖盘
13:35:34,10.61,0.0,7,7427,卖盘
13:35:46,10.61,0.0,5,5305,买盘
13:35:49,10.61,0.0,1,1061,买盘
13:35:52,10.61,0.0,5,5305,卖盘
13:35:58,10.62,0.01,89,94514,买盘
13:36:01,10.61,-0.01,45,47745,卖盘
13:36:04,10.61,0.0,54,57339,买盘
13:36:07,10.61,0.0,27,28647,卖盘
13:36:10,10.61,0.0,20,21220,卖盘
13:36:13,10.61,0.0,153,162463,卖盘
13:36:16,10.61,0.0,14,14854,卖盘
13:36:19,10.62,0.01,107,113630,买盘
13:36:22,10.61,-0.01,8,8490,卖盘
13:36:25,10.61,0.0,103,109283,卖盘
13:36:31,10.61,0.0,168,178137,买盘
13:36:34,10.61,0.0,68,72148,买盘
13:36:37,10.6,-0.01,131,138892,卖盘
13:36:40,10.6,0.0,253,268180,卖盘
13:36:43,10.6,0.0,77,81620,卖盘
13:36:46,10.6,0.0,148,156880,卖盘
13:36:49,10.59,-0.01,202,213920,卖盘
13:36:52,10.59,0.0,77,81558,卖盘
13:36:55,10.59,0.0,25,26494,卖盘
13:36:58,10.59,0.0,39,41301,卖盘
13:37:07,10.59,0.0,2,2118,卖盘
13:37:13,10.59,0.0,67,70953,卖盘
13:37:16,10.6,0.01,141,149424,买盘
13:37:25,10.59,-0.01,8,8472,买盘
13:37:40,10.59,0.0,3,3177,买盘
13:37:43,10.59,0.0,3,3175,买盘
13:37:46,10.59,0.0,11,11648,买盘
13:37:49,10.59,0.0,1,1059,买盘
13:37:55,10.59,0.0,2,2118,卖盘
13:37:58,10.59,0.0,15,15899,卖盘
13:38:01,10.59,0.0,4,4236,卖盘
13:38:13,10.59,0.0,1,1059,卖盘
13:38:16,10.59,0.0,23,24360,卖盘
13:38:28,10.59,0.0,17,18003,卖盘
13:38:31,10.59,0.0,5,5295,买盘
13:38:37,10.6,0.01,100,105968,买盘
13:38:43,10.59,-0.01,126,133434,卖盘
13:38:46,10.59,0.0,36,38124,买盘
13:38:52,10.59,0.0,1,1059,买盘
13:38:58,10.59,0.0,15,15875,买盘
13:39:01,10.58,-0.01,20,21170,卖盘
13:39:04,10.59,0.01,31,32829,买盘
13:39:07,10.59,0.0,97,102648,卖盘
13:39:10,10.59,0.0,13,13768,卖盘
13:39:16,10.59,0.0,12,12708,卖盘
13:39:19,10.59,0.0,6,6354,卖盘
13:39:22,10.58,-0.01,56,59298,卖盘
13:39:25,10.58,0.0,1,1058,卖盘
13:39:34,10.58,0.0,2,2116,卖盘
13:39:37,10.6,0.02,8,8473,买盘
13:39:40,10.58,-0.02,10,10581,卖盘
13:39:43,10.58,0.0,11,11638,卖盘
13:39:46,10.58,0.0,1,1058,卖盘
13:39:52,10.6,0.02,3,3180,买盘
13:40:13,10.6,0.0,2,2120,买盘
13:40:16,10.6,0.0,5,5300,买盘
13:40:22,10.6,0.0,7,7420,买盘
13:40:25,10.6,0.0,13,13780,买盘
13:40:34,10.59,-0.01,72,76248,卖盘
13:40:37,10.59,0.0,2,2118,买盘
13:40:40,10.59,0.0,19,20121,买盘
13:40:43,10.6,0.01,103,109139,买盘
13:40:46,10.6,0.0,14,14840,买盘
13:40:49,10.6,0.0,1,1060,买盘
13:40:52,10.6,0.0,5,5300,买盘
13:40:55,10.6,0.0,5,5300,买盘
13:40:58,10.59,-0.01,34,36029,卖盘
13:41:01,10.6,0.01,10,10600,买盘
13:41:04,10.59,-0.01,1,1059,卖盘
13:41:07,10.6,0.01,28,29680,买盘
13:41:16,10.6,0.0,6,6360,买盘
13:41:22,10.6,0.0,25,26500,买盘
13:41:25,10.6,0.0,4,4239,买盘
13:41:34,10.6,0.0,30,31800,买盘
13:41:46,10.6,0.0,30,31799,买盘
13:41:55,10.59,-0.01,51,54049,卖盘
13:41:58,10.59,0.0,14,14828,卖盘
13:42:04,10.59,0.0,2,2118,卖盘
13:42:07,10.59,0.0,2,2118,卖盘
13:42:10,10.6,0.01,93,98580,买盘
13:42:16,10.6,0.0,18,19080,买盘
13:42:19,10.6,0.0,35,37095,买盘
13:42:22,10.6,0.0,17,18020,买盘
13:42:25,10.6,0.0,10,10600,卖盘
13:42:28,10.6,0.0,103,109180,卖盘
13:42:31,10.61,0.01,10,10610,买盘
13:42:37,10.6,-0.01,10,10600,卖盘
13:42:46,10.61,0.01,22,23327,买盘
13:42:49,10.6,-0.01,101,107060,卖盘
13:42:55,10.6,0.0,44,46639,买盘
13:42:58,10.6,0.0,1,1060,买盘
13:43:01,10.6,0.0,36,38161,买盘
13:43:04,10.6,0.0,5,5300,卖盘
13:43:10,10.6,0.0,27,28620,卖盘
13:43:13,10.6,0.0,1,1060,买盘
13:43:16,10.59,-0.01,50,52950,卖盘
13:43:19,10.6,0.01,25,26500,买盘
13:43:22,10.59,-0.01,1,1059,卖盘
13:43:25,10.59,0.0,8,8474,卖盘
13:43:28,10.59,0.0,16,16959,卖盘
13:43:31,10.6,0.01,10,10600,买盘
13:43:34,10.6,0.0,20,21200,买盘
13:43:37,10.6,0.0,5,5300,买盘
13:43:40,10.6,0.0,20,21200,卖盘
13:43:43,10.6,0.0,9,9540,卖盘
13:43:49,10.61,0.01,30,31830,买盘
13:43:58,10.61,0.0,59,62590,买盘
13:44:01,10.6,-0.01,2,2120,卖盘
13:44:04,10.61,0.01,82,86960,买盘
13:44:07,10.61,0.0,3,3183,买盘
13:44:13,10.61,0.0,21,22280,买盘
13:44:22,10.61,0.0,138,146418,买盘
13:44:25,10.61,0.0,33,35042,卖盘
13:44:28,10.61,0.0,11,11671,卖盘
13:44:31,10.62,0.01,8,8493,买盘
13:44:43,10.62,0.0,201,213462,买盘
13:44:49,10.62,0.0,44,46729,卖盘
13:44:52,10.61,-0.01,15,15925,卖盘
13:44:55,10.62,0.01,5,5310,买盘
13:44:58,10.61,-0.01,46,48878,卖盘
13:45:01,10.61,0.0,10,10610,卖盘
13:45:04,10.62,0.01,22,23364,买盘
13:45:07,10.62,0.0,14,14868,买盘
13:45:13,10.62,0.0,22,23364,买盘
13:45:16,10.62,0.0,51,54162,卖盘
13:45:19,10.61,-0.01,4,4244,卖盘
13:45:22,10.61,0.0,108,114588,卖盘
13:45:25,10.6,-0.01,64,67902,卖盘
13:45:28,10.61,0.01,29,30769,中性盘
13:45:31,10.61,0.0,1,1061,卖盘
13:45:34,10.61,0.0,3,3183,卖盘
13:45:40,10.61,0.0,53,56272,卖盘
13:45:43,10.6,-0.01,60,63659,卖盘
13:45:49,10.61,0.01,33,35013,买盘
13:45:52,10.6,-0.01,20,21200,卖盘
13:45:58,10.6,0.0,3,3180,卖盘
13:46:01,10.6,0.0,11,11661,卖盘
13:46:04,10.61,0.01,46,48806,买盘
13:46:19,10.61,0.0,13,13793,买盘
13:46:25,10.61,0.0,6,6365,买盘
13:46:31,10.6,-0.01,34,36064,卖盘
13:46:37,10.6,0.0,2,2120,卖盘
13:46:40,10.61,0.01,2,2122,买盘
13:46:43,10.6,-0.01,22,23322,卖盘
13:46:49,10.61,0.01,2,2122,买盘
13:46:55,10.61,0.0,1,1061,买盘
13:47:01,10.61,0.0,1,1061,买盘
13:47:04,10.61,0.0,81,85941,买盘
13:47:07,10.61,0.0,6,6366,买盘
13:47:13,10.6,-0.01,7,7425,卖盘
13:47:22,10.61,0.01,11,11671,买盘
13:47:25,10.61,0.0,1,1061,买盘
13:47:28,10.61,0.0,1,1061,买盘
13:47:31,10.61,0.0,19,20150,买盘
13:47:34,10.6,-0.01,11,11661,卖盘
13:47:37,10.61,0.01,51,54111,买盘
13:47:40,10.6,-0.01,14,14850,卖盘
13:47:43,10.61,0.01,1,1061,买盘
13:47:46,10.61,0.0,4,4244,买盘
13:47:55,10.6,-0.01,9,9540,卖盘
13:47:58,10.6,0.0,1,1060,卖盘
13:48:01,10.61,0.01,99,104999,买盘
13:48:13,10.61,0.0,42,44562,买盘
13:48:19,10.61,0.0,2,2122,买盘
13:48:22,10.61,0.0,10,10610,买盘
13:48:25,10.61,0.0,10,10610,买盘
13:48:28,10.61,0.0,16,16976,买盘
13:48:34,10.61,0.0,12,12732,买盘
13:48:37,10.61,0.0,172,182492,买盘
13:48:55,10.62,0.01,3,3186,买盘
13:49:04,10.62,0.0,30,31860,买盘
13:49:10,10.61,-0.01,39,41417,卖盘
13:49:13,10.63,0.02,127,134956,买盘
13:49:19,10.63,0.0,1,1063,买盘
13:49:22,10.62,-0.01,61,64778,卖盘
13:49:25,10.63,0.01,19,20177,买盘
13:49:28,10.61,-0.02,68,72177,卖盘
13:49:31,10.62,0.01,34,36108,买盘
13:49:34,10.62,0.0,47,49914,卖盘
13:49:37,10.63,0.01,31,32940,买盘
13:49:40,10.62,-0.01,1,1062,卖盘
13:49:43,10.63,0.01,50,53150,买盘
13:49:46,10.63,0.0,1,1063,买盘
13:49:52,10.62,-0.01,21,22322,卖盘
13:49:55,10.62,0.0,142,150855,卖盘
13:49:58,10.62,0.0,17,18054,买盘
13:50:01,10.62,0.0,2,2124,卖盘
13:50:04,10.63,0.01,12,12756,买盘
13:50:10,10.62,-0.01,7,7434,卖盘
13:50:13,10.63,0.01,5,5315,买盘
13:50:16,10.62,-0.01,8,8496,卖盘
13:50:19,10.62,0.0,111,117883,卖盘
13:50:22,10.63,0.01,34,36142,买盘
13:50:25,10.63,0.0,10,10630,买盘
13:50:28,10.62,-0.01,1,1062,卖盘
13:50:34,10.62,0.0,4,4248,卖盘
13:50:37,10.62,0.0,131,139132,卖盘
13:50:40,10.62,0.0,7,7434,买盘
13:50:43,10.62,0.0,3,3186,买盘
13:50:46,10.62,0.0,9,9558,买盘
13:50:49,10.62,0.0,53,56286,买盘
13:50:52,10.62,0.0,10,10620,买盘
13:50:55,10.62,0.0,87,92394,买盘
13:51:01,10.62,0.0,6,6372,卖盘
13:51:04,10.63,0.01,11,11693,买盘
13:51:10,10.63,0.0,107,113741,买盘
13:51:13,10.63,0.0,8,8504,买盘
13:51:16,10.63,0.0,44,46772,买盘
13:51:19,10.63,0.0,19,20198,买盘
13:51:28,10.64,0.01,57,60648,买盘
13:51:31,10.63,-0.01,12,12766,卖盘
13:51:34,10.64,0.01,28,29785,买盘
13:51:37,10.64,0.0,55,58520,买盘
13:51:43,10.65,0.01,1,1065,买盘
13:51:49,10.65,0.0,20,21300,买盘
13:51:52,10.65,0.0,10,10650,买盘
13:51:55,10.65,0.0,53,56445,买盘
13:51:58,10.65,0.0,4,4260,买盘
13:52:01,10.65,0.0,442,470730,买盘
13:52:04,10.65,0.0,18,19170,买盘
13:52:07,10.65,0.0,28,29820,买盘
13:52:10,10.64,-0.01,311,331186,卖盘
13:52:13,10.66,0.02,24,25560,买盘
13:52:16,10.65,-0.01,7,7455,中性盘
13:52:19,10.66,0.01,200,213200,买盘
13:52:22,10.66,0.0,61,65026,买盘
13:52:25,10.66,0.0,50,53300,卖盘
13:52:28,10.66,0.0,23,24518,卖盘
13:52:31,10.67,0.01,101,107738,买盘
13:52:34,10.66,-0.01,125,133350,卖盘
13:52:37,10.66,0.0,2,2132,买盘
13:52:40,10.67,0.01,19,20262,买盘
13:52:43,10.66,-0.01,86,91757,卖盘
13:52:46,10.67,0.01,277,295557,买盘
13:52:49,10.67,0.0,5,5335,卖盘
13:52:52,10.67,0.0,78,83226,卖盘
13:52:55,10.67,0.0,2,2134,卖盘
13:52:58,10.67,0.0,9,9605,卖盘
13:53:01,10.67,0.0,3,3201,卖盘
13:53:04,10.68,0.01,96,102471,买盘
13:53:07,10.66,-0.02,365,389448,卖盘
13:53:10,10.67,0.01,45,47987,买盘
13:53:13,10.66,-0.01,328,349648,卖盘
13:53:16,10.66,0.0,214,228024,卖盘
13:53:19,10.65,-0.01,376,400460,卖盘
13:53:22,10.65,0.0,57,60719,买盘
13:53:25,10.65,0.0,118,125772,卖盘
13:53:28,10.66,0.01,27,28781,买盘
13:53:31,10.66,0.0,3,3196,买盘
13:53:40,10.66,0.0,6,6395,买盘
13:53:43,10.66,0.0,150,159900,买盘
13:53:46,10.66,0.0,5,5330,买盘
13:53:49,10.66,0.0,43,45830,买盘
13:53:52,10.66,0.0,20,21320,买盘
13:53:55,10.66,0.0,14,14924,买盘
13:53:58,10.66,0.0,6,6396,买盘
13:54:01,10.66,0.0,6,6396,买盘
13:54:04,10.66,0.0,72,76750,买盘
13:54:07,10.66,0.0,6,6396,卖盘
13:54:10,10.66,0.0,13,13858,卖盘
13:54:13,10.65,-0.01,14,14910,卖盘
13:54:16,10.66,0.01,32,34104,买盘
13:54:19,10.65,-0.01,72,76732,卖盘
13:54:25,10.65,0.0,42,44764,卖盘
13:54:28,10.66,0.01,5,5330,买盘
13:54:31,10.66,0.0,12,12792,买盘
13:54:34,10.66,0.0,144,153462,买盘
13:54:37,10.65,-0.01,45,47955,卖盘
13:54:40,10.66,0.01,4,4264,买盘
13:54:43,10.65,-0.01,50,53250,卖盘
13:54:46,10.66,0.01,1,1066,买盘
13:54:49,10.66,0.0,7,7462,买盘
13:54:52,10.66,0.0,10,10660,买盘
13:54:55,10.66,0.0,1,1066,买盘
13:54:58,10.66,0.0,55,58630,买盘
13:55:01,10.66,0.0,2,2132,卖盘
13:55:04,10.67,0.01,3,3201,买盘
13:55:07,10.67,0.0,33,35201,买盘
13:55:10,10.67,0.0,6,6402,买盘
13:55:13,10.67,0.0,193,205931,买盘
13:55:16,10.67,0.0,43,45881,买盘
13:55:19,10.67,0.0,7,7466,买盘
13:55:22,10.67,0.0,88,93875,买盘
13:55:25,10.67,0.0,126,134442,买盘
13:55:28,10.67,0.0,7,7468,买盘
13:55:31,10.67,0.0,27,28809,买盘
13:55:34,10.68,0.01,237,252884,买盘
13:55:37,10.67,-0.01,24,25608,卖盘
13:55:43,10.68,0.01,60,64080,买盘
13:55:46,10.68,0.0,25,26700,买盘
13:55:49,10.68,0.0,26,27768,买盘
13:55:52,10.68,0.0,60,64080,买盘
13:55:55,10.68,0.0,26,27768,买盘
13:55:58,10.69,0.01,59,63022,买盘
13:56:01,10.68,-0.01,1,1068,卖盘
13:56:04,10.69,0.01,1,1069,买盘
13:56:10,10.69,0.0,122,130418,买盘
13:56:16,10.69,0.0,162,173251,卖盘
13:56:19,10.69,0.0,41,43808,买盘
13:56:22,10.69,0.0,5,5345,买盘
13:56:25,10.68,-0.01,6,6413,卖盘
13:56:28,10.69,0.01,66,70554,买盘
13:56:31,10.69,0.0,11,11759,买盘
13:56:34,10.69,0.0,34,36346,卖盘
13:56:37,10.69,0.0,19,20320,卖盘
13:56:46,10.69,0.0,7,7483,卖盘
13:56:49,10.7,0.01,11,11758,买盘
13:56:52,10.7,0.0,12,12840,买盘
13:56:55,10.7,0.0,232,248011,买盘
13:56:58,10.7,0.0,86,92005,买盘
13:57:01,10.7,0.0,222,237540,买盘
13:57:04,10.7,0.0,11,11770,买盘
13:57:07,10.7,0.0,47,50290,买盘
13:57:10,10.7,0.0,205,219341,买盘
13:57:13,10.7,0.0,72,77040,买盘
13:57:16,10.7,0.0,14,14980,卖盘
13:57:19,10.71,0.01,86,92106,买盘
13:57:25,10.71,0.0,9,9632,买盘
13:57:28,10.71,0.0,187,200294,买盘
13:57:34,10.72,0.01,143,153296,买盘
13:57:37,10.72,0.0,33,35376,买盘
13:57:40,10.72,0.0,54,57888,买盘
13:57:43,10.72,0.0,158,169376,买盘
13:57:46,10.71,-0.01,19,20349,卖盘
13:57:49,10.71,0.0,56,60028,卖盘
13:57:52,10.71,0.0,2,2143,卖盘
13:57:55,10.72,0.01,189,202606,买盘
13:57:58,10.72,0.0,252,270124,买盘
13:58:04,10.72,0.0,14,15010,卖盘
13:58:07,10.72,0.0,111,119089,卖盘
13:58:10,10.73,0.01,11,11802,买盘
13:58:13,10.73,0.0,186,199572,买盘
13:58:16,10.72,-0.01,851,911874,卖盘
13:58:19,10.72,0.0,366,392002,买盘
13:58:22,10.71,-0.01,49,52475,中性盘
13:58:25,10.71,0.0,82,87791,买盘
13:58:28,10.7,-0.01,161,172472,卖盘
13:58:31,10.71,0.01,29,31042,买盘
13:58:34,10.7,-0.01,89,95232,卖盘
13:58:37,10.7,0.0,150,160607,卖盘
13:58:40,10.71,0.01,112,119851,买盘
13:58:43,10.71,0.0,15,16065,买盘
13:58:46,10.7,-0.01,9,9630,卖盘
13:58:49,10.7,0.0,12,12851,卖盘
13:58:52,10.71,0.01,29,31059,买盘
13:58:55,10.7,-0.01,63,67424,卖盘
13:58:58,10.71,0.01,40,42805,买盘
13:59:01,10.7,-0.01,31,33199,中性盘
13:59:04,10.7,0.0,66,70622,卖盘
13:59:07,10.7,0.0,32,34240,买盘
13:59:13,10.7,0.0,52,55640,买盘
13:59:16,10.7,0.0,98,104860,卖盘
13:59:19,10.7,0.0,240,256800,卖盘
13:59:25,10.71,0.01,22,23562,买盘
13:59:31,10.71,0.0,23,24633,买盘
13:59:40,10.71,0.0,1,1071,买盘
13:59:43,10.71,0.0,138,147680,买盘
13:59:46,10.7,-0.01,6,6425,卖盘
13:59:49,10.72,0.02,881,944306,买盘
