成交时间,成交价格,价格变动,成交量,成交金额,性质
09:25:02,5.19,0.0,2895,1502505,卖盘
09:30:02,5.23,0.04,946,493210,买盘
09:30:05,5.26,0.03,1523,799023,买盘
09:30:08,5.27,0.01,770,405064,买盘
09:30:11,5.28,0.01,510,268935,买盘
09:30:14,5.27,-0.01,755,398505,卖盘
09:30:17,5.28,0.01,309,163194,买盘
09:30:20,5.29,0.01,1632,863795,买盘
09:30:23,5.32,0.03,1345,714566,买盘
09:30:26,5.33,0.01,1015,540727,买盘
09:30:29,5.35,0.02,738,393969,买盘
09:30:32,5.37,0.02,1838,985588,买盘
09:30:35,5.39,0.02,508,273836,买盘
09:30:38,5.39,0.0,622,335661,卖盘
09:30:41,5.41,0.02,2051,1106884,买盘
09:30:44,5.42,0.01,1422,769087,买盘
09:30:47,5.42,0.0,1760,952811,买盘
09:30:50,5.43,0.01,840,454751,中性盘
09:30:53,5.42,-0.01,1060,574560,卖盘
09:30:56,5.42,0.0,1869,1013274,卖盘
09:30:59,5.41,-0.01,551,298535,卖盘
09:31:02,5.4,-0.01,1630,883166,卖盘
09:31:05,5.41,0.01,1335,722152,买盘
09:31:08,5.44,0.03,1854,1007723,买盘
09:31:11,5.43,-0.01,1587,863451,卖盘
09:31:14,5.43,0.0,733,399639,买盘
09:31:17,5.45,0.02,1075,586958,买盘
09:31:20,5.49,0.04,721,395917,买盘
09:31:23,5.51,0.02,2815,1547682,买盘
09:31:26,5.52,0.01,956,526739,买盘
09:31:29,5.52,0.0,984,544936,卖盘
09:31:32,5.55,0.03,1384,765726,买盘
09:31:35,5.55,0.0,1022,566388,买盘
09:31:38,5.55,0.0,1063,587792,买盘
09:31:41,5.55,0.0,4212,2331881,买盘
09:31:44,5.62,0.07,5380,2997750,买盘
09:31:47,5.63,0.01,13107,7358417,买盘
09:31:50,5.63,0.0,3987,2244681,卖盘
09:31:53,5.63,0.0,1706,960478,卖盘
09:31:56,5.63,0.0,2724,1533612,卖盘
09:31:59,5.63,0.0,965,543295,卖盘
09:32:02,5.63,0.0,1460,821980,卖盘
09:32:05,5.63,0.0,1305,734715,卖盘
09:32:08,5.63,0.0,1442,811846,卖盘
09:32:11,5.63,0.0,584,328792,卖盘
09:32:14,5.63,0.0,2679,1508277,卖盘
09:32:17,5.63,0.0,489,275307,卖盘
09:32:20,5.63,0.0,1091,614233,卖盘
09:32:23,5.63,0.0,330,185509,卖盘
09:32:26,5.63,0.0,731,411553,卖盘
09:32:29,5.63,0.0,758,426754,卖盘
09:32:32,5.63,0.0,1148,646324,卖盘
09:32:35,5.63,0.0,577,324851,卖盘
09:32:38,5.63,0.0,666,374958,卖盘
09:32:41,5.63,0.0,612,344556,卖盘
09:32:44,5.63,0.0,293,164959,卖盘
09:32:47,5.63,0.0,1991,1120933,卖盘
09:32:50,5.63,0.0,1339,753857,卖盘
09:32:53,5.63,0.0,616,346808,卖盘
09:32:56,5.63,0.0,344,193672,卖盘
09:32:59,5.63,0.0,416,234208,卖盘
09:33:02,5.63,0.0,648,364824,卖盘
09:33:05,5.63,0.0,214,120482,卖盘
09:33:08,5.63,0.0,658,370454,卖盘
09:33:11,5.63,0.0,478,269114,卖盘
09:33:14,5.63,0.0,165,92895,卖盘
09:33:17,5.63,0.0,619,348497,卖盘
09:33:20,5.63,0.0,245,137935,卖盘
09:33:23,5.63,0.0,264,148632,卖盘
09:33:26,5.63,0.0,34,19142,卖盘
09:33:29,5.63,0.0,158,88954,卖盘
09:33:32,5.63,0.0,107,60241,卖盘
09:33:35,5.63,0.0,288,162144,卖盘
09:33:38,5.63,0.0,271,152573,卖盘
09:33:41,5.63,0.0,111,62493,卖盘
09:33:44,5.63,0.0,440,247720,卖盘
09:33:47,5.63,0.0,210,118230,卖盘
09:33:50,5.63,0.0,242,136246,卖盘
09:33:53,5.63,0.0,391,220133,卖盘
09:33:56,5.63,0.0,34,19142,卖盘
09:33:59,5.63,0.0,75,42225,卖盘
09:34:02,5.63,0.0,130,73190,卖盘
09:34:05,5.63,0.0,67,37721,卖盘
09:34:08,5.63,0.0,371,208873,卖盘
09:34:11,5.63,0.0,148,83324,卖盘
09:34:14,5.63,0.0,57,32091,卖盘
09:34:17,5.63,0.0,87,48981,卖盘
09:34:20,5.63,0.0,124,69812,卖盘
09:34:23,5.63,0.0,83,46729,卖盘
09:34:26,5.63,0.0,151,85013,卖盘
09:34:29,5.63,0.0,1301,732463,卖盘
09:34:32,5.63,0.0,612,344556,卖盘
09:34:35,5.63,0.0,660,371580,卖盘
09:34:38,5.63,0.0,180,101340,卖盘
09:34:41,5.63,0.0,696,391848,卖盘
09:34:44,5.63,0.0,169,95147,卖盘
09:34:47,5.63,0.0,202,113726,卖盘
09:34:50,5.63,0.0,252,141876,卖盘
09:34:53,5.63,0.0,223,125549,卖盘
09:34:56,5.63,0.0,248,139624,卖盘
09:34:59,5.63,0.0,152,85576,卖盘
09:35:02,5.63,0.0,198,111474,卖盘
09:35:05,5.63,0.0,114,64182,卖盘
09:35:08,5.63,0.0,36,20268,卖盘
09:35:11,5.63,0.0,31,17453,卖盘
09:35:14,5.63,0.0,31,17453,卖盘
09:35:17,5.63,0.0,207,116541,卖盘
09:35:20,5.63,0.0,161,90643,卖盘
09:35:23,5.63,0.0,223,125549,卖盘
09:35:26,5.63,0.0,1569,883347,卖盘
09:35:29,5.63,0.0,35,19705,卖盘
09:35:32,5.63,0.0,5,2815,卖盘
09:35:35,5.63,0.0,118,66434,卖盘
09:35:38,5.63,0.0,149,83887,卖盘
09:35:41,5.63,0.0,147,82761,卖盘
09:35:44,5.63,0.0,72,40536,卖盘
09:35:47,5.63,0.0,205,115415,卖盘
09:35:50,5.63,0.0,335,188605,卖盘
09:35:53,5.63,0.0,137,77131,卖盘
09:35:56,5.63,0.0,430,242090,卖盘
09:35:59,5.63,0.0,83,46729,卖盘
09:36:02,5.63,0.0,192,108096,卖盘
09:36:05,5.63,0.0,480,270240,卖盘
09:36:08,5.63,0.0,107,60241,卖盘
09:36:11,5.63,0.0,372,209436,卖盘
09:36:14,5.63,0.0,1494,841122,卖盘
09:36:17,5.63,0.0,108,60804,卖盘
09:36:20,5.63,0.0,179,100777,卖盘
09:36:23,5.63,0.0,328,184664,卖盘
09:36:26,5.63,0.0,2253,1268439,卖盘
09:36:29,5.63,0.0,66,37158,卖盘
09:36:32,5.63,0.0,314,176782,卖盘
09:36:35,5.63,0.0,345,194235,卖盘
09:36:38,5.63,0.0,455,256165,卖盘
09:36:41,5.63,0.0,2321,1306723,卖盘
09:36:44,5.63,0.0,1153,649139,卖盘
09:36:47,5.63,0.0,464,261232,卖盘
09:36:50,5.63,0.0,151,85013,卖盘
09:36:53,5.63,0.0,138,77694,卖盘
09:36:56,5.63,0.0,288,162144,卖盘
09:36:59,5.63,0.0,441,248283,卖盘
09:37:02,5.63,0.0,74,41662,卖盘
09:37:05,5.63,0.0,569,320347,卖盘
09:37:08,5.63,0.0,57,32091,卖盘
09:37:11,5.63,0.0,208,117104,卖盘
09:37:14,5.63,0.0,31,17453,卖盘
09:37:17,5.63,0.0,199,112037,卖盘
09:37:20,5.63,0.0,66,37158,卖盘
09:37:23,5.63,0.0,161,90643,卖盘
09:37:26,5.63,0.0,19,10697,卖盘
09:37:29,5.63,0.0,78,43914,卖盘
09:37:32,5.63,0.0,40,22520,卖盘
09:37:35,5.63,0.0,108,60804,卖盘
09:37:38,5.63,0.0,1236,695868,卖盘
09:37:41,5.63,0.0,226,127238,卖盘
09:37:44,5.63,0.0,77,43351,卖盘
09:37:47,5.63,0.0,156,87828,卖盘
09:37:50,5.63,0.0,570,320910,卖盘
09:37:53,5.63,0.0,104,58552,卖盘
09:37:56,5.63,0.0,297,167211,卖盘
09:37:59,5.63,0.0,388,218444,卖盘
09:38:02,5.63,0.0,42,23646,卖盘
09:38:05,5.63,0.0,66,37158,卖盘
09:38:08,5.63,0.0,474,266862,卖盘
09:38:11,5.63,0.0,19,10697,卖盘
09:38:14,5.63,0.0,145,81635,卖盘
09:38:17,5.63,0.0,45,25335,卖盘
09:38:20,5.63,0.0,293,164959,卖盘
09:38:23,5.63,0.0,501,282063,卖盘
09:38:26,5.63,0.0,120,67560,卖盘
09:38:29,5.63,0.0,12,6756,卖盘
09:38:32,5.63,0.0,295,166085,卖盘
09:38:35,5.63,0.0,420,236460,卖盘
09:38:38,5.63,0.0,75,42225,卖盘
09:38:41,5.63,0.0,141,79383,卖盘
09:38:44,5.63,0.0,204,114852,卖盘
09:38:47,5.63,0.0,75,42225,卖盘
09:38:50,5.63,0.0,52,29276,卖盘
09:38:53,5.63,0.0,4,2252,卖盘
09:38:56,5.63,0.0,4637,2610631,卖盘
09:38:59,5.63,0.0,91,51233,卖盘
09:39:02,5.63,0.0,79,44477,卖盘
09:39:05,5.63,0.0,961,541043,卖盘
09:39:08,5.63,0.0,900,506700,卖盘
09:39:11,5.63,0.0,314,176782,卖盘
09:39:14,5.63,0.0,593,333859,卖盘
09:39:17,5.63,0.0,4605,2592615,卖盘
09:39:20,5.63,0.0,251,141313,卖盘
09:39:23,5.63,0.0,1507,848441,卖盘
09:39:26,5.63,0.0,1599,900237,卖盘
09:39:29,5.63,0.0,1590,895170,卖盘
09:39:32,5.63,0.0,1193,671659,卖盘
09:39:35,5.63,0.0,1017,572571,卖盘
09:39:38,5.63,0.0,612,344556,卖盘
09:39:41,5.63,0.0,133,74879,卖盘
09:39:44,5.63,0.0,3713,2090419,卖盘
09:39:47,5.63,0.0,2687,1512781,卖盘
09:39:50,5.63,0.0,3071,1728973,卖盘
09:39:53,5.63,0.0,2640,1486320,卖盘
09:39:56,5.63,0.0,1288,725144,卖盘
09:39:59,5.63,0.0,333,187479,卖盘
09:40:02,5.63,0.0,161,90643,卖盘
09:40:05,5.63,0.0,476,267988,卖盘
09:40:08,5.63,0.0,81,45603,卖盘
09:40:11,5.63,0.0,83,46729,卖盘
09:40:14,5.63,0.0,345,194235,卖盘
09:40:17,5.63,0.0,97,54611,卖盘
09:40:20,5.63,0.0,75,42225,卖盘
09:40:23,5.63,0.0,74,41662,卖盘
09:40:26,5.63,0.0,118,66434,卖盘
09:40:29,5.63,0.0,20,11260,卖盘
09:40:32,5.63,0.0,73,41099,卖盘
09:40:35,5.63,0.0,65,36595,卖盘
09:40:38,5.63,0.0,87,48981,卖盘
09:40:41,5.63,0.0,85,47855,卖盘
09:40:44,5.63,0.0,8,4504,卖盘
09:40:47,5.63,0.0,2,1126,卖盘
09:40:50,5.63,0.0,55,30965,卖盘
09:40:53,5.63,0.0,189,106407,卖盘
09:40:56,5.63,0.0,100,56300,卖盘
09:40:59,5.63,0.0,31,17453,卖盘
09:41:02,5.63,0.0,25,14075,卖盘
09:41:05,5.63,0.0,107,60241,卖盘
09:41:08,5.63,0.0,116,65308,卖盘
09:41:11,5.63,0.0,38,21394,卖盘
09:41:14,5.63,0.0,84,47292,卖盘
09:41:17,5.63,0.0,110,61930,卖盘
09:41:20,5.63,0.0,11,6193,卖盘
09:41:23,5.63,0.0,30,16890,卖盘
09:41:26,5.63,0.0,80,45040,卖盘
09:41:29,5.63,0.0,152,85576,卖盘
09:41:32,5.63,0.0,5,2815,卖盘
09:41:35,5.63,0.0,130,73190,卖盘
09:41:38,5.63,0.0,22,12386,卖盘
09:41:41,5.63,0.0,119,66997,卖盘
09:41:44,5.63,0.0,132,74316,卖盘
09:41:47,5.63,0.0,54,30402,卖盘
09:41:50,5.63,0.0,85,47855,卖盘
09:41:53,5.63,0.0,161,90643,卖盘
09:41:56,5.63,0.0,25,14075,卖盘
09:41:59,5.63,0.0,167,94021,卖盘
09:42:02,5.63,0.0,167,94021,卖盘
09:42:05,5.63,0.0,63,35469,卖盘
09:42:08,5.63,0.0,118,66434,卖盘
09:42:11,5.63,0.0,86,48418,卖盘
09:42:14,5.63,0.0,224,126112,卖盘
09:42:17,5.63,0.0,426,239838,卖盘
09:42:20,5.63,0.0,433,243779,卖盘
09:42:23,5.63,0.0,414,233082,卖盘
09:42:26,5.63,0.0,96,54048,卖盘
09:42:29,5.63,0.0,130,73190,卖盘
09:42:32,5.63,0.0,417,234771,卖盘
09:42:35,5.63,0.0,323,181849,卖盘
09:42:38,5.63,0.0,199,112037,卖盘
09:42:41,5.63,0.0,423,238149,卖盘
09:42:47,5.63,0.0,4,2252,卖盘
09:42:50,5.63,0.0,274,154262,卖盘
09:42:56,5.63,0.0,27,15201,卖盘
09:42:59,5.63,0.0,113,63619,卖盘
09:43:02,5.63,0.0,35,19705,卖盘
09:43:08,5.63,0.0,51,28713,卖盘
09:43:11,5.63,0.0,17,9571,卖盘
09:43:14,5.63,0.0,9,5067,卖盘
09:43:17,5.63,0.0,183,103029,卖盘
09:43:20,5.63,0.0,168,94584,卖盘
09:43:23,5.63,0.0,46,25898,卖盘
09:43:26,5.63,0.0,116,65308,卖盘
09:43:29,5.63,0.0,57,32091,卖盘
09:43:32,5.63,0.0,64,36032,卖盘
09:43:35,5.63,0.0,1,563,卖盘
09:43:38,5.63,0.0,232,130616,卖盘
09:43:44,5.63,0.0,5,2815,卖盘
09:43:47,5.63,0.0,33,18579,卖盘
09:43:50,5.63,0.0,10,5630,卖盘
09:43:53,5.63,0.0,57,32091,卖盘
09:43:56,5.63,0.0,23,12949,卖盘
09:43:59,5.63,0.0,22,12386,卖盘
09:44:02,5.63,0.0,115,64745,卖盘
09:44:05,5.63,0.0,64,36032,卖盘
09:44:08,5.63,0.0,61,34343,卖盘
09:44:11,5.63,0.0,6,3378,卖盘
09:44:17,5.63,0.0,2,1126,卖盘
09:44:20,5.63,0.0,152,85576,卖盘
09:44:23,5.63,0.0,68,38284,卖盘
09:44:26,5.63,0.0,106,59678,卖盘
09:44:32,5.63,0.0,120,67560,卖盘
09:44:38,5.63,0.0,3,1689,卖盘
09:44:44,5.63,0.0,16,9008,卖盘
09:44:47,5.63,0.0,150,84450,卖盘
09:44:53,5.63,0.0,70,39410,卖盘
09:44:56,5.63,0.0,80,45040,卖盘
09:44:59,5.63,0.0,19,10697,卖盘
09:45:02,5.63,0.0,100,56300,卖盘
09:45:05,5.63,0.0,1404,790452,卖盘
09:45:08,5.63,0.0,814,458282,卖盘
09:45:11,5.63,0.0,349,196487,卖盘
09:45:14,5.63,0.0,310,174530,卖盘
09:45:17,5.63,0.0,173,97399,卖盘
09:45:20,5.63,0.0,885,498255,卖盘
09:45:23,5.63,0.0,174,97962,卖盘
09:45:26,5.63,0.0,40,22520,卖盘
09:45:29,5.63,0.0,639,359757,卖盘
09:45:32,5.63,0.0,689,387907,卖盘
09:45:35,5.63,0.0,656,369328,卖盘
09:45:38,5.63,0.0,741,417183,卖盘
09:45:41,5.63,0.0,64,36032,卖盘
09:45:44,5.63,0.0,230,129490,卖盘
09:45:50,5.63,0.0,8,4504,卖盘
09:45:53,5.63,0.0,67,37721,卖盘
09:45:56,5.63,0.0,15,8445,卖盘
09:45:59,5.63,0.0,65,36595,卖盘
09:46:02,5.63,0.0,55,30965,卖盘
09:46:05,5.63,0.0,31,17453,卖盘
09:46:08,5.63,0.0,952,535976,卖盘
09:46:11,5.63,0.0,100,56300,卖盘
09:46:14,5.63,0.0,1376,774688,卖盘
09:46:17,5.63,0.0,51,28713,卖盘
09:46:20,5.63,0.0,333,187479,卖盘
09:46:23,5.63,0.0,195,109785,卖盘
09:46:26,5.63,0.0,6,3378,卖盘
09:46:29,5.63,0.0,170,95710,卖盘
09:46:32,5.63,0.0,14,7882,卖盘
09:46:35,5.63,0.0,36,20268,卖盘
09:46:38,5.63,0.0,303,170589,卖盘
09:46:41,5.63,0.0,70,39410,卖盘
09:46:44,5.63,0.0,139,78257,卖盘
09:46:47,5.63,0.0,693,390159,卖盘
09:46:50,5.63,0.0,187,105281,卖盘
09:46:53,5.63,0.0,365,205495,卖盘
09:46:56,5.63,0.0,902,507826,卖盘
09:46:59,5.63,0.0,207,116541,卖盘
09:47:02,5.63,0.0,6,3378,卖盘
09:47:05,5.63,0.0,231,130053,卖盘
09:47:08,5.63,0.0,210,118230,卖盘
09:47:11,5.63,0.0,143,80509,卖盘
09:47:14,5.63,0.0,345,194235,卖盘
09:47:17,5.63,0.0,101,56863,卖盘
09:47:20,5.63,0.0,510,287130,卖盘
09:47:23,5.63,0.0,661,372143,卖盘
09:47:26,5.63,0.0,62,34906,卖盘
09:47:29,5.63,0.0,275,154825,卖盘
09:47:32,5.63,0.0,675,380025,卖盘
09:47:35,5.63,0.0,5,2815,卖盘
09:47:38,5.63,0.0,78,43914,卖盘
09:47:41,5.63,0.0,368,207184,卖盘
09:47:44,5.63,0.0,91,51233,卖盘
09:47:47,5.63,0.0,217,122171,卖盘
09:47:50,5.63,0.0,154,86702,卖盘
09:47:53,5.63,0.0,84,47292,卖盘
09:47:56,5.63,0.0,397,223511,卖盘
09:47:59,5.63,0.0,385,216755,卖盘
09:48:02,5.63,0.0,190,106970,卖盘
09:48:05,5.63,0.0,229,128927,卖盘
09:48:08,5.63,0.0,211,118793,卖盘
09:48:11,5.63,0.0,62,34906,卖盘
09:48:14,5.63,0.0,304,171152,卖盘
09:48:17,5.63,0.0,125,70375,卖盘
09:48:20,5.63,0.0,6,3378,卖盘
09:48:23,5.63,0.0,10,5630,卖盘
09:48:29,5.63,0.0,57,32091,卖盘
09:48:32,5.63,0.0,472,265736,卖盘
09:48:35,5.63,0.0,52,29276,卖盘
09:48:38,5.63,0.0,5,2815,卖盘
09:48:41,5.63,0.0,10,5630,卖盘
09:48:47,5.63,0.0,11,6193,卖盘
09:48:50,5.63,0.0,223,125549,卖盘
09:48:53,5.63,0.0,161,90643,卖盘
09:48:56,5.63,0.0,50,28150,卖盘
09:48:59,5.63,0.0,125,70375,卖盘
09:49:02,5.63,0.0,169,95147,卖盘
09:49:05,5.63,0.0,46,25898,卖盘
09:49:08,5.63,0.0,38,21394,卖盘
09:49:11,5.63,0.0,145,81635,卖盘
09:49:14,5.63,0.0,470,264610,卖盘
09:49:17,5.63,0.0,107,60241,卖盘
09:49:20,5.63,0.0,2,1126,卖盘
09:49:26,5.63,0.0,106,59678,卖盘
09:49:29,5.63,0.0,25,14075,卖盘
09:49:32,5.63,0.0,164,92332,卖盘
09:49:35,5.63,0.0,239,134557,卖盘
09:49:38,5.63,0.0,1565,881095,卖盘
09:49:41,5.63,0.0,315,177345,卖盘
09:49:44,5.63,0.0,121,68123,卖盘
09:49:47,5.63,0.0,111,62493,卖盘
09:49:50,5.63,0.0,66,37158,卖盘
09:49:53,5.63,0.0,206,115978,卖盘
09:49:56,5.63,0.0,65,36595,卖盘
09:49:59,5.63,0.0,30,16890,卖盘
09:50:02,5.63,0.0,1266,712758,卖盘
09:50:05,5.63,0.0,916,515708,卖盘
09:50:08,5.63,0.0,233,131179,卖盘
09:50:11,5.63,0.0,629,354127,卖盘
09:50:14,5.63,0.0,2308,1299404,卖盘
09:50:17,5.63,0.0,15286,8606018,卖盘
09:50:20,5.63,0.0,6862,3863306,卖盘
09:50:23,5.54,-0.09,7528,4215136,卖盘
09:50:26,5.53,-0.01,4562,2524030,卖盘
09:50:29,5.56,0.03,2913,1612185,买盘
09:50:32,5.54,-0.02,2324,1285600,中性盘
09:50:35,5.55,0.01,1968,1089793,买盘
09:50:38,5.55,0.0,1158,641472,买盘
09:50:41,5.55,0.0,1778,984937,卖盘
09:50:44,5.54,-0.01,1507,834108,中性盘
09:50:47,5.53,-0.01,567,313445,卖盘
09:50:50,5.5,-0.03,1188,655084,卖盘
09:50:53,5.49,-0.01,1209,664649,卖盘
09:50:56,5.5,0.01,787,433039,买盘
09:50:59,5.51,0.01,1062,585399,买盘
09:51:02,5.53,0.02,2156,1189398,买盘
09:51:05,5.52,-0.01,450,248554,中性盘
09:51:08,5.52,0.0,2402,1324495,卖盘
09:51:11,5.48,-0.04,3173,1739969,卖盘
09:51:14,5.49,0.01,1900,1040937,买盘
09:51:17,5.48,-0.01,992,543865,卖盘
09:51:20,5.49,0.01,140,76809,买盘
09:51:23,5.48,-0.01,1176,645201,卖盘
09:51:26,5.48,0.0,907,497617,卖盘
09:51:29,5.48,0.0,2362,1294901,卖盘
09:51:32,5.48,0.0,889,487171,中性盘
09:51:35,5.48,0.0,778,426490,卖盘
09:51:38,5.46,-0.02,2165,1183145,卖盘
09:51:41,5.47,0.01,761,415756,买盘
09:51:44,5.47,0.0,487,266177,买盘
09:51:47,5.47,0.0,1144,625445,买盘
09:51:50,5.46,-0.01,900,492081,卖盘
09:51:53,5.46,0.0,1236,675895,卖盘
09:51:56,5.46,0.0,658,359317,卖盘
09:51:59,5.46,0.0,506,276569,中性盘
09:52:02,5.46,0.0,1266,691505,卖盘
09:52:05,5.45,-0.01,609,331976,卖盘
09:52:08,5.45,0.0,647,353081,卖盘
09:52:11,5.46,0.01,489,266783,买盘
09:52:14,5.45,-0.01,364,198652,卖盘
09:52:17,5.46,0.01,241,131675,买盘
09:52:20,5.47,0.01,896,489154,买盘
09:52:23,5.46,-0.01,600,328024,卖盘
09:52:26,5.49,0.03,2379,1301711,买盘
09:52:29,5.49,0.0,123,67513,买盘
09:52:32,5.5,0.01,333,183061,买盘
09:52:35,5.51,0.01,933,512892,买盘
09:52:38,5.5,-0.01,1482,814978,买盘
09:52:41,5.48,-0.02,1333,731049,卖盘
09:52:44,5.46,-0.02,4895,2675652,卖盘
09:52:47,5.45,-0.01,2295,1250900,中性盘
09:52:50,5.45,0.0,1051,572796,卖盘
09:52:53,5.44,-0.01,372,202825,中性盘
09:52:56,5.44,0.0,268,146089,卖盘
09:52:59,5.47,0.03,311,169761,买盘
09:53:02,5.46,-0.01,275,150152,卖盘
09:53:05,5.45,-0.01,1150,627493,卖盘
09:53:08,5.45,0.0,433,235921,卖盘
09:53:11,5.44,-0.01,910,495233,卖盘
09:53:14,5.43,-0.01,1123,611420,卖盘
09:53:17,5.45,0.02,631,343467,买盘
09:53:20,5.43,-0.02,1289,701359,卖盘
09:53:23,5.44,0.01,208,113076,买盘
09:53:26,5.42,-0.02,1849,1004402,卖盘
09:53:29,5.42,0.0,978,530771,卖盘
09:53:32,5.42,0.0,312,169182,卖盘
09:53:35,5.42,0.0,333,180485,卖盘
09:53:38,5.41,-0.01,157,85053,卖盘
09:53:41,5.41,0.0,45,24345,卖盘
09:53:44,5.42,0.01,313,169496,买盘
09:53:47,5.42,0.0,957,518278,买盘
09:53:50,5.42,0.0,696,377141,买盘
09:53:53,5.42,0.0,3024,1638530,卖盘
09:53:56,5.42,0.0,404,218956,买盘
09:53:59,5.41,-0.01,480,260051,卖盘
09:54:02,5.42,0.01,443,240067,买盘
09:54:05,5.42,0.0,267,144602,买盘
09:54:08,5.42,0.0,261,141337,买盘
09:54:11,5.42,0.0,314,170149,买盘
09:54:14,5.43,0.01,1300,704599,买盘
09:54:17,5.43,0.0,689,373663,买盘
09:54:20,5.43,0.0,599,324881,买盘
09:54:23,5.43,0.0,512,277888,买盘
09:54:26,5.43,0.0,406,220443,买盘
09:54:29,5.43,0.0,1719,933462,买盘
09:54:32,5.42,-0.01,1921,1042492,卖盘
09:54:35,5.42,0.0,554,300664,卖盘
09:54:38,5.43,0.01,207,112295,买盘
09:54:41,5.42,-0.01,2870,1553824,中性盘
09:54:44,5.43,0.01,1224,663703,买盘
09:54:47,5.43,0.0,263,142655,买盘
09:54:50,5.43,0.0,464,251951,买盘
09:54:53,5.43,0.0,321,174569,卖盘
09:54:56,5.44,0.01,25,13600,买盘
09:54:59,5.43,-0.01,169,91900,卖盘
09:55:02,5.43,0.0,651,353752,卖盘
09:55:05,5.44,0.01,977,531486,买盘
09:55:08,5.45,0.01,153,83266,买盘
09:55:11,5.45,0.0,491,267587,买盘
09:55:14,5.46,0.01,212,115568,买盘
09:55:17,5.45,-0.01,384,209524,卖盘
09:55:20,5.45,0.0,407,222051,卖盘
09:55:23,5.46,0.01,1593,869790,买盘
09:55:26,5.46,0.0,2352,1283140,卖盘
09:55:29,5.44,-0.02,1187,646693,卖盘
09:55:32,5.44,0.0,619,337094,卖盘
09:55:35,5.45,0.01,309,168382,买盘
09:55:38,5.45,0.0,1629,887033,买盘
09:55:41,5.46,0.01,996,543222,买盘
09:55:44,5.45,-0.01,771,420103,卖盘
09:55:47,5.45,0.0,168,91658,卖盘
09:55:50,5.45,0.0,1446,788993,买盘
09:55:53,5.45,0.0,1945,1058735,卖盘
09:55:56,5.44,-0.01,394,214721,卖盘
09:55:59,5.45,0.01,369,201115,买盘
09:56:02,5.44,-0.01,529,288216,卖盘
09:56:05,5.43,-0.01,457,248790,卖盘
09:56:08,5.44,0.01,145,78839,买盘
09:56:11,5.44,0.0,122,66354,买盘
09:56:14,5.44,0.0,370,201290,买盘
09:56:17,5.44,0.0,747,405922,卖盘
09:56:20,5.44,0.0,79,42927,买盘
09:56:23,5.43,-0.01,345,187577,卖盘
09:56:26,5.44,0.01,44,23917,买盘
09:56:29,5.42,-0.02,1320,716521,卖盘
09:56:32,5.43,0.01,229,124265,买盘
09:56:35,5.43,0.0,308,167292,买盘
09:56:38,5.43,0.0,547,296742,买盘
09:56:41,5.43,0.0,157,85101,买盘
09:56:44,5.43,0.0,659,357290,买盘
09:56:47,5.43,0.0,409,222059,买盘
09:56:50,5.43,0.0,357,193840,买盘
09:56:53,5.43,0.0,597,323868,买盘
09:56:56,5.43,0.0,60,32559,买盘
09:56:59,5.43,0.0,23,12489,买盘
09:57:02,5.42,-0.01,133,72035,卖盘
09:57:05,5.42,0.0,48,26016,买盘
09:57:08,5.41,-0.01,221,119673,卖盘
09:57:11,5.42,0.01,131,70910,买盘
09:57:14,5.42,0.0,68,36835,买盘
09:57:17,5.42,0.0,308,166670,买盘
09:57:20,5.41,-0.01,1314,711004,卖盘
09:57:23,5.41,0.0,157,84978,买盘
09:57:26,5.41,0.0,48,25968,买盘
09:57:29,5.4,-0.01,53,28671,卖盘
09:57:32,5.41,0.01,148,80054,买盘
09:57:35,5.42,0.01,332,179735,买盘
09:57:38,5.41,-0.01,566,305874,卖盘
09:57:41,5.41,0.0,149,80589,买盘
09:57:44,5.4,-0.01,358,193664,卖盘
09:57:47,5.41,0.01,166,89792,买盘
09:57:50,5.41,0.0,178,96298,买盘
09:57:53,5.41,0.0,242,130922,卖盘
09:57:56,5.41,0.0,530,287200,卖盘
09:57:59,5.41,0.0,53,28694,卖盘
09:58:02,5.42,0.01,5,2710,买盘
09:58:05,5.41,-0.01,129,69816,卖盘
09:58:08,5.41,0.0,180,97546,卖盘
09:58:11,5.42,0.01,157,85020,买盘
09:58:14,5.42,0.0,172,93156,买盘
09:58:17,5.42,0.0,103,55814,买盘
09:58:20,5.42,0.0,7,3794,卖盘
09:58:23,5.43,0.01,31,16822,买盘
09:58:26,5.42,-0.01,13,7048,卖盘
09:58:29,5.43,0.01,323,175205,买盘
09:58:32,5.43,0.0,496,269163,买盘
09:58:35,5.43,0.0,478,259471,买盘
09:58:38,5.43,0.0,354,192162,买盘
09:58:41,5.43,0.0,76,41267,买盘
09:58:44,5.4,-0.03,2670,1445727,卖盘
09:58:47,5.4,0.0,2767,1494496,卖盘
09:58:50,5.4,0.0,1890,1020468,卖盘
09:58:53,5.4,0.0,29,15654,买盘
09:58:56,5.39,-0.01,251,135293,卖盘
09:58:59,5.39,0.0,620,334163,卖盘
09:59:02,5.38,-0.01,980,527798,卖盘
09:59:05,5.38,0.0,621,334504,卖盘
09:59:08,5.38,0.0,85,45740,卖盘
09:59:11,5.38,0.0,646,347636,卖盘
09:59:14,5.37,-0.01,792,426091,卖盘
09:59:17,5.38,0.01,591,318137,买盘
09:59:20,5.38,0.0,58,31235,卖盘
09:59:23,5.39,0.01,964,519589,买盘
09:59:26,5.39,0.0,1078,580306,卖盘
09:59:29,5.39,0.0,285,153620,卖盘
09:59:32,5.39,0.0,19,10234,买盘
09:59:35,5.38,-0.01,525,282926,卖盘
09:59:38,5.4,0.02,319,172111,买盘
09:59:41,5.4,0.0,614,331246,买盘
09:59:44,5.4,0.0,800,430875,买盘
09:59:47,5.38,-0.02,79,42568,卖盘
09:59:50,5.4,0.02,50,26941,买盘
09:59:53,5.4,0.0,72,38846,买盘
09:59:56,5.4,0.0,140,75572,买盘
09:59:59,5.4,0.0,88,47513,买盘
10:00:02,5.39,-0.01,82,44272,卖盘
10:00:05,5.4,0.01,214,115486,买盘
10:00:08,5.39,-0.01,404,217981,卖盘
10:00:11,5.38,-0.01,1045,563254,卖盘
10:00:14,5.38,0.0,218,117284,卖盘
10:00:17,5.38,0.0,818,440341,卖盘
10:00:20,5.38,0.0,186,100052,买盘
10:00:23,5.38,0.0,355,190978,买盘
10:00:26,5.38,0.0,704,378223,买盘
10:00:29,5.38,0.0,24,12912,买盘
10:00:32,5.38,0.0,95,51110,买盘
10:00:35,5.38,0.0,309,166227,买盘
10:00:38,5.38,0.0,3,1614,买盘
10:00:41,5.37,-0.01,101,54241,卖盘
10:00:44,5.38,0.01,145,77946,买盘
10:00:47,5.38,0.0,81,43553,买盘
10:00:50,5.38,0.0,98,52636,买盘
10:00:53,5.37,-0.01,19,10203,卖盘
10:00:56,5.37,0.0,217,116529,卖盘
10:00:59,5.37,0.0,428,229846,卖盘
10:01:02,5.36,-0.01,113,60637,卖盘
10:01:05,5.36,0.0,310,166229,卖盘
10:01:08,5.36,0.0,86,46125,卖盘
10:01:11,5.36,0.0,71,38071,卖盘
10:01:14,5.37,0.01,372,199432,买盘
10:01:17,5.38,0.01,2147,1153826,买盘
10:01:20,5.38,0.0,553,297372,买盘
10:01:23,5.38,0.0,422,226724,卖盘
10:01:26,5.38,0.0,206,110822,买盘
10:01:29,5.38,0.0,198,106488,买盘
10:01:32,5.38,0.0,374,201230,买盘
10:01:35,5.37,-0.01,476,256173,卖盘
10:01:38,5.38,0.01,485,260724,买盘
10:01:41,5.36,-0.02,171,91734,卖盘
10:01:44,5.36,0.0,190,102019,卖盘
10:01:47,5.37,0.01,244,130844,买盘
10:01:50,5.36,-0.01,201,107868,卖盘
10:01:53,5.36,0.0,98,52587,卖盘
10:01:56,5.36,0.0,597,319992,卖盘
10:01:59,5.35,-0.01,100,53560,卖盘
10:02:02,5.35,0.0,99,53018,卖盘
10:02:05,5.34,-0.01,1024,547686,卖盘
10:02:08,5.34,0.0,440,235210,卖盘
10:02:11,5.34,0.0,196,104670,卖盘
10:02:14,5.34,0.0,417,222704,买盘
10:02:17,5.34,0.0,372,198784,卖盘
10:02:20,5.34,0.0,12,6409,卖盘
10:02:23,5.34,0.0,11,5874,卖盘
10:02:26,5.34,0.0,1550,828011,卖盘
10:02:29,5.33,-0.01,1324,706459,卖盘
10:02:32,5.32,-0.01,957,510080,卖盘
10:02:35,5.32,0.0,531,282511,卖盘
10:02:38,5.32,0.0,528,280900,卖盘
10:02:41,5.32,0.0,19,10110,卖盘
10:02:44,5.32,0.0,167,88845,卖盘
10:02:47,5.33,0.01,331,176108,买盘
10:02:50,5.32,-0.01,156,83003,卖盘
10:02:53,5.33,0.01,123,65554,买盘
10:02:56,5.32,-0.01,49,26092,卖盘
10:02:59,5.33,0.01,270,143845,买盘
10:03:02,5.34,0.01,3423,1826820,买盘
10:03:05,5.35,0.01,3250,1738246,买盘
10:03:08,5.36,0.01,2555,1367736,买盘
10:03:11,5.36,0.0,4146,2216909,买盘
10:03:14,5.37,0.01,1000,536919,买盘
10:03:17,5.37,0.0,462,248087,买盘
10:03:20,5.37,0.0,1198,643401,买盘
10:03:23,5.38,0.01,407,218911,买盘
10:03:26,5.36,-0.02,829,444646,卖盘
10:03:29,5.37,0.01,138,73994,买盘
10:03:32,5.37,0.0,585,313987,买盘
10:03:35,5.37,0.0,181,97056,买盘
10:03:38,5.37,0.0,548,294270,买盘
10:03:41,5.37,0.0,44,23621,买盘
10:03:44,5.36,-0.01,787,422215,卖盘
10:03:47,5.37,0.01,270,144952,买盘
10:03:50,5.36,-0.01,140,75154,卖盘
10:03:53,5.37,0.01,685,367843,买盘
10:03:56,5.37,0.0,30,16110,买盘
10:03:59,5.36,-0.01,213,114358,卖盘
10:04:02,5.37,0.01,23,12351,买盘
10:04:05,5.37,0.0,174,93285,买盘
10:04:08,5.37,0.0,235,126174,买盘
10:04:11,5.37,0.0,381,204597,买盘
10:04:14,5.37,0.0,44,23626,买盘
10:04:17,5.37,0.0,329,176673,买盘
10:04:20,5.37,0.0,1090,585330,买盘
10:04:23,5.37,0.0,397,213112,买盘
10:04:26,5.37,0.0,394,211574,买盘
10:04:29,5.37,0.0,288,154634,买盘
10:04:32,5.37,0.0,355,190632,买盘
10:04:35,5.37,0.0,265,142305,卖盘
10:04:38,5.37,0.0,34,18263,卖盘
10:04:41,5.38,0.01,32,17216,买盘
10:04:44,5.38,0.0,404,217222,买盘
10:04:47,5.38,0.0,422,227033,买盘
10:04:50,5.38,0.0,359,193140,买盘
10:04:53,5.37,-0.01,438,235576,卖盘
10:04:56,5.39,0.02,60,32293,买盘
10:04:59,5.38,-0.01,108,58104,买盘
10:05:02,5.38,0.0,164,88297,卖盘
10:05:05,5.39,0.01,311,167373,买盘
10:05:08,5.39,0.0,626,337410,买盘
10:05:11,5.38,-0.01,82,44191,卖盘
10:05:14,5.37,-0.01,1729,929926,卖盘
10:05:17,5.38,0.01,250,134410,买盘
10:05:20,5.36,-0.02,1421,762961,卖盘
10:05:23,5.37,0.01,406,217794,买盘
10:05:26,5.37,0.0,57,30598,买盘
10:05:29,5.37,0.0,73,39178,买盘
10:05:32,5.36,-0.01,82,43965,卖盘
10:05:35,5.36,0.0,298,159728,卖盘
10:05:38,5.35,-0.01,123,65884,卖盘
10:05:41,5.36,0.01,279,149544,买盘
10:05:44,5.37,0.01,681,365651,买盘
10:05:47,5.37,0.0,217,116529,买盘
10:05:50,5.37,0.0,121,64996,卖盘
10:05:53,5.36,-0.01,74,39698,卖盘
10:05:56,5.37,0.01,106,56922,买盘
10:05:59,5.37,0.0,162,86994,买盘
10:06:02,5.37,0.0,38,20406,买盘
10:06:05,5.37,0.0,45,24155,买盘
10:06:08,5.37,0.0,56,30072,买盘
10:06:11,5.37,0.0,90,48330,买盘
10:06:14,5.37,0.0,33,17721,买盘
10:06:17,5.37,0.0,638,342545,买盘
10:06:20,5.37,0.0,76,40812,买盘
10:06:23,5.37,0.0,104,55795,买盘
10:06:26,5.35,-0.02,3827,2050380,卖盘
10:06:29,5.34,-0.01,206,110233,卖盘
10:06:35,5.34,0.0,22,11748,卖盘
10:06:38,5.35,0.01,44,23530,买盘
10:06:41,5.35,0.0,149,79665,买盘
10:06:44,5.35,0.0,28,14980,买盘
10:06:47,5.35,0.0,84,44877,买盘
10:06:50,5.36,0.01,470,251452,买盘
10:06:53,5.35,-0.01,73,39055,中性盘
10:06:56,5.35,0.0,98,52469,买盘
10:06:59,5.34,-0.01,41,21917,卖盘
10:07:02,5.35,0.01,1,535,买盘
10:07:05,5.34,-0.01,240,128336,卖盘
10:07:08,5.32,-0.02,1717,915609,卖盘
10:07:11,5.34,0.02,293,156299,买盘
10:07:14,5.34,0.0,87,46396,买盘
10:07:17,5.33,-0.01,51,27183,卖盘
10:07:20,5.33,0.0,519,277120,卖盘
10:07:23,5.33,0.0,77,41096,卖盘
10:07:26,5.35,0.02,163,87069,买盘
10:07:29,5.34,-0.01,103,55002,卖盘
10:07:32,5.34,0.0,319,170346,卖盘
10:07:35,5.34,0.0,62,33062,买盘
10:07:38,5.34,0.0,40,21356,买盘
10:07:41,5.34,0.0,22,11747,买盘
10:07:44,5.33,-0.01,6,3198,卖盘
10:07:47,5.34,0.01,1101,586943,买盘
10:07:50,5.33,-0.01,66,35194,卖盘
10:07:53,5.34,0.01,560,298997,买盘
10:07:56,5.34,0.0,166,88644,卖盘
10:07:59,5.33,-0.01,31,16523,卖盘
10:08:02,5.33,0.0,17,9061,卖盘
10:08:05,5.34,0.01,30,16016,买盘
10:08:08,5.34,0.0,77,41101,买盘
10:08:11,5.34,0.0,97,51798,买盘
10:08:14,5.33,-0.01,65,34688,卖盘
10:08:17,5.33,0.0,62,33082,卖盘
10:08:20,5.34,0.01,49,26166,买盘
10:08:23,5.34,0.0,141,75257,买盘
10:08:26,5.34,0.0,45,24030,买盘
10:08:29,5.34,0.0,148,79032,买盘
10:08:32,5.34,0.0,77,41082,买盘
10:08:35,5.34,0.0,17,9078,买盘
10:08:38,5.34,0.0,3,1602,买盘
10:08:41,5.34,0.0,28,14947,买盘
10:08:44,5.34,0.0,59,31506,买盘
10:08:47,5.34,0.0,26,13884,买盘
10:08:50,5.34,0.0,24,12816,买盘
10:08:53,5.33,-0.01,520,277652,卖盘
10:08:56,5.34,0.01,270,144107,买盘
10:08:59,5.33,-0.01,233,124370,卖盘
10:09:02,5.33,0.0,152,81020,卖盘
10:09:05,5.34,0.01,209,111444,买盘
10:09:08,5.33,-0.01,868,462744,卖盘
10:09:11,5.34,0.01,236,125845,买盘
10:09:14,5.34,0.0,43,22954,买盘
10:09:17,5.34,0.0,30,16017,买盘
10:09:20,5.34,0.0,401,214134,买盘
10:09:23,5.34,0.0,88,46992,买盘
10:09:26,5.34,0.0,223,119082,买盘
10:09:29,5.34,0.0,82,43788,买盘
10:09:32,5.34,0.0,83,44280,买盘
10:09:35,5.34,0.0,27,14418,买盘
10:09:38,5.34,0.0,22,11748,买盘
10:09:41,5.34,0.0,318,169812,买盘
10:09:44,5.33,-0.01,23,12279,卖盘
10:09:47,5.34,0.01,127,67799,买盘
10:09:50,5.34,0.0,225,120150,买盘
10:09:53,5.34,0.0,135,72090,买盘
10:09:56,5.34,0.0,190,101460,买盘
10:09:59,5.34,0.0,100,53394,买盘
10:10:02,5.34,0.0,137,73158,买盘
10:10:05,5.34,0.0,140,74760,卖盘
10:10:08,5.34,0.0,52,27759,买盘
10:10:11,5.34,0.0,121,64610,买盘
10:10:14,5.33,-0.01,26,13878,卖盘
10:10:20,5.32,-0.01,1595,849978,卖盘
10:10:23,5.33,0.01,71,37777,买盘
10:10:26,5.32,-0.01,45,23940,卖盘
10:10:29,5.32,0.0,156,83060,卖盘
10:10:35,5.33,0.01,26,13857,买盘
10:10:38,5.33,0.0,78,41516,买盘
10:10:41,5.33,0.0,144,76746,买盘
10:10:44,5.33,0.0,39,20776,买盘
10:10:47,5.33,0.0,76,40508,买盘
10:10:50,5.33,0.0,8,4261,买盘
10:10:53,5.33,0.0,11,5863,买盘
10:10:56,5.32,-0.01,55,29289,卖盘
10:10:59,5.33,0.01,166,88332,买盘
10:11:02,5.33,0.0,287,152883,买盘
10:11:05,5.33,0.0,63,33567,买盘
10:11:08,5.32,-0.01,906,482897,卖盘
10:11:11,5.33,0.01,248,132064,中性盘
10:11:14,5.32,-0.01,1394,741614,卖盘
10:11:17,5.31,-0.01,89,47322,卖盘
10:11:20,5.31,0.0,169,89902,卖盘
10:11:23,5.32,0.01,29,15428,买盘
10:11:26,5.32,0.0,100,53204,卖盘
10:11:29,5.32,0.0,55,29260,卖盘
10:11:32,5.32,0.0,31,16480,卖盘
10:11:35,5.33,0.01,36,19160,买盘
10:11:41,5.32,-0.01,162,86198,卖盘
10:11:44,5.32,0.0,33,17556,买盘
10:11:47,5.32,0.0,21,11172,买盘
10:11:50,5.32,0.0,28,14881,买盘
10:11:53,5.32,0.0,9,4788,买盘
10:11:56,5.31,-0.01,476,252778,卖盘
10:11:59,5.31,0.0,475,252247,卖盘
10:12:02,5.31,0.0,395,209749,卖盘
10:12:05,5.31,0.0,223,118524,卖盘
10:12:08,5.31,0.0,59,31348,卖盘
10:12:14,5.32,0.01,21,11172,买盘
10:12:17,5.31,-0.01,1214,644610,卖盘
10:12:20,5.31,0.0,79,41949,买盘
10:12:23,5.31,0.0,267,141751,买盘
10:12:26,5.31,0.0,42,22292,买盘
10:12:29,5.31,0.0,624,331714,买盘
10:12:32,5.31,0.0,28,14868,买盘
10:12:38,5.31,0.0,111,58958,卖盘
10:12:41,5.32,0.01,305,162210,买盘
10:12:44,5.31,-0.01,21,11151,卖盘
10:12:47,5.32,0.01,1,532,买盘
10:12:50,5.32,0.0,239,126924,买盘
10:12:53,5.32,0.0,760,404222,买盘
10:12:56,5.32,0.0,25,13300,买盘
10:12:59,5.32,0.0,109,57988,买盘
10:13:02,5.32,0.0,299,158944,买盘
10:13:05,5.32,0.0,48,25534,买盘
10:13:08,5.31,-0.01,153,81350,卖盘
10:13:11,5.31,0.0,829,440302,卖盘
10:13:14,5.31,0.0,916,486402,卖盘
10:13:17,5.3,-0.01,125,66327,卖盘
10:13:20,5.3,0.0,36,19108,卖盘
10:13:23,5.31,0.01,5,2655,买盘
10:13:29,5.31,0.0,45,23895,买盘
10:13:32,5.31,0.0,93,49383,买盘
10:13:35,5.31,0.0,58,30760,买盘
10:13:38,5.31,0.0,160,84959,买盘
10:13:41,5.31,0.0,180,95580,买盘
10:13:44,5.31,0.0,86,45666,买盘
10:13:47,5.31,0.0,8,4248,卖盘
10:13:50,5.32,0.01,18,9560,买盘
10:13:53,5.32,0.0,185,98417,买盘
10:13:56,5.32,0.0,192,102080,买盘
10:13:59,5.32,0.0,80,42560,买盘
10:14:02,5.32,0.0,177,94087,买盘
10:14:05,5.31,-0.01,112,59472,卖盘
10:14:08,5.31,0.0,20,10620,卖盘
10:14:11,5.31,0.0,248,131678,卖盘
10:14:14,5.31,0.0,200,106236,买盘
10:14:17,5.31,0.0,525,279247,买盘
10:14:20,5.31,0.0,51,27083,卖盘
10:14:23,5.31,0.0,4,2124,卖盘
10:14:26,5.31,0.0,24,12744,买盘
10:14:29,5.31,0.0,48,25488,卖盘
10:14:32,5.32,0.01,92,48903,买盘
10:14:35,5.31,-0.01,19,10089,卖盘
10:14:38,5.32,0.01,41,21790,买盘
10:14:41,5.32,0.0,3,1594,买盘
10:14:44,5.31,-0.01,84,44659,卖盘
10:14:47,5.31,0.0,48,25493,卖盘
10:14:50,5.31,0.0,34,18054,卖盘
10:14:53,5.31,0.0,145,76995,卖盘
10:14:56,5.31,0.0,61,32350,卖盘
10:14:59,5.31,0.0,320,169898,买盘
10:15:02,5.3,-0.01,50,26540,卖盘
10:15:05,5.3,0.0,65,34508,卖盘
10:15:08,5.3,0.0,18,9540,卖盘
10:15:11,5.3,0.0,23,12190,卖盘
10:15:14,5.3,0.0,107,56811,卖盘
10:15:17,5.31,0.01,691,366898,买盘
10:15:20,5.31,0.0,102,54159,买盘
10:15:23,5.31,0.0,90,47778,卖盘
10:15:26,5.31,0.0,40,21241,买盘
10:15:29,5.3,-0.01,535,284058,卖盘
10:15:32,5.31,0.01,31,16460,买盘
10:15:35,5.31,0.0,277,147087,买盘
10:15:38,5.31,0.0,401,213160,卖盘
10:15:41,5.31,0.0,69,36673,卖盘
10:15:47,5.32,0.01,168,89376,买盘
10:15:50,5.31,-0.01,42,22322,卖盘
10:15:53,5.32,0.01,60,31879,买盘
10:15:59,5.32,0.0,83,44136,买盘
10:16:02,5.31,-0.01,89,47304,卖盘
10:16:05,5.31,0.0,56,29736,卖盘
10:16:08,5.31,0.0,589,312759,卖盘
10:16:11,5.3,-0.01,104,55173,卖盘
10:16:14,5.31,0.01,104,55224,买盘
10:16:17,5.3,-0.01,93,49351,卖盘
10:16:20,5.31,0.01,2,1062,买盘
10:16:23,5.31,0.0,171,90798,买盘
10:16:26,5.31,0.0,125,66375,卖盘
10:16:29,5.31,0.0,123,65313,卖盘
10:16:32,5.31,0.0,335,177935,卖盘
10:16:35,5.31,0.0,234,124297,卖盘
10:16:38,5.32,0.01,281,149235,买盘
10:16:41,5.31,-0.01,265,140826,卖盘
10:16:44,5.31,0.0,44,23364,卖盘
10:16:47,5.31,0.0,236,125198,卖盘
10:16:50,5.31,0.0,164,86969,买盘
10:16:53,5.3,-0.01,27,14310,卖盘
10:16:56,5.3,0.0,14,7420,卖盘
10:16:59,5.31,0.01,46,24382,买盘
10:17:02,5.3,-0.01,280,148410,卖盘
10:17:05,5.3,0.0,527,279330,卖盘
10:17:08,5.3,0.0,123,65210,卖盘
10:17:11,5.3,0.0,147,77914,卖盘
10:17:14,5.3,0.0,182,96511,卖盘
10:17:17,5.3,0.0,2993,1586310,卖盘
10:17:20,5.29,-0.01,536,283545,卖盘
10:17:23,5.29,0.0,280,148120,卖盘
10:17:26,5.29,0.0,241,127499,卖盘
10:17:29,5.29,0.0,175,92575,卖盘
10:17:32,5.29,0.0,32,16928,卖盘
10:17:35,5.3,0.01,46,24336,买盘
10:17:38,5.3,0.0,48,25412,买盘
10:17:41,5.29,-0.01,322,170534,卖盘
10:17:44,5.29,0.0,144,76231,卖盘
10:17:47,5.29,0.0,118,62422,卖盘
10:17:50,5.3,0.01,12,6356,买盘
10:17:53,5.29,-0.01,120,63480,卖盘
10:17:56,5.29,0.0,1128,596712,卖盘
10:17:59,5.28,-0.01,163,86220,卖盘
10:18:02,5.29,0.01,225,118810,买盘
10:18:05,5.28,-0.01,53,27984,卖盘
10:18:08,5.28,0.0,243,128304,卖盘
10:18:11,5.28,0.0,388,204967,卖盘
10:18:14,5.28,0.0,189,99792,卖盘
10:18:17,5.29,0.01,427,225344,买盘
10:18:20,5.28,-0.01,31,16368,卖盘
10:18:23,5.28,0.0,80,42240,卖盘
10:18:26,5.29,0.01,117,61826,买盘
10:18:29,5.28,-0.01,38,20084,卖盘
10:18:32,5.28,0.0,16,8448,卖盘
10:18:35,5.28,0.0,68,35909,卖盘
10:18:38,5.28,0.0,5,2640,卖盘
10:18:41,5.28,0.0,153,80786,卖盘
10:18:44,5.28,0.0,29,15320,卖盘
10:18:47,5.28,0.0,11,5808,买盘
10:18:50,5.28,0.0,139,73362,买盘
10:18:53,5.27,-0.01,46,24286,卖盘
10:18:56,5.28,0.01,18,9503,买盘
10:18:59,5.28,0.0,24,12671,买盘
10:19:02,5.27,-0.01,25,13175,卖盘
10:19:05,5.27,0.0,27,14250,卖盘
10:19:08,5.28,0.01,45,23718,买盘
10:19:11,5.27,-0.01,126,66414,卖盘
10:19:14,5.28,0.01,13,6861,买盘
10:19:17,5.28,0.0,221,116673,买盘
10:19:20,5.28,0.0,178,93981,买盘
10:19:23,5.28,0.0,102,53848,卖盘
10:19:26,5.28,0.0,79,41717,卖盘
10:19:29,5.28,0.0,37,19536,卖盘
10:19:32,5.28,0.0,201,106157,卖盘
10:19:38,5.28,0.0,99,52322,卖盘
10:19:41,5.28,0.0,3,1584,卖盘
10:19:44,5.28,0.0,22,11616,卖盘
10:19:47,5.28,0.0,116,61263,卖盘
10:19:50,5.28,0.0,40,21120,卖盘
10:19:53,5.28,0.0,164,86592,卖盘
10:19:59,5.28,0.0,646,340463,买盘
10:20:02,5.27,-0.01,193,101711,卖盘
10:20:05,5.28,0.01,124,65452,买盘
10:20:08,5.27,-0.01,16,8434,卖盘
10:20:11,5.28,0.01,50,26400,买盘
10:20:14,5.28,0.0,172,90753,买盘
10:20:20,5.27,-0.01,16,8438,卖盘
10:20:23,5.28,0.01,56,29557,买盘
10:20:26,5.28,0.0,15,7920,买盘
10:20:29,5.28,0.0,109,57473,买盘
10:20:32,5.27,-0.01,44,23188,卖盘
10:20:35,5.28,0.01,240,126720,买盘
10:20:38,5.27,-0.01,6,3162,卖盘
10:20:41,5.27,0.0,11,5797,卖盘
10:20:44,5.27,0.0,428,225556,卖盘
10:20:47,5.27,0.0,229,120683,买盘
10:20:50,5.27,0.0,181,95402,卖盘
10:20:53,5.27,0.0,36,18972,卖盘
10:20:56,5.28,0.01,13,6863,买盘
10:20:59,5.27,-0.01,124,65348,卖盘
10:21:02,5.27,0.0,190,100129,卖盘
10:21:05,5.27,0.0,9,4746,卖盘
10:21:08,5.27,0.0,1,527,卖盘
10:21:11,5.28,0.01,16,8448,买盘
10:21:20,5.27,-0.01,21,11067,卖盘
10:21:23,5.28,0.01,24,12672,买盘
10:21:26,5.28,0.0,57,30096,买盘
10:21:29,5.28,0.0,1677,885352,买盘
10:21:32,5.28,0.0,55,29040,卖盘
10:21:35,5.29,0.01,208,109972,买盘
10:21:38,5.29,0.0,63,33327,买盘
10:21:41,5.29,0.0,20,10578,买盘
10:21:44,5.29,0.0,3,1587,买盘
10:21:47,5.3,0.01,2299,1217659,买盘
10:21:50,5.29,-0.01,44,23278,卖盘
10:21:53,5.3,0.01,5,2646,买盘
10:21:56,5.29,-0.01,123,65084,卖盘
10:21:59,5.3,0.01,52,27520,买盘
10:22:02,5.3,0.0,181,95822,买盘
10:22:05,5.3,0.0,305,161628,买盘
10:22:08,5.3,0.0,799,423460,买盘
10:22:11,5.3,0.0,362,191860,买盘
10:22:14,5.29,-0.01,1861,985240,卖盘
10:22:17,5.29,0.0,886,467850,买盘
10:22:20,5.29,0.0,23,12162,买盘
10:22:23,5.28,-0.01,72,38032,卖盘
10:22:26,5.28,0.0,427,225459,卖盘
10:22:29,5.27,-0.01,161,84915,卖盘
10:22:32,5.28,0.01,268,141504,买盘
10:22:35,5.28,0.0,96,50688,买盘
10:22:38,5.28,0.0,18,9492,买盘
10:22:41,5.28,0.0,23,12144,买盘
10:22:44,5.28,0.0,169,89232,买盘
10:22:47,5.28,0.0,15,7920,买盘
10:22:50,5.27,-0.01,259,136726,卖盘
10:22:53,5.28,0.01,35,18472,买盘
10:22:56,5.27,-0.01,76,40052,卖盘
10:22:59,5.27,0.0,2127,1120916,卖盘
10:23:02,5.27,0.0,405,213297,买盘
10:23:05,5.27,0.0,190,100130,买盘
10:23:08,5.27,0.0,34,17918,买盘
10:23:11,5.27,0.0,680,358083,买盘
10:23:14,5.27,0.0,113,59533,买盘
10:23:17,5.27,0.0,28,14756,买盘
10:23:20,5.27,0.0,17,8959,买盘
10:23:23,5.27,0.0,200,105300,买盘
10:23:29,5.27,0.0,98,51618,买盘
10:23:32,5.27,0.0,18,9480,买盘
10:23:35,5.26,-0.01,87,45816,卖盘
10:23:38,5.27,0.01,275,144850,买盘
10:23:41,5.26,-0.01,111,58407,卖盘
10:23:44,5.26,0.0,235,123717,卖盘
10:23:50,5.27,0.01,139,73122,买盘
10:23:53,5.27,0.0,247,130058,买盘
10:23:56,5.26,-0.01,34,17889,卖盘
10:23:59,5.27,0.01,12,6324,买盘
10:24:02,5.26,-0.01,54,28404,卖盘
10:24:05,5.27,0.01,12,6320,买盘
10:24:14,5.26,-0.01,133,70013,卖盘
10:24:17,5.27,0.01,90,47377,买盘
10:24:20,5.26,-0.01,9,4734,卖盘
10:24:23,5.27,0.01,321,169132,买盘
10:24:26,5.27,0.0,330,173910,买盘
10:24:29,5.27,0.0,36,18972,卖盘
10:24:32,5.27,0.0,60,31620,卖盘
10:24:35,5.27,0.0,30,15809,买盘
10:24:38,5.27,0.0,19,10005,买盘
10:24:41,5.26,-0.01,85,44718,卖盘
10:24:44,5.27,0.01,308,162307,买盘
10:24:47,5.27,0.0,13,6849,买盘
10:24:50,5.28,0.01,65,34248,买盘
10:24:53,5.28,0.0,52,27412,买盘
10:24:56,5.27,-0.01,28,14770,卖盘
10:24:59,5.28,0.01,1248,658444,买盘
10:25:02,5.27,-0.01,9,4550,卖盘
10:25:05,5.28,0.01,8,4224,买盘
10:25:08,5.28,0.0,4,2112,买盘
10:25:11,5.28,0.0,67,35376,买盘
10:25:14,5.28,0.0,68,35901,买盘
10:25:17,5.28,0.0,46,24288,买盘
10:25:20,5.27,-0.01,160,84474,卖盘
10:25:23,5.28,0.01,54,28565,买盘
10:25:26,5.27,-0.01,1275,671847,卖盘
10:25:29,5.27,0.0,110,57970,买盘
10:25:32,5.27,0.0,432,227664,买盘
10:25:35,5.27,0.0,42,22134,买盘
10:25:38,5.27,0.0,28,14756,买盘
10:25:41,5.27,0.0,83,43750,卖盘
10:25:44,5.27,0.0,162,85374,卖盘
10:25:47,5.27,0.0,39,20553,买盘
10:25:50,5.26,-0.01,56,29462,卖盘
10:25:53,5.27,0.01,109,57443,买盘
10:25:56,5.27,0.0,18,9486,买盘
10:25:59,5.27,0.0,54,28458,买盘
10:26:02,5.26,-0.01,326,171732,卖盘
10:26:05,5.27,0.01,112,59024,买盘
10:26:08,5.27,0.0,16,8432,买盘
10:26:14,5.27,0.0,8,4216,买盘
10:26:17,5.27,0.0,115,60605,买盘
10:26:20,5.26,-0.01,20,10520,卖盘
10:26:26,5.27,0.01,462,243436,买盘
10:26:29,5.26,-0.01,63,33148,卖盘
10:26:32,5.27,0.01,48,25282,买盘
10:26:35,5.26,-0.01,322,169415,卖盘
10:26:38,5.27,0.01,240,126472,买盘
10:26:41,5.27,0.0,4,2108,买盘
10:26:44,5.26,-0.01,10,5260,卖盘
10:26:47,5.27,0.01,2,1054,买盘
10:26:50,5.27,0.0,17,8959,买盘
10:26:53,5.27,0.0,6,3162,买盘
10:26:56,5.27,0.0,23,12120,买盘
10:26:59,5.27,0.0,66,34721,买盘
10:27:02,5.26,-0.01,462,243030,卖盘
10:27:05,5.27,0.01,255,134232,买盘
10:27:08,5.27,0.0,44,23188,买盘
10:27:11,5.27,0.0,47,24769,买盘
10:27:14,5.27,0.0,36,18972,买盘
10:27:17,5.27,0.0,17,8959,买盘
10:27:20,5.27,0.0,29,15283,买盘
10:27:23,5.27,0.0,42,22129,买盘
10:27:26,5.27,0.0,22,11594,买盘
10:27:29,5.27,0.0,288,151776,买盘
10:27:32,5.27,0.0,3,1581,买盘
10:27:38,5.27,0.0,40,21080,买盘
10:27:44,5.27,0.0,126,66402,买盘
10:27:47,5.27,0.0,2,1054,买盘
10:27:50,5.27,0.0,64,33728,买盘
10:27:53,5.27,0.0,28,14756,买盘
10:27:56,5.27,0.0,327,172328,买盘
10:27:59,5.26,-0.01,246,129631,卖盘
10:28:02,5.26,0.0,222,116906,卖盘
10:28:05,5.26,0.0,172,90626,卖盘
10:28:08,5.27,0.01,11,5797,买盘
10:28:11,5.27,0.0,45,23715,买盘
10:28:14,5.27,0.0,34,17918,买盘
10:28:17,5.27,0.0,76,40045,买盘
10:28:20,5.27,0.0,24,12648,买盘
10:28:23,5.27,0.0,56,29471,买盘
10:28:26,5.27,0.0,36,18966,买盘
10:28:29,5.27,0.0,29,15283,买盘
10:28:32,5.26,-0.01,202,106338,卖盘
10:28:35,5.27,0.01,11,5796,买盘
10:28:38,5.27,0.0,97,51028,买盘
10:28:41,5.27,0.0,54,28458,买盘
10:28:44,5.26,-0.01,4,2104,卖盘
10:28:47,5.26,0.0,132,69551,卖盘
10:28:50,5.27,0.01,238,125411,买盘
10:28:56,5.27,0.0,114,60079,买盘
10:28:59,5.27,0.0,58,30566,卖盘
10:29:02,5.27,0.0,92,48412,买盘
10:29:05,5.27,0.0,18,9486,买盘
10:29:08,5.26,-0.01,167,87992,卖盘
10:29:11,5.27,0.01,228,120156,买盘
10:29:14,5.27,0.0,666,350442,买盘
10:29:17,5.26,-0.01,26,13678,卖盘
10:29:20,5.27,0.01,110,57920,买盘
10:29:23,5.27,0.0,101,53226,买盘
10:29:26,5.27,0.0,71,37416,买盘
10:29:29,5.27,0.0,19,10002,买盘
10:29:32,5.27,0.0,17,8959,买盘
10:29:35,5.27,0.0,578,304453,买盘
10:29:38,5.27,0.0,55,28985,买盘
10:29:41,5.27,0.0,18,9485,买盘
10:29:44,5.27,0.0,25,13166,买盘
10:29:47,5.27,0.0,5,2635,买盘
10:29:53,5.27,0.0,183,96441,买盘
10:29:56,5.27,0.0,51,26877,买盘
10:29:59,5.27,0.0,49,25794,买盘
10:30:02,5.27,0.0,101,53227,买盘
10:30:05,5.27,0.0,187,98577,买盘
10:30:08,5.27,0.0,46,24242,买盘
10:30:11,5.27,0.0,138,72726,买盘
10:30:14,5.27,0.0,229,120657,买盘
10:30:17,5.27,0.0,32,16851,买盘
10:30:20,5.26,-0.01,354,186208,卖盘
10:30:23,5.26,0.0,273,143598,卖盘
10:30:26,5.26,0.0,208,109408,买盘
10:30:29,5.26,0.0,426,224068,买盘
10:30:32,5.26,0.0,24,12624,买盘
10:30:35,5.26,0.0,43,22618,买盘
10:30:38,5.26,0.0,44,23139,买盘
10:30:41,5.26,0.0,413,217227,买盘
10:30:44,5.25,-0.01,277,145439,卖盘
10:30:47,5.26,0.01,408,214608,买盘
10:30:50,5.26,0.0,161,84688,卖盘
10:30:53,5.26,0.0,37,19462,卖盘
10:30:56,5.26,0.0,73,38399,卖盘
10:30:59,5.26,0.0,109,57336,卖盘
10:31:02,5.26,0.0,27,14202,卖盘
10:31:08,5.26,0.0,617,324542,买盘
10:31:14,5.25,-0.01,104,54690,卖盘
10:31:17,5.26,0.01,10,5260,买盘
10:31:20,5.26,0.0,191,100466,买盘
10:31:23,5.26,0.0,50,26299,买盘
10:31:26,5.26,0.0,136,71536,买盘
10:31:29,5.26,0.0,25,13150,买盘
10:31:32,5.25,-0.01,12,6300,卖盘
10:31:35,5.25,0.0,157,82425,卖盘
10:31:38,5.25,0.0,107,56175,卖盘
10:31:41,5.25,0.0,239,125637,卖盘
10:31:44,5.26,0.01,5,2630,买盘
10:31:47,5.26,0.0,5,2630,买盘
10:31:50,5.26,0.0,58,30508,买盘
10:31:53,5.25,-0.01,686,360806,卖盘
10:31:56,5.25,0.0,53,27848,卖盘
10:31:59,5.25,0.0,217,114100,卖盘
10:32:02,5.25,0.0,90,47330,卖盘
10:32:05,5.25,0.0,22,11552,卖盘
10:32:08,5.25,0.0,1303,684182,卖盘
10:32:11,5.26,0.01,134,70352,买盘
10:32:14,5.25,-0.01,417,218925,卖盘
10:32:17,5.25,0.0,51,26775,买盘
10:32:20,5.25,0.0,56,29377,买盘
10:32:23,5.25,0.0,76,39834,买盘
10:32:26,5.25,0.0,27,14175,买盘
10:32:29,5.25,0.0,9,4725,买盘
10:32:32,5.25,0.0,7,3675,买盘
10:32:35,5.24,-0.01,140,73415,卖盘
10:32:38,5.24,0.0,34,17817,卖盘
10:32:41,5.25,0.01,8,4195,买盘
10:32:44,5.25,0.0,163,85457,买盘
10:32:47,5.25,0.0,169,88597,买盘
10:32:50,5.24,-0.01,222,116329,卖盘
10:32:53,5.24,0.0,819,429160,卖盘
10:32:56,5.23,-0.01,135,70605,卖盘
10:32:59,5.23,0.0,121,63361,卖盘
10:33:02,5.23,0.0,382,199799,卖盘
10:33:05,5.23,0.0,224,117152,卖盘
10:33:08,5.23,0.0,244,127682,卖盘
10:33:11,5.25,0.02,4717,2475791,买盘
10:33:14,5.25,0.0,97,50797,买盘
10:33:17,5.25,0.0,66,34650,卖盘
10:33:20,5.26,0.01,6,3156,买盘
10:33:23,5.26,0.0,11,5785,买盘
10:33:26,5.25,-0.01,84,44150,卖盘
10:33:29,5.26,0.01,1,526,买盘
10:33:32,5.26,0.0,41,21566,买盘
10:33:35,5.26,0.0,60,31530,买盘
10:33:38,5.26,0.0,585,307710,买盘
10:33:41,5.26,0.0,59,31034,卖盘
10:33:44,5.27,0.01,339,178532,买盘
10:33:47,5.27,0.0,160,84320,买盘
10:33:50,5.27,0.0,115,60612,买盘
10:33:53,5.28,0.01,288,151797,买盘
10:33:56,5.28,0.0,318,167855,买盘
10:33:59,5.26,-0.02,437,230534,卖盘
10:34:02,5.26,0.0,80,42132,卖盘
10:34:05,5.27,0.01,30,15795,买盘
10:34:08,5.27,0.0,21,11067,买盘
10:34:11,5.27,0.0,187,98549,买盘
10:34:14,5.26,-0.01,97,51086,卖盘
10:34:17,5.27,0.01,384,202378,买盘
10:34:20,5.27,0.0,338,178126,买盘
10:34:23,5.27,0.0,38,20028,卖盘
10:34:26,5.27,0.0,125,65880,卖盘
10:34:29,5.27,0.0,231,121799,卖盘
10:34:32,5.28,0.01,11,5806,买盘
10:34:35,5.28,0.0,13,6853,买盘
10:34:38,5.27,-0.01,77,40609,卖盘
10:34:41,5.28,0.01,376,198511,买盘
10:34:44,5.27,-0.01,68,35874,卖盘
10:34:47,5.28,0.01,88,46463,买盘
10:34:50,5.28,0.0,94,49602,买盘
10:34:53,5.28,0.0,492,259776,买盘
10:34:56,5.28,0.0,359,189552,买盘
10:34:59,5.29,0.01,1143,605031,买盘
10:35:02,5.29,0.0,43,22749,买盘
10:35:05,5.29,0.0,225,119175,卖盘
10:35:08,5.3,0.01,201,106468,买盘
10:35:11,5.29,-0.01,152,80411,卖盘
10:35:14,5.29,0.0,235,124424,买盘
10:35:17,5.29,0.0,87,46023,买盘
10:35:20,5.3,0.01,190,100574,买盘
10:35:23,5.29,-0.01,151,79899,卖盘
10:35:26,5.29,0.0,104,55046,卖盘
10:35:29,5.3,0.01,89,47138,买盘
10:35:32,5.3,0.0,11,5825,买盘
10:35:35,5.3,0.0,18,9540,买盘
10:35:38,5.3,0.0,306,162177,买盘
10:35:41,5.3,0.0,107,56710,买盘
10:35:44,5.3,0.0,270,142996,买盘
10:35:47,5.3,0.0,74,39203,买盘
10:35:50,5.3,0.0,415,219851,买盘
10:35:53,5.3,0.0,141,74593,买盘
10:35:56,5.29,-0.01,1030,544897,卖盘
10:35:59,5.29,0.0,291,154097,买盘
10:36:02,5.29,0.0,30,15870,买盘
10:36:05,5.3,0.01,34,18000,买盘
10:36:08,5.3,0.0,66,34979,买盘
10:36:11,5.3,0.0,35,18539,买盘
10:36:14,5.29,-0.01,23,12177,卖盘
10:36:17,5.3,0.01,216,114285,买盘
10:36:20,5.29,-0.01,411,217419,卖盘
10:36:23,5.29,0.0,210,111063,买盘
10:36:26,5.28,-0.01,8,4225,卖盘
10:36:29,5.29,0.01,15,7935,买盘
10:36:32,5.29,0.0,65,34332,买盘
10:36:35,5.29,0.0,329,174041,买盘
10:36:38,5.29,0.0,1,529,买盘
10:36:41,5.29,0.0,63,33327,买盘
10:36:44,5.29,0.0,15,7935,买盘
10:36:47,5.29,0.0,1,529,买盘
10:36:50,5.29,0.0,30,15870,买盘
10:36:53,5.29,0.0,42,22218,买盘
10:36:56,5.29,0.0,20,10580,买盘
10:36:59,5.29,0.0,33,17457,买盘
10:37:02,5.28,-0.01,90,47608,卖盘
10:37:05,5.29,0.01,2,1058,买盘
10:37:08,5.29,0.0,21,11109,买盘
10:37:11,5.29,0.0,18,9522,买盘
10:37:14,5.28,-0.01,96,50764,卖盘
10:37:17,5.28,0.0,267,141069,卖盘
10:37:20,5.28,0.0,139,73394,卖盘
10:37:23,5.28,0.0,291,153653,卖盘
10:37:26,5.28,0.0,41,21651,买盘
10:37:29,5.28,0.0,429,226522,买盘
10:37:32,5.28,0.0,11,5808,卖盘
10:37:35,5.28,0.0,9,4752,买盘
10:37:38,5.27,-0.01,14,7378,卖盘
10:37:44,5.27,0.0,42,22165,卖盘
10:37:47,5.27,0.0,12,6324,卖盘
10:37:50,5.28,0.01,3,1584,买盘
10:37:56,5.28,0.0,1,528,买盘
10:38:02,5.28,0.0,25,13200,买盘
10:38:05,5.27,-0.01,39,20553,卖盘
10:38:08,5.27,0.0,15,7906,卖盘
10:38:11,5.27,0.0,11,5799,卖盘
10:38:14,5.27,0.0,464,244530,卖盘
10:38:17,5.27,0.0,171,90117,卖盘
10:38:23,5.26,-0.01,12,6312,卖盘
10:38:26,5.26,0.0,14,7376,卖盘
10:38:32,5.26,0.0,5,2634,卖盘
10:38:35,5.26,0.0,58,30508,卖盘
10:38:38,5.26,0.0,359,188816,卖盘
10:38:44,5.26,0.0,12,6312,买盘
10:38:47,5.26,0.0,1,526,买盘
10:38:50,5.26,0.0,2,1052,买盘
10:38:53,5.26,0.0,51,26811,买盘
10:38:56,5.26,0.0,104,54694,买盘
10:38:59,5.25,-0.01,70,36750,卖盘
10:39:02,5.25,0.0,100,52500,卖盘
10:39:05,5.26,0.01,296,155680,买盘
10:39:08,5.25,-0.01,1,525,卖盘
10:39:14,5.25,0.0,20,10510,卖盘
10:39:17,5.25,0.0,138,72460,卖盘
10:39:20,5.25,0.0,33,17325,卖盘
10:39:23,5.25,0.0,352,184800,卖盘
10:39:26,5.25,0.0,144,75586,卖盘
10:39:29,5.25,0.0,35,18375,买盘
10:39:32,5.24,-0.01,141,74005,卖盘
10:39:35,5.24,0.0,1145,601916,卖盘
10:39:38,5.25,0.01,11,5775,买盘
10:39:41,5.24,-0.01,1,524,卖盘
10:39:44,5.25,0.01,82,43050,买盘
10:39:47,5.24,-0.01,14,7336,卖盘
10:39:50,5.25,0.01,12,6298,买盘
10:39:56,5.24,-0.01,63,33012,卖盘
10:39:59,5.24,0.0,1,524,卖盘
10:40:02,5.25,0.01,675,354374,买盘
10:40:08,5.25,0.0,71,37268,买盘
10:40:11,5.25,0.0,210,110250,买盘
10:40:14,5.26,0.01,51,26793,买盘
10:40:17,5.26,0.0,12,6312,买盘
10:40:20,5.25,-0.01,147,77175,卖盘
10:40:23,5.25,0.0,20,10500,买盘
10:40:29,5.25,0.0,22,11544,买盘
10:40:32,5.25,0.0,12,6300,买盘
10:40:35,5.25,0.0,200,105000,买盘
10:40:38,5.25,0.0,146,76650,买盘
10:40:41,5.25,0.0,140,73475,买盘
10:40:44,5.25,0.0,100,52500,买盘
10:40:50,5.25,0.0,2,1050,买盘
10:40:56,5.25,0.0,1,525,买盘
10:40:59,5.25,0.0,32,16800,买盘
10:41:02,5.24,-0.01,4,2096,卖盘
10:41:08,5.24,0.0,49,25676,卖盘
10:41:14,5.25,0.01,60,31500,买盘
10:41:17,5.25,0.0,20,10481,买盘
10:41:20,5.24,-0.01,360,188983,卖盘
10:41:23,5.25,0.01,119,62475,买盘
10:41:29,5.24,-0.01,25,13100,卖盘
10:41:35,5.25,0.01,8,4200,买盘
10:41:38,5.24,-0.01,14,7345,卖盘
10:41:41,5.25,0.01,21,11025,买盘
10:41:50,5.25,0.0,12,6300,买盘
10:41:53,5.24,-0.01,18,9443,卖盘
10:41:56,5.25,0.01,12,6300,买盘
10:41:59,5.25,0.0,34,17850,买盘
10:42:02,5.25,0.0,20,10500,买盘
10:42:05,5.25,0.0,47,24675,买盘
10:42:08,5.25,0.0,176,92400,买盘
10:42:11,5.25,0.0,99,51975,买盘
10:42:14,5.25,0.0,495,259870,买盘
10:42:17,5.25,0.0,265,139125,买盘
10:42:20,5.25,0.0,169,88725,卖盘
10:42:23,5.26,0.01,156,81951,买盘
10:42:32,5.26,0.0,8,4208,买盘
10:42:35,5.26,0.0,210,110449,买盘
10:42:38,5.26,0.0,266,139916,买盘
10:42:41,5.26,0.0,707,371882,卖盘
10:42:44,5.27,0.01,202,106264,买盘
10:42:47,5.27,0.0,661,348346,买盘
10:42:50,5.27,0.0,72,37944,买盘
10:42:53,5.27,0.0,25,13175,买盘
10:42:56,5.28,0.01,38,20064,买盘
10:42:59,5.28,0.0,368,194286,买盘
10:43:02,5.27,-0.01,229,120901,卖盘
10:43:05,5.28,0.01,20,10545,买盘
10:43:08,5.27,-0.01,78,41106,卖盘
10:43:11,5.28,0.01,133,70224,买盘
10:43:14,5.28,0.0,63,33264,买盘
10:43:17,5.29,0.01,441,233001,买盘
10:43:20,5.28,-0.01,266,140448,卖盘
10:43:23,5.28,0.0,124,65461,卖盘
10:43:26,5.27,-0.01,23,12126,卖盘
10:43:29,5.28,0.01,1048,552319,买盘
10:43:32,5.26,-0.02,135,71038,卖盘
10:43:35,5.27,0.01,223,117454,买盘
10:43:38,5.27,0.0,28,14756,买盘
10:43:41,5.27,0.0,2,1054,买盘
10:43:44,5.27,0.0,4,2108,买盘
10:43:47,5.26,-0.01,113,59525,卖盘
10:43:50,5.27,0.01,178,93781,买盘
10:43:53,5.27,0.0,112,59024,买盘
10:43:56,5.27,0.0,67,35309,卖盘
10:43:59,5.27,0.0,60,31620,买盘
10:44:02,5.26,-0.01,56,29462,卖盘
10:44:05,5.27,0.01,35,18415,买盘
10:44:08,5.27,0.0,64,33728,买盘
10:44:11,5.26,-0.01,3,1578,卖盘
10:44:14,5.27,0.01,1,527,买盘
10:44:17,5.27,0.0,20,10540,买盘
10:44:20,5.27,0.0,5,2634,买盘
10:44:23,5.26,-0.01,84,44184,卖盘
10:44:26,5.26,0.0,5,2630,卖盘
10:44:29,5.27,0.01,107,56389,买盘
10:44:32,5.26,-0.01,31,16322,卖盘
10:44:35,5.27,0.01,27,14227,买盘
10:44:38,5.27,0.0,24,12647,买盘
10:44:41,5.26,-0.01,14,7364,卖盘
10:44:44,5.27,0.01,51,26876,买盘
10:44:47,5.26,-0.01,24,12633,卖盘
10:44:50,5.27,0.01,65,34253,买盘
10:44:53,5.27,0.0,27,14226,买盘
10:44:56,5.27,0.0,216,113831,买盘
10:44:59,5.27,0.0,11,5797,卖盘
10:45:02,5.27,0.0,10,5270,卖盘
10:45:05,5.27,0.0,76,40127,卖盘
10:45:08,5.27,0.0,12,6329,卖盘
10:45:11,5.28,0.01,29,15312,买盘
10:45:14,5.28,0.0,153,80784,买盘
10:45:17,5.28,0.0,42,22174,买盘
10:45:20,5.28,0.0,17,8976,买盘
10:45:23,5.28,0.0,1174,618906,买盘
10:45:26,5.27,-0.01,72,37981,卖盘
10:45:29,5.28,0.01,41,21644,买盘
10:45:32,5.27,-0.01,3,1581,卖盘
10:45:38,5.28,0.01,7,3694,买盘
10:45:41,5.28,0.0,244,128832,买盘
10:45:44,5.28,0.0,12,6334,买盘
10:45:47,5.28,0.0,40,21111,买盘
10:45:50,5.27,-0.01,42,22155,卖盘
10:45:53,5.28,0.01,207,109261,买盘
10:45:56,5.28,0.0,154,81312,买盘
10:45:59,5.28,0.0,114,60192,买盘
10:46:02,5.28,0.0,8,4224,买盘
10:46:05,5.28,0.0,4,2112,买盘
10:46:08,5.28,0.0,419,221232,买盘
10:46:11,5.29,0.01,101,53407,买盘
10:46:14,5.29,0.0,8,4228,买盘
10:46:20,5.29,0.0,100,52899,买盘
10:46:23,5.29,0.0,6,3173,买盘
10:46:29,5.29,0.0,110,58190,买盘
10:46:32,5.29,0.0,301,159229,买盘
10:46:35,5.29,0.0,106,56149,卖盘
10:46:38,5.29,0.0,108,57140,卖盘
10:46:41,5.3,0.01,92,48758,买盘
10:46:44,5.3,0.0,23,12190,买盘
10:46:47,5.3,0.0,4,2120,买盘
10:46:50,5.3,0.0,242,128260,买盘
10:46:53,5.3,0.0,1012,535491,买盘
10:46:56,5.3,0.0,248,131224,买盘
10:46:59,5.29,-0.01,217,114973,中性盘
10:47:02,5.29,0.0,666,352758,卖盘
10:47:05,5.29,0.0,1108,586270,卖盘
10:47:08,5.29,0.0,275,145546,卖盘
10:47:11,5.28,-0.01,398,210511,卖盘
10:47:14,5.29,0.01,306,161846,买盘
10:47:17,5.29,0.0,239,126426,买盘
10:47:23,5.29,0.0,228,120610,买盘
10:47:26,5.29,0.0,46,24334,买盘
10:47:29,5.29,0.0,9,4761,买盘
10:47:32,5.29,0.0,17,8993,买盘
10:47:35,5.29,0.0,113,59777,买盘
10:47:38,5.29,0.0,89,47081,买盘
10:47:41,5.29,0.0,288,152352,买盘
10:47:44,5.29,0.0,164,86756,买盘
10:47:47,5.29,0.0,170,89930,买盘
10:47:50,5.29,0.0,67,35443,买盘
10:47:53,5.29,0.0,26,13754,卖盘
10:47:59,5.29,0.0,20,10580,卖盘
10:48:05,5.29,0.0,267,141241,卖盘
10:48:08,5.28,-0.01,267,141205,卖盘
10:48:11,5.28,0.0,1504,794122,卖盘
10:48:14,5.27,-0.01,40,21086,卖盘
10:48:17,5.28,0.01,28,14784,买盘
10:48:20,5.27,-0.01,157,82799,卖盘
10:48:23,5.27,0.0,158,83365,卖盘
10:48:26,5.27,0.0,21,11067,卖盘
10:48:29,5.27,0.0,2,1054,卖盘
10:48:32,5.27,0.0,976,514136,卖盘
10:48:35,5.27,0.0,248,130497,买盘
10:48:38,5.26,-0.01,57,29982,卖盘
10:48:44,5.26,0.0,3,1580,卖盘
10:48:47,5.26,0.0,522,274561,卖盘
10:48:50,5.26,0.0,23,12098,买盘
10:48:53,5.25,-0.01,10,5250,卖盘
10:48:56,5.26,0.01,12,6312,买盘
10:49:02,5.25,-0.01,154,80850,卖盘
10:49:05,5.25,0.0,19,9981,卖盘
10:49:14,5.25,0.0,25,13145,卖盘
10:49:17,5.26,0.01,39,20509,买盘
10:49:20,5.26,0.0,116,60998,买盘
10:49:23,5.26,0.0,21,11046,买盘
10:49:26,5.25,-0.01,299,157141,卖盘
10:49:29,5.25,0.0,46,24150,卖盘
10:49:32,5.25,0.0,1069,561279,卖盘
10:49:35,5.25,0.0,36,18900,买盘
10:49:38,5.24,-0.01,7,3668,卖盘
10:49:41,5.25,0.01,216,113367,买盘
10:49:44,5.25,0.0,165,86625,买盘
10:49:47,5.25,0.0,70,36750,买盘
10:49:50,5.24,-0.01,56,29390,卖盘
10:49:53,5.25,0.01,5,2625,买盘
10:49:59,5.25,0.0,6,3150,买盘
10:50:02,5.24,-0.01,7,3668,卖盘
10:50:05,5.25,0.01,18,9450,买盘
10:50:08,5.25,0.0,30,15750,买盘
10:50:11,5.25,0.0,106,55650,买盘
10:50:14,5.25,0.0,44,23100,买盘
10:50:17,5.25,0.0,145,76125,买盘
10:50:20,5.25,0.0,23,12075,买盘
10:50:23,5.25,0.0,200,105000,买盘
10:50:32,5.25,0.0,70,36750,买盘
10:50:38,5.25,0.0,569,298267,买盘
10:50:41,5.25,0.0,118,61950,买盘
10:50:47,5.24,-0.01,120,62880,卖盘
10:50:50,5.24,0.0,360,188647,卖盘
10:50:53,5.24,0.0,1278,669672,卖盘
10:50:56,5.23,-0.01,157,82212,卖盘
10:50:59,5.23,0.0,6,3138,卖盘
10:51:02,5.23,0.0,251,131493,卖盘
10:51:05,5.23,0.0,7,3661,卖盘
10:51:08,5.24,0.01,28,14647,买盘
10:51:11,5.24,0.0,4,2096,买盘
10:51:14,5.24,0.0,119,62356,买盘
10:51:17,5.24,0.0,509,266715,买盘
10:51:20,5.24,0.0,82,42968,买盘
10:51:23,5.24,0.0,63,33012,买盘
10:51:26,5.24,0.0,229,119996,买盘
10:51:32,5.24,0.0,1,524,卖盘
10:51:35,5.25,0.01,4,2100,买盘
10:51:38,5.25,0.0,2,1050,买盘
10:51:44,5.25,0.0,238,124950,买盘
10:51:50,5.25,0.0,30,15750,买盘
10:51:53,5.25,0.0,1122,589050,买盘
10:51:59,5.25,0.0,10,5250,卖盘
10:52:02,5.25,0.0,3,1575,卖盘
10:52:05,5.25,0.0,6,3150,卖盘
10:52:08,5.26,0.01,3,1578,买盘
10:52:11,5.26,0.0,12,6309,买盘
10:52:14,5.26,0.0,162,85058,买盘
10:52:17,5.25,-0.01,4,2100,卖盘
10:52:20,5.25,0.0,3,1575,卖盘
10:52:23,5.26,0.01,20,10520,买盘
10:52:26,5.25,-0.01,99,52014,卖盘
10:52:29,5.25,0.0,1196,627960,卖盘
10:52:32,5.25,0.0,69,36225,卖盘
10:52:35,5.25,0.0,16,8400,买盘
10:52:38,5.25,0.0,171,89775,买盘
10:52:41,5.25,0.0,132,69288,买盘
10:52:44,5.25,0.0,30,15750,买盘
10:52:47,5.25,0.0,39,20455,买盘
10:52:50,5.25,0.0,11,5769,买盘
10:52:53,5.25,0.0,20,10500,买盘
10:52:56,5.24,-0.01,196,102847,卖盘
10:52:59,5.25,0.01,23,12065,买盘
10:53:02,5.24,-0.01,82,42968,卖盘
10:53:05,5.24,0.0,15,7860,卖盘
10:53:08,5.25,0.01,403,211572,买盘
10:53:14,5.25,0.0,135,70856,买盘
10:53:20,5.25,0.0,27,14151,买盘
10:53:29,5.25,0.0,426,223650,买盘
10:53:32,5.24,-0.01,125,65619,卖盘
10:53:35,5.25,0.01,20,10500,买盘
10:53:38,5.24,-0.01,112,58688,卖盘
10:53:41,5.25,0.01,6,3149,买盘
10:53:44,5.25,0.0,30,15750,买盘
10:53:47,5.25,0.0,315,165375,买盘
10:53:50,5.25,0.0,39,20475,卖盘
10:53:56,5.25,0.0,83,43578,卖盘
10:53:59,5.25,0.0,31,16275,中性盘
10:54:02,5.25,0.0,173,90800,买盘
10:54:05,5.25,0.0,40,21000,买盘
10:54:08,5.25,0.0,3,1575,买盘
10:54:11,5.25,0.0,40,21000,买盘
10:54:14,5.25,0.0,45,23611,买盘
10:54:17,5.25,0.0,8,4197,买盘
10:54:20,5.25,0.0,417,218925,买盘
10:54:23,5.25,0.0,161,84519,买盘
10:54:26,5.25,0.0,85,44625,卖盘
10:54:29,5.25,0.0,153,80320,买盘
10:54:32,5.25,0.0,8,4200,卖盘
10:54:35,5.25,0.0,1,525,卖盘
10:54:38,5.25,0.0,124,65100,卖盘
10:54:41,5.25,0.0,461,241606,买盘
10:54:44,5.25,0.0,79,41475,卖盘
10:54:47,5.25,0.0,72,37800,买盘
10:54:50,5.25,0.0,21,11025,买盘
10:54:53,5.24,-0.01,22,11549,卖盘
10:54:56,5.25,0.01,16,8400,买盘
10:54:59,5.25,0.0,97,50925,买盘
10:55:02,5.24,-0.01,25,13119,卖盘
10:55:05,5.25,0.01,50,26250,买盘
10:55:08,5.25,0.0,15,7867,买盘
10:55:11,5.25,0.0,16,8394,买盘
10:55:14,5.25,0.0,25,13119,买盘
10:55:17,5.26,0.01,380,199784,买盘
10:55:20,5.25,-0.01,45,23614,卖盘
10:55:23,5.25,0.0,10,5250,买盘
10:55:26,5.25,0.0,8,4200,买盘
10:55:32,5.25,0.0,45,23625,买盘
10:55:35,5.25,0.0,204,107100,卖盘
10:55:38,5.25,0.0,53,27825,买盘
10:55:41,5.25,0.0,10,5250,买盘
10:55:47,5.25,0.0,259,135835,买盘
10:55:50,5.25,0.0,45,23615,买盘
10:55:56,5.25,0.0,54,28350,买盘
10:55:59,5.25,0.0,102,53550,买盘
10:56:05,5.25,0.0,333,174825,卖盘
10:56:08,5.25,0.0,133,69825,买盘
10:56:11,5.25,0.0,8,4193,买盘
10:56:14,5.25,0.0,50,26250,买盘
10:56:17,5.25,0.0,119,62461,卖盘
10:56:20,5.25,0.0,7,3675,卖盘
10:56:29,5.26,0.01,20,10520,买盘
10:56:35,5.26,0.0,68,35720,买盘
10:56:38,5.26,0.0,35,18410,买盘
10:56:44,5.25,-0.01,2,1050,卖盘
10:56:47,5.26,0.01,10,5260,买盘
10:56:50,5.26,0.0,15,7881,买盘
10:56:53,5.25,-0.01,51,26775,卖盘
10:56:56,5.25,0.0,288,151410,卖盘
10:56:59,5.25,0.0,68,35700,卖盘
10:57:02,5.25,0.0,85,44629,卖盘
10:57:05,5.25,0.0,43,22575,卖盘
10:57:08,5.25,0.0,116,60990,卖盘
10:57:11,5.25,0.0,50,26250,卖盘
10:57:14,5.25,0.0,1,525,卖盘
10:57:17,5.26,0.01,25,13145,买盘
10:57:23,5.26,0.0,76,39976,买盘
10:57:26,5.26,0.0,36,18919,买盘
10:57:29,5.26,0.0,408,214608,买盘
10:57:32,5.26,0.0,53,27878,买盘
10:57:35,5.26,0.0,148,77847,买盘
10:57:38,5.26,0.0,153,80478,卖盘
10:57:41,5.26,0.0,158,83108,买盘
10:57:47,5.26,0.0,81,42605,买盘
10:57:50,5.26,0.0,287,150962,买盘
10:57:53,5.26,0.0,47,24722,卖盘
10:57:56,5.26,0.0,56,29456,买盘
10:57:59,5.25,-0.01,5,2625,卖盘
10:58:02,5.26,0.01,860,451636,买盘
10:58:05,5.26,0.0,41,21541,买盘
10:58:08,5.26,0.0,40,21040,买盘
10:58:11,5.26,0.0,184,96781,买盘
10:58:14,5.26,0.0,18,9459,买盘
10:58:17,5.25,-0.01,29,15247,卖盘
10:58:20,5.26,0.01,183,96205,买盘
10:58:23,5.26,0.0,293,154118,卖盘
10:58:26,5.26,0.0,67,35208,买盘
10:58:29,5.26,0.0,286,150410,买盘
10:58:32,5.25,-0.01,65,34128,卖盘
10:58:38,5.25,0.0,56,29439,卖盘
10:58:41,5.25,0.0,3,1577,卖盘
10:58:50,5.26,0.01,295,155169,买盘
10:58:53,5.26,0.0,60,31560,卖盘
10:58:56,5.26,0.0,24,12624,卖盘
10:58:59,5.27,0.01,199,104873,买盘
10:59:02,5.26,-0.01,128,67328,卖盘
10:59:05,5.26,0.0,358,188338,卖盘
10:59:08,5.26,0.0,45,23710,卖盘
10:59:11,5.26,0.0,44,23144,买盘
10:59:14,5.26,0.0,28,14728,卖盘
10:59:17,5.26,0.0,43,22618,卖盘
10:59:20,5.26,0.0,10,5260,卖盘
10:59:23,5.26,0.0,462,243417,卖盘
10:59:26,5.27,0.01,15,7905,买盘
10:59:29,5.26,-0.01,104,54806,卖盘
10:59:32,5.27,0.01,14,7376,买盘
10:59:35,5.26,-0.01,67,35242,卖盘
10:59:38,5.27,0.01,136,71556,买盘
10:59:41,5.26,-0.01,18,9470,卖盘
10:59:44,5.26,0.0,20,10520,卖盘
10:59:47,5.26,0.0,52,27352,卖盘
10:59:50,5.26,0.0,246,129396,卖盘
10:59:53,5.26,0.0,58,30508,买盘
10:59:56,5.26,0.0,23,12098,卖盘
10:59:59,5.27,0.01,20,10521,买盘
11:00:05,5.26,-0.01,26,13679,卖盘
11:00:08,5.26,0.0,573,301604,卖盘
11:00:11,5.26,0.0,39,20507,买盘
11:00:14,5.25,-0.01,231,121287,卖盘
11:00:17,5.25,0.0,1649,865725,卖盘
11:00:20,5.25,0.0,281,147295,买盘
11:00:23,5.24,-0.01,171,89604,卖盘
11:00:26,5.24,0.0,140,73380,卖盘
11:00:29,5.24,0.0,217,113708,卖盘
11:00:32,5.25,0.01,1067,560021,买盘
11:00:35,5.25,0.0,41,21523,买盘
11:00:38,5.24,-0.01,35,18360,卖盘
11:00:44,5.24,0.0,17,8915,卖盘
11:00:47,5.24,0.0,145,75980,卖盘
11:01:05,5.24,0.0,22,11528,卖盘
11:01:08,5.24,0.0,607,318073,卖盘
11:01:11,5.24,0.0,495,258997,买盘
11:01:14,5.24,0.0,5,2620,买盘
11:01:17,5.24,0.0,16,8383,买盘
11:01:20,5.23,-0.01,105,54924,卖盘
11:01:23,5.23,0.0,58,30334,卖盘
11:01:26,5.24,0.01,30,15720,买盘
11:01:29,5.24,0.0,35,18335,买盘
11:01:35,5.23,-0.01,1,523,卖盘
11:01:38,5.24,0.01,46,24104,买盘
11:01:41,5.24,0.0,123,64451,买盘
11:01:44,5.24,0.0,4,2096,买盘
11:01:47,5.24,0.0,21,10986,买盘
11:01:53,5.24,0.0,18,9431,买盘
11:01:56,5.23,-0.01,11,5753,卖盘
11:01:59,5.24,0.01,2,1048,买盘
11:02:02,5.24,0.0,121,63303,买盘
11:02:05,5.23,-0.01,23,12029,卖盘
11:02:08,5.24,0.01,26,13624,买盘
11:02:11,5.24,0.0,103,53972,买盘
11:02:14,5.24,0.0,83,43492,买盘
11:02:17,5.23,-0.01,19,9946,卖盘
11:02:20,5.23,0.0,115,60159,卖盘
11:02:23,5.24,0.01,266,139371,买盘
11:02:26,5.24,0.0,8,4192,买盘
11:02:32,5.24,0.0,1,524,买盘
11:02:41,5.23,-0.01,9,4707,卖盘
11:02:44,5.24,0.01,1,524,买盘
11:02:47,5.23,-0.01,11,5753,卖盘
11:02:50,5.24,0.01,38,19876,买盘
11:02:53,5.23,-0.01,33,17279,卖盘
11:03:02,5.23,0.0,33,17259,卖盘
11:03:05,5.23,0.0,7,3661,卖盘
11:03:11,5.23,0.0,4,2092,卖盘
11:03:17,5.24,0.01,58,30391,买盘
11:03:20,5.23,-0.01,9,4712,卖盘
11:03:26,5.24,0.01,31,16225,买盘
11:03:29,5.23,-0.01,4,2093,卖盘
11:03:32,5.23,0.0,1,523,卖盘
11:03:35,5.24,0.01,37,19387,买盘
11:03:41,5.23,-0.01,1,523,卖盘
11:03:44,5.24,0.01,151,79124,买盘
11:03:50,5.23,-0.01,60,31400,卖盘
11:03:56,5.24,0.01,93,48732,买盘
11:03:59,5.24,0.0,1,524,买盘
11:04:02,5.24,0.0,21,11001,买盘
11:04:05,5.24,0.0,99,51870,买盘
11:04:08,5.24,0.0,60,31434,买盘
11:04:11,5.23,-0.01,1,523,卖盘
11:04:17,5.23,0.0,884,462332,卖盘
11:04:20,5.23,0.0,6,3138,卖盘
11:04:23,5.23,0.0,1577,824812,卖盘
11:04:26,5.23,0.0,2420,1265206,卖盘
11:04:29,5.22,-0.01,28,14637,卖盘
11:04:32,5.23,0.01,156,81541,买盘
11:04:35,5.22,-0.01,21,10977,卖盘
11:04:38,5.22,0.0,33,17256,卖盘
11:04:41,5.23,0.01,76,39719,买盘
11:04:44,5.22,-0.01,52,27144,卖盘
11:04:47,5.22,0.0,49,25619,卖盘
11:04:50,5.22,0.0,12,6264,卖盘
11:04:53,5.22,0.0,107,55954,卖盘
11:04:56,5.21,-0.01,1187,619577,卖盘
11:04:59,5.21,0.0,18,9378,卖盘
11:05:02,5.22,0.01,29,15119,买盘
11:05:05,5.21,-0.01,65,33885,卖盘
11:05:08,5.22,0.01,85,44335,买盘
11:05:11,5.22,0.0,14,7306,买盘
11:05:17,5.21,-0.01,1457,759137,卖盘
11:05:20,5.21,0.0,161,83881,卖盘
11:05:23,5.21,0.0,47,24499,卖盘
11:05:26,5.21,0.0,36,18756,卖盘
11:05:29,5.21,0.0,6,3127,卖盘
11:05:32,5.21,0.0,49,25529,卖盘
11:05:35,5.21,0.0,21,10943,卖盘
11:05:38,5.21,0.0,84,43688,卖盘
11:05:41,5.2,-0.01,11,5729,卖盘
11:05:44,5.21,0.01,230,119629,买盘
11:05:47,5.2,-0.01,18,9361,卖盘
11:05:56,5.2,0.0,97,50440,卖盘
11:05:59,5.2,0.0,24,12480,卖盘
11:06:02,5.21,0.01,147,76468,买盘
11:06:05,5.2,-0.01,3,1560,卖盘
11:06:08,5.2,0.0,4,2080,卖盘
11:06:11,5.21,0.01,250,130249,买盘
11:06:14,5.2,-0.01,30,15617,卖盘
11:06:17,5.21,0.01,43,22403,买盘
11:06:20,5.21,0.0,83,43242,买盘
11:06:26,5.21,0.0,29,15109,买盘
11:06:29,5.21,0.0,87,45325,买盘
11:06:32,5.21,0.0,6,3125,买盘
11:06:35,5.21,0.0,9,4689,买盘
11:06:38,5.21,0.0,440,229235,买盘
11:06:41,5.21,0.0,74,38551,买盘
11:06:44,5.21,0.0,71,36989,买盘
11:06:47,5.21,0.0,11,5731,买盘
11:06:50,5.21,0.0,6,3126,买盘
11:06:53,5.2,-0.01,16,8326,卖盘
11:06:56,5.21,0.01,220,114605,买盘
11:06:59,5.21,0.0,42,21882,买盘
11:07:02,5.21,0.0,118,61478,卖盘
11:07:05,5.21,0.0,71,36988,卖盘
11:07:08,5.2,-0.01,101,52620,卖盘
11:07:11,5.2,0.0,31,16150,卖盘
11:07:14,5.2,0.0,1,520,卖盘
11:07:17,5.21,0.01,26,13546,买盘
11:07:20,5.2,-0.01,2,1040,卖盘
11:07:23,5.21,0.01,1,521,买盘
11:07:26,5.21,0.0,9,4689,买盘
11:07:32,5.2,-0.01,23,11982,卖盘
11:07:35,5.21,0.01,41,21360,买盘
11:07:41,5.21,0.0,101,52619,买盘
11:07:44,5.21,0.0,30,15630,买盘
11:07:47,5.2,-0.01,3,1562,卖盘
11:07:50,5.2,0.0,45,23444,卖盘
11:07:53,5.2,0.0,244,127122,卖盘
11:07:56,5.21,0.01,10,5210,买盘
11:07:59,5.21,0.0,2,1042,买盘
11:08:05,5.21,0.0,32,16656,买盘
11:08:08,5.21,0.0,1,521,买盘
11:08:11,5.2,-0.01,92,47863,卖盘
11:08:14,5.2,0.0,32,16640,卖盘
11:08:20,5.2,0.0,266,138581,卖盘
11:08:23,5.21,0.01,241,125561,买盘
11:08:26,5.21,0.0,10,5210,卖盘
11:08:29,5.22,0.01,10,5220,买盘
11:08:32,5.22,0.0,5,2610,买盘
11:08:35,5.21,-0.01,1,521,卖盘
11:08:38,5.22,0.01,33,17226,买盘
11:08:41,5.22,0.0,57,29753,买盘
11:08:47,5.22,0.0,2,1044,买盘
11:08:50,5.22,0.0,3,1566,买盘
11:08:53,5.22,0.0,63,32857,买盘
11:08:56,5.22,0.0,311,162317,买盘
11:08:59,5.21,-0.01,26,13569,卖盘
11:09:02,5.21,0.0,80,41735,卖盘
11:09:05,5.22,0.01,97,50604,买盘
11:09:08,5.21,-0.01,112,58462,卖盘
11:09:11,5.21,0.0,7,3647,卖盘
11:09:14,5.21,0.0,118,61478,卖盘
11:09:17,5.22,0.01,35,18255,买盘
11:09:20,5.21,-0.01,19,9910,卖盘
11:09:23,5.21,0.0,167,87007,卖盘
11:09:26,5.21,0.0,779,405585,卖盘
11:09:29,5.21,0.0,13,6766,买盘
11:09:32,5.21,0.0,430,224030,买盘
11:09:35,5.21,0.0,106,55226,卖盘
11:09:38,5.21,0.0,188,97948,买盘
11:09:41,5.21,0.0,47,24502,卖盘
11:09:44,5.21,0.0,6,3126,卖盘
11:09:47,5.22,0.01,8,4169,买盘
11:09:50,5.21,-0.01,185,96385,卖盘
11:09:53,5.22,0.01,168,87571,买盘
11:09:59,5.21,-0.01,10,5210,卖盘
11:10:02,5.22,0.01,14,7304,买盘
11:10:05,5.21,-0.01,247,128919,卖盘
11:10:08,5.21,0.0,17,8857,卖盘
11:10:11,5.21,0.0,19,9909,卖盘
11:10:14,5.22,0.01,72,37576,买盘
11:10:17,5.22,0.0,21,10962,买盘
11:10:20,5.21,-0.01,28,14598,卖盘
11:10:23,5.21,0.0,11,5731,卖盘
11:10:26,5.21,0.0,378,196938,卖盘
11:10:29,5.21,0.0,247,128687,卖盘
11:10:32,5.21,0.0,593,308953,卖盘
11:10:35,5.21,0.0,22,11450,买盘
11:10:38,5.21,0.0,80,41679,买盘
11:10:41,5.2,-0.01,1,520,卖盘
11:10:47,5.21,0.01,14,7294,买盘
11:10:50,5.2,-0.01,136,70850,卖盘
11:10:53,5.21,0.01,23,11982,买盘
11:10:56,5.2,-0.01,388,202147,卖盘
11:10:59,5.2,0.0,21,10920,卖盘
11:11:02,5.21,0.01,70,36470,买盘
11:11:08,5.21,0.0,20,10420,买盘
11:11:11,5.2,-0.01,267,139098,卖盘
11:11:14,5.21,0.01,27,14061,买盘
11:11:17,5.21,0.0,100,52088,买盘
11:11:20,5.2,-0.01,12,6251,卖盘
11:11:23,5.2,0.0,54,28122,卖盘
11:11:26,5.21,0.01,14,7286,买盘
11:11:32,5.2,-0.01,27,14065,卖盘
11:11:35,5.21,0.01,7,3645,买盘
11:11:41,5.21,0.0,70,36470,买盘
11:11:44,5.21,0.0,9,4689,买盘
11:11:47,5.2,-0.01,1,520,卖盘
11:11:50,5.21,0.01,42,21882,买盘
11:11:56,5.21,0.0,5,2605,买盘
11:11:59,5.21,0.0,1,521,买盘
11:12:02,5.21,0.0,12,6242,买盘
11:12:05,5.21,0.0,7,3646,买盘
11:12:08,5.2,-0.01,12,6249,卖盘
11:12:11,5.21,0.01,151,78670,买盘
11:12:17,5.21,0.0,410,213610,买盘
11:12:20,5.2,-0.01,295,153693,卖盘
11:12:23,5.21,0.01,23,11983,买盘
11:12:26,5.21,0.0,22,11462,买盘
11:12:29,5.2,-0.01,13,6770,卖盘
11:12:35,5.2,0.0,1,520,卖盘
11:12:38,5.21,0.01,10,5210,买盘
11:12:41,5.2,-0.01,1,520,卖盘
11:12:44,5.21,0.01,150,78150,买盘
11:12:47,5.21,0.0,49,25529,买盘
11:12:50,5.21,0.0,75,39075,卖盘
11:12:53,5.21,0.0,748,388969,买盘
11:12:59,5.21,0.0,115,59820,买盘
11:13:02,5.2,-0.01,179,93144,卖盘
11:13:05,5.21,0.01,31,16132,买盘
11:13:08,5.21,0.0,10,5210,买盘
11:13:11,5.21,0.0,1170,609569,买盘
11:13:14,5.2,-0.01,80,41605,卖盘
11:13:17,5.2,0.0,31,16120,卖盘
11:13:20,5.2,0.0,2,1040,卖盘
11:13:23,5.2,0.0,51,26527,卖盘
11:13:29,5.21,0.01,39,20319,买盘
11:13:32,5.21,0.0,54,28121,买盘
11:13:38,5.21,0.0,25,13025,买盘
11:13:41,5.21,0.0,8,4164,买盘
11:13:44,5.21,0.0,300,156300,买盘
11:13:47,5.21,0.0,17,8856,买盘
11:13:53,5.21,0.0,53,27613,买盘
11:13:56,5.2,-0.01,241,125555,卖盘
11:14:02,5.21,0.01,80,41659,买盘
11:14:05,5.21,0.0,193,100553,卖盘
11:14:08,5.21,0.0,51,26571,买盘
11:14:11,5.2,-0.01,2,1040,卖盘
11:14:14,5.21,0.01,5,2605,买盘
11:14:20,5.2,-0.01,164,85410,卖盘
11:14:23,5.2,0.0,1480,769635,卖盘
11:14:26,5.2,0.0,1639,852483,卖盘
11:14:29,5.2,0.0,123,63960,卖盘
11:14:32,5.2,0.0,75,39000,卖盘
11:14:35,5.2,0.0,267,138921,卖盘
11:14:38,5.2,0.0,64,33280,卖盘
11:14:41,5.21,0.01,21,10940,买盘
11:14:44,5.2,-0.01,63,32760,卖盘
11:14:47,5.21,0.01,1,521,买盘
11:14:50,5.2,-0.01,30,15600,卖盘
11:14:53,5.2,0.0,32,16640,卖盘
11:14:56,5.2,0.0,3,1560,卖盘
11:15:02,5.2,0.0,538,279760,卖盘
11:15:05,5.2,0.0,216,112320,卖盘
11:15:08,5.2,0.0,363,188774,卖盘
11:15:11,5.19,-0.01,246,127916,卖盘
11:15:14,5.2,0.01,1228,639402,买盘
11:15:17,5.2,0.0,1,520,买盘
11:15:20,5.19,-0.01,1,519,卖盘
11:15:26,5.2,0.01,15,7800,买盘
11:15:29,5.2,0.0,4,2080,买盘
11:15:32,5.2,0.0,16,8320,买盘
11:15:35,5.19,-0.01,10,5190,卖盘
11:15:38,5.2,0.01,10,5200,买盘
11:15:41,5.2,0.0,100,52000,买盘
11:15:44,5.2,0.0,635,330200,买盘
11:15:47,5.2,0.0,1,520,卖盘
11:15:50,5.2,0.0,6,3120,卖盘
11:15:56,5.21,0.01,3,1563,买盘
11:16:05,5.21,0.0,13,6770,买盘
11:16:11,5.2,-0.01,38,19766,卖盘
11:16:14,5.21,0.01,11,5731,买盘
11:16:17,5.21,0.0,90,46890,买盘
11:16:20,5.21,0.0,12,6250,买盘
11:16:26,5.21,0.0,26,13546,买盘
11:16:29,5.21,0.0,1,521,买盘
11:16:32,5.2,-0.01,1,520,卖盘
11:16:35,5.2,0.0,13,6770,卖盘
11:16:38,5.21,0.01,10,5210,买盘
11:16:41,5.2,-0.01,1,520,卖盘
11:16:44,5.21,0.01,10,5210,买盘
11:16:53,5.2,-0.01,43,22360,卖盘
11:16:56,5.2,0.0,603,314150,卖盘
11:16:59,5.21,0.01,6,3126,买盘
11:17:02,5.2,-0.01,167,86872,卖盘
11:17:05,5.21,0.01,58,30218,买盘
11:17:11,5.21,0.0,184,95864,买盘
11:17:14,5.21,0.0,129,67204,买盘
11:17:17,5.21,0.0,6,3126,买盘
11:17:20,5.2,-0.01,82,42640,卖盘
11:17:23,5.21,0.01,35,18233,买盘
11:17:35,5.2,-0.01,90,46886,卖盘
11:17:38,5.21,0.01,198,103158,买盘
11:17:41,5.2,-0.01,5,2600,卖盘
11:17:44,5.21,0.01,60,31260,买盘
11:17:47,5.2,-0.01,47,24486,卖盘
11:17:50,5.2,0.0,11,5720,卖盘
11:17:53,5.21,0.01,36,18743,买盘
11:17:56,5.2,-0.01,2,1040,卖盘
11:17:59,5.2,0.0,5,2600,卖盘
11:18:02,5.2,0.0,38,19773,卖盘
11:18:05,5.2,0.0,17,8850,卖盘
11:18:08,5.21,0.01,4,2083,买盘
11:18:11,5.21,0.0,74,38535,买盘
11:18:14,5.21,0.0,93,48407,买盘
11:18:17,5.19,-0.02,1180,613632,卖盘
11:18:20,5.19,0.0,8,4153,卖盘
11:18:23,5.2,0.01,166,86320,买盘
11:18:26,5.2,0.0,90,46800,买盘
11:18:29,5.19,-0.01,1,519,卖盘
11:18:35,5.19,0.0,1,519,卖盘
11:18:41,5.19,0.0,2,1038,卖盘
11:18:44,5.2,0.01,5,2600,买盘
11:18:50,5.2,0.0,5,2600,买盘
11:18:53,5.19,-0.01,2,1038,卖盘
11:18:56,5.2,0.01,69,35880,买盘
11:19:02,5.2,0.0,54,28077,买盘
11:19:05,5.2,0.0,41,21320,买盘
11:19:08,5.19,-0.01,44,22875,卖盘
11:19:11,5.2,0.01,194,100871,买盘
11:19:14,5.2,0.0,1,520,买盘
11:19:17,5.2,0.0,329,171080,买盘
11:19:20,5.2,0.0,11,5720,卖盘
11:19:23,5.2,0.0,5,2600,卖盘
11:19:26,5.2,0.0,26,13520,卖盘
11:19:32,5.2,0.0,409,212680,卖盘
11:19:35,5.2,0.0,44,22880,卖盘
11:19:38,5.2,0.0,200,104000,卖盘
11:19:41,5.2,0.0,426,221520,卖盘
11:19:44,5.2,0.0,156,81120,卖盘
11:19:47,5.19,-0.01,46,23915,卖盘
11:19:50,5.2,0.01,2,1040,买盘
11:19:56,5.2,0.0,21,10920,买盘
11:19:59,5.21,0.01,360,187321,买盘
11:20:02,5.19,-0.02,8,4158,卖盘
11:20:05,5.21,0.02,46,23950,买盘
11:20:11,5.2,-0.01,18,9364,卖盘
11:20:17,5.21,0.01,11,5724,买盘
11:20:20,5.2,-0.01,14,7280,卖盘
11:20:23,5.21,0.01,115,59840,买盘
11:20:26,5.21,0.0,38,19780,买盘
11:20:29,5.2,-0.01,9,4680,卖盘
11:20:32,5.2,0.0,35,18200,卖盘
11:20:35,5.2,0.0,5,2600,卖盘
11:20:38,5.2,0.0,4,2080,卖盘
11:20:41,5.2,0.0,4,2080,卖盘
11:20:44,5.2,0.0,11,5720,卖盘
11:20:47,5.2,0.0,21,10920,卖盘
11:20:50,5.2,0.0,9,4680,卖盘
11:20:53,5.2,0.0,11,5724,卖盘
11:21:02,5.2,0.0,28,14561,卖盘
11:21:05,5.2,0.0,19,9880,卖盘
11:21:08,5.2,0.0,26,13520,卖盘
11:21:11,5.2,0.0,68,35360,卖盘
11:21:14,5.2,0.0,88,45760,卖盘
11:21:17,5.21,0.01,186,96725,买盘
11:21:20,5.2,-0.01,390,202800,卖盘
11:21:23,5.2,0.0,193,100360,卖盘
11:21:29,5.2,0.0,9,4676,买盘
11:21:32,5.2,0.0,31,16120,买盘
11:21:41,5.2,0.0,5,2600,买盘
11:21:47,5.2,0.0,7,3640,买盘
11:21:50,5.2,0.0,116,60320,买盘
11:21:53,5.2,0.0,27,14040,买盘
11:21:59,5.2,0.0,24,12480,买盘
11:22:02,5.2,0.0,185,96195,买盘
11:22:05,5.2,0.0,40,20800,买盘
11:22:08,5.2,0.0,17,8840,买盘
11:22:11,5.2,0.0,107,55639,买盘
11:22:14,5.2,0.0,22,11440,买盘
11:22:17,5.19,-0.01,44,22869,卖盘
11:22:20,5.19,0.0,44,22867,卖盘
11:22:23,5.2,0.01,77,40040,买盘
11:22:26,5.19,-0.01,8,4152,卖盘
11:22:32,5.19,0.0,18,9342,卖盘
11:22:35,5.19,0.0,24,12456,卖盘
11:22:38,5.2,0.01,43,22325,买盘
11:22:41,5.19,-0.01,30,15580,卖盘
11:22:44,5.19,0.0,689,357591,卖盘
11:22:47,5.19,0.0,131,68004,卖盘
11:22:50,5.19,0.0,12,6228,卖盘
11:22:56,5.2,0.01,18,9360,买盘
11:22:59,5.19,-0.01,3,1557,卖盘
11:23:05,5.19,0.0,137,71124,卖盘
11:23:08,5.19,0.0,53,27507,卖盘
11:23:11,5.19,0.0,1049,544431,卖盘
11:23:14,5.19,0.0,227,117813,卖盘
11:23:17,5.19,0.0,52,26988,卖盘
11:23:20,5.19,0.0,5,2595,卖盘
11:23:23,5.19,0.0,110,57090,卖盘
11:23:26,5.19,0.0,15,7785,卖盘
11:23:29,5.19,0.0,1,519,卖盘
11:23:32,5.19,0.0,13,6758,卖盘
11:23:35,5.2,0.01,9,4676,买盘
11:23:38,5.19,-0.01,3,1557,卖盘
11:23:41,5.2,0.01,10,5200,买盘
11:23:47,5.19,-0.01,36,18704,卖盘
11:23:50,5.2,0.01,29,15071,买盘
11:23:53,5.2,0.0,6,3117,买盘
11:23:56,5.2,0.0,33,17157,买盘
11:23:59,5.2,0.0,3,1559,买盘
11:24:02,5.19,-0.01,151,78369,卖盘
11:24:05,5.2,0.01,9,4676,买盘
11:24:08,5.19,-0.01,34,17671,卖盘
11:24:11,5.19,0.0,151,78519,卖盘
11:24:17,5.19,0.0,18,9342,卖盘
11:24:20,5.19,0.0,5,2595,卖盘
11:24:23,5.19,0.0,310,160900,卖盘
11:24:26,5.19,0.0,4,2076,卖盘
11:24:29,5.19,0.0,68,35320,卖盘
11:24:32,5.19,0.0,240,124660,卖盘
11:24:35,5.19,0.0,1,519,卖盘
11:24:38,5.19,0.0,35,18165,卖盘
11:24:41,5.19,0.0,11,5709,卖盘
11:24:44,5.2,0.01,4,2077,买盘
11:24:47,5.2,0.0,143,74334,买盘
11:24:50,5.2,0.0,6,3115,买盘
11:24:53,5.19,-0.01,42,21836,卖盘
11:24:56,5.2,0.01,4,2080,买盘
11:24:59,5.2,0.0,51,26520,买盘
11:25:02,5.19,-0.01,70,36363,卖盘
11:25:05,5.2,0.01,115,59772,买盘
11:25:11,5.19,-0.01,1,519,卖盘
11:25:14,5.18,-0.01,1248,647694,卖盘
11:25:17,5.18,0.0,28,14515,卖盘
11:25:20,5.19,0.01,22,11416,买盘
11:25:23,5.18,-0.01,36,18648,卖盘
11:25:26,5.18,0.0,39,20202,卖盘
11:25:29,5.18,0.0,40,20720,卖盘
11:25:32,5.18,0.0,13,6734,卖盘
11:25:35,5.18,0.0,31,16058,卖盘
11:25:38,5.18,0.0,44,22792,卖盘
11:25:41,5.18,0.0,189,97916,卖盘
11:25:44,5.18,0.0,57,29526,卖盘
11:25:47,5.18,0.0,36,18648,卖盘
11:25:50,5.18,0.0,18,9324,卖盘
11:25:53,5.18,0.0,170,88060,卖盘
11:25:56,5.18,0.0,35,18130,卖盘
11:25:59,5.18,0.0,1,518,卖盘
11:26:02,5.18,0.0,107,55442,卖盘
11:26:05,5.18,0.0,30,15540,卖盘
11:26:08,5.18,0.0,18,9324,卖盘
11:26:11,5.18,0.0,8,4144,卖盘
11:26:14,5.18,0.0,4,2072,卖盘
11:26:17,5.18,0.0,14,7262,卖盘
11:26:20,5.18,0.0,7,3626,卖盘
11:26:23,5.18,0.0,116,60091,卖盘
11:26:26,5.18,0.0,176,91319,卖盘
11:26:29,5.18,0.0,1,518,卖盘
11:26:32,5.19,0.01,110,57080,买盘
11:26:35,5.18,-0.01,22,11406,卖盘
11:26:38,5.19,0.01,9,4671,买盘
11:26:41,5.18,-0.01,12,6221,卖盘
11:26:44,5.18,0.0,9,4662,卖盘
11:26:50,5.18,0.0,12,6216,卖盘
11:26:53,5.18,0.0,6,3108,卖盘
11:26:56,5.18,0.0,36,18648,卖盘
11:26:59,5.18,0.0,4,2072,卖盘
11:27:02,5.18,0.0,71,36778,卖盘
11:27:05,5.18,0.0,3,1554,卖盘
11:27:08,5.18,0.0,6,3108,卖盘
11:27:11,5.18,0.0,59,30609,卖盘
11:27:14,5.18,0.0,117,60606,卖盘
11:27:17,5.18,0.0,114,59052,卖盘
11:27:20,5.18,0.0,59,30565,卖盘
11:27:23,5.18,0.0,41,21238,卖盘
11:27:26,5.18,0.0,1,518,卖盘
11:27:35,5.18,0.0,1,518,卖盘
11:27:38,5.19,0.01,54,28021,买盘
11:27:44,5.18,-0.01,181,93839,卖盘
11:27:47,5.18,0.0,1,518,卖盘
11:27:50,5.18,0.0,5,2590,卖盘
11:27:53,5.19,0.01,2,1038,买盘
11:27:59,5.19,0.0,122,63310,买盘
11:28:02,5.18,-0.01,39,20202,卖盘
11:28:05,5.19,0.01,203,105357,买盘
11:28:08,5.19,0.0,59,30621,买盘
11:28:11,5.19,0.0,9,4670,买盘
11:28:14,5.19,0.0,97,50343,买盘
11:28:17,5.19,0.0,36,18675,买盘
11:28:20,5.19,0.0,688,357072,买盘
11:28:23,5.19,0.0,109,56571,卖盘
11:28:26,5.19,0.0,74,38406,卖盘
11:28:29,5.18,-0.01,11,5708,卖盘
11:28:32,5.19,0.01,16,8302,买盘
11:28:35,5.19,0.0,159,82428,买盘
11:28:41,5.19,0.0,238,123522,买盘
11:28:44,5.19,0.0,114,59166,卖盘
11:28:47,5.19,0.0,43,22317,卖盘
11:28:50,5.19,0.0,6,3116,卖盘
11:29:05,5.19,0.0,4,2076,卖盘
11:29:08,5.19,0.0,1,519,卖盘
11:29:11,5.19,0.0,37,19213,卖盘
11:29:14,5.19,0.0,21,10899,卖盘
11:29:17,5.2,0.01,59,30622,买盘
11:29:20,5.19,-0.01,24,12462,卖盘
11:29:23,5.2,0.01,36,18714,买盘
11:29:26,5.19,-0.01,280,145325,卖盘
11:29:29,5.18,-0.01,183,94892,卖盘
11:29:32,5.18,0.0,60,31087,卖盘
11:29:35,5.19,0.01,89,46190,买盘
11:29:38,5.19,0.0,65,33735,买盘
11:29:41,5.19,0.0,11,5708,买盘
11:29:44,5.18,-0.01,61,31654,卖盘
11:29:50,5.19,0.01,384,199296,买盘
11:29:53,5.2,0.01,18,9357,买盘
11:29:56,5.19,-0.01,59,30621,卖盘
13:00:02,5.2,0.01,130,67520,买盘
13:00:05,5.2,0.0,382,198590,买盘
13:00:08,5.2,0.0,1230,639275,买盘
13:00:11,5.21,0.01,598,310992,买盘
13:00:14,5.21,0.0,336,174880,买盘
13:00:17,5.2,-0.01,462,240253,卖盘
13:00:20,5.19,-0.01,1749,910869,卖盘
13:00:23,5.2,0.01,139,72317,买盘
13:00:26,5.21,0.01,40,20817,买盘
13:00:29,5.21,0.0,87,45313,买盘
13:00:32,5.21,0.0,12,6252,买盘
13:00:35,5.21,0.0,1413,736173,买盘
13:00:38,5.22,0.01,50,26065,买盘
13:00:41,5.22,0.0,178,92916,买盘
13:00:44,5.23,0.01,212,110701,买盘
13:00:47,5.24,0.01,1,524,买盘
13:00:50,5.24,0.0,158,82769,买盘
13:00:53,5.25,0.01,12,6300,买盘
13:00:56,5.25,0.0,385,202102,买盘
13:00:59,5.25,0.0,278,145927,买盘
13:01:02,5.25,0.0,412,216356,买盘
13:01:05,5.25,0.0,414,217436,卖盘
13:01:08,5.26,0.01,823,432712,买盘
13:01:11,5.27,0.01,143,75227,买盘
13:01:14,5.27,0.0,203,106806,买盘
13:01:17,5.26,-0.01,203,106849,卖盘
13:01:20,5.26,0.0,87,45762,买盘
13:01:23,5.25,-0.01,1721,904679,卖盘
13:01:26,5.25,0.0,106,55702,卖盘
13:01:29,5.26,0.01,329,172917,买盘
13:01:32,5.25,-0.01,42,22050,卖盘
13:01:35,5.25,0.0,103,54071,卖盘
13:01:38,5.22,-0.03,366,192139,卖盘
13:01:41,5.24,0.02,197,103300,买盘
13:01:44,5.25,0.01,158,82931,买盘
13:01:47,5.25,0.0,43,22575,买盘
13:01:50,5.25,0.0,14,7350,买盘
13:01:53,5.25,0.0,144,75595,买盘
13:01:56,5.25,0.0,26,13650,卖盘
13:01:59,5.25,0.0,171,89775,卖盘
13:02:02,5.25,0.0,198,103950,买盘
13:02:05,5.25,0.0,190,99760,卖盘
13:02:08,5.26,0.01,577,303445,买盘
13:02:11,5.26,0.0,208,109400,买盘
13:02:14,5.25,-0.01,167,87687,卖盘
13:02:17,5.25,0.0,33,17346,卖盘
13:02:20,5.25,0.0,1,525,卖盘
13:02:23,5.25,0.0,84,44110,卖盘
13:02:26,5.25,0.0,61,32025,卖盘
13:02:29,5.25,0.0,22,11550,买盘
13:02:32,5.24,-0.01,360,188668,卖盘
13:02:35,5.25,0.01,897,470039,买盘
13:02:38,5.23,-0.02,2,1046,卖盘
13:02:41,5.24,0.01,83,43459,买盘
13:02:47,5.24,0.0,41,21484,买盘
13:02:50,5.23,-0.01,39,20397,卖盘
13:02:53,5.23,0.0,106,55462,买盘
13:02:59,5.24,0.01,19,9955,买盘
13:03:02,5.23,-0.01,14,7322,卖盘
13:03:05,5.23,0.0,69,36087,卖盘
13:03:08,5.23,0.0,74,38702,买盘
13:03:11,5.23,0.0,50,26150,买盘
13:03:14,5.22,-0.01,6,3132,卖盘
13:03:20,5.23,0.01,37,19351,买盘
13:03:23,5.22,-0.01,6,3132,卖盘
13:03:26,5.23,0.01,121,63242,买盘
13:03:29,5.22,-0.01,15,7840,卖盘
13:03:32,5.23,0.01,21,10983,买盘
13:03:35,5.23,0.0,2,1046,买盘
13:03:38,5.23,0.0,18,9414,买盘
13:03:41,5.21,-0.02,631,329376,卖盘
13:03:44,5.22,0.01,19,9918,买盘
13:03:50,5.22,0.0,33,17226,买盘
13:03:53,5.22,0.0,509,265698,买盘
13:03:56,5.22,0.0,105,54804,买盘
13:04:05,5.22,0.0,525,274556,卖盘
13:04:08,5.22,0.0,31,16212,卖盘
13:04:14,5.23,0.01,23,12026,买盘
13:04:17,5.22,-0.01,64,33419,卖盘
13:04:20,5.22,0.0,10,5220,卖盘
13:04:23,5.22,0.0,3,1566,卖盘
13:04:26,5.23,0.01,75,39155,买盘
13:04:29,5.22,-0.01,7,3654,卖盘
13:04:32,5.23,0.01,18,9414,买盘
13:04:35,5.22,-0.01,21,10982,卖盘
13:04:38,5.22,0.0,94,49068,卖盘
13:04:41,5.21,-0.01,200,104395,卖盘
13:04:44,5.22,0.01,20,10440,买盘
13:04:50,5.22,0.0,20,10440,买盘
13:04:53,5.21,-0.01,1,521,卖盘
13:05:05,5.22,0.01,1,522,买盘
13:05:08,5.22,0.0,17,8874,买盘
13:05:11,5.22,0.0,214,111708,买盘
13:05:14,5.21,-0.01,74,38627,卖盘
13:05:20,5.21,0.0,6,3131,卖盘
13:05:23,5.22,0.01,23,12006,买盘
13:05:29,5.21,-0.01,852,443892,卖盘
13:05:32,5.22,0.01,101,52627,买盘
13:05:35,5.21,-0.01,66,34386,买盘
13:05:38,5.21,0.0,305,158915,卖盘
13:05:41,5.21,0.0,49,25529,买盘
13:05:44,5.21,0.0,826,430341,买盘
13:05:47,5.21,0.0,15,7807,买盘
13:05:53,5.21,0.0,2,1042,买盘
13:06:02,5.21,0.0,10,5210,买盘
13:06:05,5.21,0.0,10,5210,买盘
13:06:11,5.21,0.0,9,4689,买盘
13:06:14,5.21,0.0,1,521,买盘
13:06:17,5.21,0.0,8,4168,买盘
13:06:20,5.2,-0.01,58,30213,卖盘
13:06:26,5.2,0.0,1,520,卖盘
13:06:35,5.21,0.01,20,10420,买盘
13:06:41,5.21,0.0,6,3126,买盘
13:06:47,5.21,0.0,4,2084,买盘
13:06:50,5.21,0.0,5,2605,买盘
13:06:56,5.21,0.0,20,10420,买盘
13:06:59,5.21,0.0,10,5210,买盘
13:07:05,5.21,0.0,7,3647,买盘
13:07:08,5.2,-0.01,3,1560,卖盘
13:07:11,5.21,0.01,295,153655,买盘
13:07:14,5.2,-0.01,6,3120,卖盘
13:07:17,5.2,0.0,1,520,卖盘
13:07:20,5.2,0.0,3,1560,卖盘
13:07:23,5.2,0.0,1,520,卖盘
13:07:26,5.2,0.0,1,520,卖盘
13:07:32,5.21,0.01,2032,1058672,买盘
13:07:35,5.21,0.0,29,15109,卖盘
13:07:47,5.22,0.01,364,190008,买盘
13:07:50,5.22,0.0,10,5220,卖盘
13:07:53,5.22,0.0,29,15138,卖盘
13:07:56,5.22,0.0,103,53766,卖盘
13:07:59,5.23,0.01,32,16721,买盘
13:08:02,5.23,0.0,8,4178,买盘
13:08:05,5.22,-0.01,71,37062,卖盘
13:08:08,5.22,0.0,227,118494,卖盘
13:08:14,5.21,-0.01,125,65244,卖盘
13:08:17,5.22,0.01,15,7830,买盘
13:08:23,5.22,0.0,43,22446,买盘
13:08:26,5.22,0.0,65,33929,买盘
13:08:32,5.22,0.0,85,44370,买盘
13:08:35,5.22,0.0,5,2610,买盘
13:08:41,5.22,0.0,50,26100,买盘
13:08:44,5.21,-0.01,412,215057,卖盘
13:08:47,5.22,0.01,25,13050,买盘
13:08:50,5.21,-0.01,34,17746,卖盘
13:08:53,5.21,0.0,1,521,卖盘
13:08:56,5.22,0.01,49,25578,买盘
13:08:59,5.22,0.0,4,2088,卖盘
13:09:02,5.22,0.0,513,267786,卖盘
13:09:05,5.22,0.0,1,522,卖盘
13:09:14,5.23,0.01,133,69454,买盘
13:09:17,5.23,0.0,134,70082,买盘
13:09:20,5.23,0.0,63,32948,买盘
13:09:23,5.23,0.0,19,9936,买盘
13:09:26,5.22,-0.01,1,522,卖盘
13:09:29,5.23,0.01,187,97796,买盘
13:09:32,5.23,0.0,67,35041,买盘
13:09:35,5.23,0.0,84,43932,买盘
13:09:38,5.23,0.0,64,33472,卖盘
13:09:41,5.23,0.0,474,248361,卖盘
13:09:50,5.24,0.01,110,57640,买盘
13:09:53,5.24,0.0,114,59736,买盘
13:09:56,5.24,0.0,12,6288,买盘
13:09:59,5.24,0.0,30,15720,卖盘
13:10:02,5.24,0.0,518,271424,卖盘
13:10:05,5.24,0.0,16,8384,买盘
13:10:08,5.24,0.0,3,1572,买盘
13:10:11,5.24,0.0,48,25152,买盘
13:10:14,5.24,0.0,38,19912,卖盘
13:10:17,5.24,0.0,139,72835,卖盘
13:10:20,5.24,0.0,81,42395,买盘
13:10:23,5.24,0.0,59,30970,买盘
13:10:26,5.24,0.0,175,91700,买盘
13:10:29,5.24,0.0,44,23054,买盘
13:10:32,5.24,0.0,382,199942,买盘
13:10:35,5.24,0.0,47,24583,买盘
13:10:38,5.24,0.0,5,2620,买盘
13:10:44,5.24,0.0,9,4716,买盘
13:10:47,5.24,0.0,2,1048,买盘
13:10:50,5.24,0.0,200,104800,买盘
13:10:53,5.24,0.0,22,11511,买盘
13:10:59,5.24,0.0,35,18340,买盘
13:11:02,5.23,-0.01,109,57007,卖盘
13:11:05,5.23,0.0,155,81049,卖盘
13:11:08,5.23,0.0,135,70605,买盘
13:11:14,5.23,0.0,24,12552,买盘
13:11:17,5.23,0.0,12,6276,买盘
13:11:20,5.23,0.0,89,46541,买盘
13:11:23,5.23,0.0,100,52300,买盘
13:11:26,5.22,-0.01,10,5223,卖盘
13:11:29,5.23,0.01,28,14644,买盘
13:11:32,5.23,0.0,3,1569,买盘
13:11:35,5.23,0.0,38,19874,买盘
13:11:41,5.23,0.0,8,4184,买盘
13:11:44,5.23,0.0,147,76881,买盘
13:11:47,5.23,0.0,4,2092,买盘
13:11:50,5.23,0.0,137,71651,买盘
13:11:53,5.22,-0.01,133,69558,卖盘
13:11:56,5.22,0.0,5,2610,卖盘
13:12:02,5.23,0.01,83,43409,买盘
13:12:14,5.22,-0.01,1,522,卖盘
13:12:17,5.23,0.01,28,14644,买盘
13:12:20,5.23,0.0,6,3137,买盘
13:12:26,5.22,-0.01,1,522,卖盘
13:12:29,5.22,0.0,712,371664,卖盘
13:12:32,5.22,0.0,55,28702,买盘
13:12:41,5.22,0.0,14,7308,买盘
13:12:44,5.22,0.0,5,2610,买盘
13:12:47,5.22,0.0,3,1566,买盘
13:12:50,5.22,0.0,28,14616,买盘
13:12:53,5.22,0.0,50,26100,买盘
13:12:59,5.22,0.0,16,8342,买盘
13:13:02,5.21,-0.01,36,18761,卖盘
13:13:05,5.21,0.0,870,453270,卖盘
13:13:08,5.21,0.0,65,33811,买盘
13:13:14,5.21,0.0,334,174013,买盘
13:13:17,5.21,0.0,130,67725,卖盘
13:13:41,5.2,-0.01,817,425662,卖盘
13:13:50,5.2,0.0,4,2080,卖盘
13:13:53,5.21,0.01,422,219862,买盘
13:13:56,5.21,0.0,8,4168,卖盘
13:13:59,5.21,0.0,17,8857,卖盘
13:14:08,5.21,0.0,2166,1128691,卖盘
13:14:11,5.21,0.0,2,1042,买盘
13:14:17,5.2,-0.01,11,5720,卖盘
13:14:20,5.21,0.01,50,26050,买盘
13:14:26,5.21,0.0,320,166720,买盘
13:14:29,5.21,0.0,25,13025,卖盘
13:14:32,5.21,0.0,13,6773,卖盘
13:14:35,5.21,0.0,3,1563,卖盘
13:14:41,5.22,0.01,10,5220,买盘
13:14:47,5.22,0.0,12,6264,买盘
13:14:53,5.21,-0.01,31,16151,卖盘
13:14:56,5.21,0.0,193,100553,卖盘
13:14:59,5.21,0.0,142,73982,卖盘
13:15:02,5.22,0.01,753,393034,买盘
13:15:05,5.22,0.0,28,14616,卖盘
13:15:08,5.22,0.0,25,13050,卖盘
13:15:11,5.23,0.01,588,307472,买盘
13:15:14,5.23,0.0,1,523,卖盘
13:15:17,5.23,0.0,228,119244,卖盘
13:15:20,5.23,0.0,547,286081,卖盘
13:15:23,5.23,0.0,177,92571,卖盘
13:15:26,5.22,-0.01,107,55952,卖盘
13:15:32,5.23,0.01,19,9934,买盘
13:15:35,5.23,0.0,6,3136,买盘
13:15:38,5.22,-0.01,19,9918,卖盘
13:15:41,5.22,0.0,71,37062,卖盘
13:15:44,5.22,0.0,3,1566,卖盘
13:15:50,5.22,0.0,99,51771,卖盘
13:15:53,5.22,0.0,2,1044,卖盘
13:16:02,5.23,0.01,6,3137,买盘
13:16:08,5.22,-0.01,1,522,卖盘
13:16:11,5.22,0.0,158,82476,卖盘
13:16:14,5.22,0.0,187,97614,卖盘
13:16:17,5.22,0.0,71,37072,卖盘
13:16:20,5.23,0.01,25,13074,买盘
13:16:23,5.23,0.0,561,293403,买盘
13:16:26,5.23,0.0,62,32419,买盘
13:16:29,5.23,0.0,23,12029,买盘
13:16:32,5.23,0.0,220,115060,买盘
13:16:35,5.23,0.0,43,22489,买盘
13:16:38,5.23,0.0,14,7322,买盘
13:16:41,5.23,0.0,1,523,卖盘
13:16:50,5.24,0.01,12,6288,买盘
13:16:53,5.24,0.0,79,41396,买盘
13:16:56,5.24,0.0,2,1047,买盘
13:16:59,5.23,-0.01,18,9416,卖盘
13:17:02,5.23,0.0,15,7845,卖盘
13:17:05,5.23,0.0,171,89433,卖盘
13:17:08,5.23,0.0,346,180768,买盘
13:17:11,5.23,0.0,158,82634,卖盘
13:17:14,5.23,0.0,1,523,卖盘
13:17:20,5.24,0.01,3,1572,买盘
13:17:26,5.24,0.0,7,3666,买盘
13:17:29,5.24,0.0,1,524,买盘
13:17:35,5.24,0.0,150,78600,买盘
13:17:38,5.23,-0.01,104,54472,卖盘
13:17:41,5.23,0.0,1,523,卖盘
13:17:44,5.23,0.0,1,523,卖盘
13:17:47,5.23,0.0,196,102508,卖盘
13:17:50,5.23,0.0,18,9414,买盘
13:17:53,5.23,0.0,227,118721,买盘
13:17:56,5.23,0.0,40,20920,买盘
13:17:59,5.23,0.0,4,2092,买盘
13:18:02,5.23,0.0,35,18300,买盘
13:18:05,5.23,0.0,34,17782,买盘
13:18:08,5.23,0.0,44,23012,卖盘
13:18:11,5.24,0.01,50,26191,买盘
13:18:14,5.23,-0.01,8,4184,卖盘
13:18:17,5.23,0.0,21,10983,卖盘
13:18:20,5.23,0.0,13,6799,卖盘
13:18:23,5.24,0.01,60,31440,买盘
13:18:26,5.23,-0.01,26,13617,卖盘
13:18:29,5.23,0.0,8,4184,卖盘
13:18:32,5.24,0.01,14,7327,买盘
13:18:35,5.23,-0.01,3,1569,卖盘
13:18:38,5.23,0.0,35,18305,卖盘
13:18:41,5.23,0.0,11,5753,卖盘
13:18:44,5.24,0.01,12,6282,买盘
13:18:47,5.23,-0.01,27,14121,卖盘
13:18:50,5.23,0.0,277,144871,卖盘
13:18:53,5.23,0.0,456,238689,卖盘
13:18:56,5.24,0.01,5,2620,买盘
13:19:05,5.24,0.0,5,2620,买盘
13:19:08,5.23,-0.01,1,523,卖盘
13:19:11,5.24,0.01,14,7332,买盘
13:19:14,5.23,-0.01,2,1046,卖盘
13:19:17,5.23,0.0,2,1046,卖盘
13:19:20,5.23,0.0,18,9414,卖盘
13:19:23,5.23,0.0,34,17782,卖盘
13:19:26,5.22,-0.01,585,305948,卖盘
13:19:29,5.23,0.01,197,103031,买盘
13:19:35,5.23,0.0,23,12029,买盘
13:19:38,5.23,0.0,10,5230,买盘
13:19:41,5.23,0.0,20,10460,买盘
13:19:44,5.23,0.0,20,10460,买盘
13:19:53,5.23,0.0,30,15690,买盘
13:19:56,5.23,0.0,5,2615,买盘
13:19:59,5.23,0.0,148,77393,买盘
13:20:02,5.22,-0.01,8,4179,卖盘
13:20:05,5.23,0.01,31,16213,买盘
13:20:08,5.23,0.0,46,24058,买盘
13:20:11,5.22,-0.01,10,5223,卖盘
13:20:14,5.23,0.01,86,44978,买盘
13:20:17,5.23,0.0,3,1569,卖盘
13:20:20,5.22,-0.01,212,110875,卖盘
13:20:23,5.23,0.01,17,8891,买盘
13:20:26,5.22,-0.01,13,6798,卖盘
13:20:38,5.22,0.0,296,154512,卖盘
13:20:41,5.23,0.01,328,171373,买盘
13:20:50,5.23,0.0,12,6276,买盘
13:20:56,5.22,-0.01,1116,582552,卖盘
13:20:59,5.22,0.0,697,363730,卖盘
13:21:02,5.22,0.0,88,45936,买盘
13:21:05,5.22,0.0,75,39150,买盘
13:21:08,5.22,0.0,16,8352,买盘
13:21:11,5.22,0.0,60,31320,买盘
13:21:14,5.21,-0.01,100,52198,卖盘
13:21:23,5.21,0.0,16,8336,卖盘
13:21:26,5.21,0.0,2,1042,卖盘
13:21:35,5.22,0.01,69,36018,买盘
13:21:41,5.22,0.0,20,10440,买盘
13:21:44,5.22,0.0,4,2088,买盘
13:21:50,5.22,0.0,6,3132,买盘
13:21:53,5.21,-0.01,4,2087,卖盘
13:22:08,5.22,0.01,49,25578,买盘
13:22:11,5.22,0.0,19,9918,买盘
13:22:17,5.22,0.0,236,123191,买盘
13:22:23,5.22,0.0,8,4176,卖盘
13:22:26,5.23,0.01,5,2615,买盘
13:22:29,5.23,0.0,1,523,买盘
13:22:32,5.22,-0.01,40,20880,卖盘
13:22:35,5.23,0.01,8,4184,买盘
13:22:38,5.23,0.0,100,52300,买盘
13:22:41,5.23,0.0,29,15161,买盘
13:22:44,5.23,0.0,111,57945,买盘
13:22:47,5.23,0.0,13,6798,买盘
13:22:50,5.23,0.0,26,13598,买盘
13:22:53,5.23,0.0,24,12552,买盘
13:22:59,5.22,-0.01,48,25076,卖盘
13:23:02,5.23,0.01,16,8368,买盘
13:23:05,5.23,0.0,18,9406,买盘
13:23:08,5.23,0.0,37,19351,买盘
13:23:11,5.23,0.0,10,5230,买盘
13:23:14,5.22,-0.01,15,7830,卖盘
13:23:17,5.23,0.01,3,1569,买盘
13:23:20,5.23,0.0,21,10970,买盘
13:23:23,5.23,0.0,614,321113,买盘
13:23:26,5.24,0.01,52,27198,买盘
13:23:29,5.23,-0.01,30,15684,卖盘
13:23:35,5.24,0.01,194,101496,买盘
13:23:38,5.22,-0.02,42,21932,卖盘
13:23:41,5.23,0.01,58,30328,买盘
13:23:47,5.22,-0.01,93,48634,卖盘
13:23:50,5.23,0.01,89,46547,买盘
13:23:53,5.23,0.0,65,33995,卖盘
13:23:56,5.22,-0.01,8,4176,卖盘
13:23:59,5.23,0.01,16,8368,买盘
13:24:05,5.23,0.0,14,7322,买盘
13:24:08,5.22,-0.01,16,8367,卖盘
13:24:11,5.25,0.03,393,205940,买盘
13:24:14,5.26,0.01,229,120227,买盘
13:24:17,5.26,0.0,181,95195,买盘
13:24:20,5.26,0.0,204,107303,买盘
13:24:23,5.26,0.0,20,10520,卖盘
13:24:26,5.26,0.0,1,526,买盘
13:24:29,5.26,0.0,2,1052,买盘
13:24:32,5.26,0.0,54,28404,买盘
13:24:35,5.26,0.0,122,64172,买盘
13:24:38,5.26,0.0,279,146685,买盘
13:24:41,5.26,0.0,37,19432,买盘
13:24:44,5.26,0.0,29,15236,买盘
13:24:47,5.26,0.0,186,97806,买盘
13:24:50,5.26,0.0,51,26826,买盘
13:24:53,5.26,0.0,421,221427,买盘
13:24:56,5.26,0.0,53,27891,买盘
13:24:59,5.25,-0.01,175,91977,卖盘
13:25:02,5.25,0.0,19,9975,卖盘
13:25:05,5.25,0.0,100,52523,卖盘
13:25:08,5.25,0.0,56,29379,买盘
13:25:11,5.25,0.0,13,6825,卖盘
13:25:14,5.25,0.0,146,76778,卖盘
13:25:17,5.26,0.01,126,66239,买盘
13:25:20,5.26,0.0,53,27855,买盘
13:25:23,5.25,-0.01,157,82549,卖盘
13:25:26,5.26,0.01,86,45230,买盘
13:25:29,5.25,-0.01,15,7875,卖盘
13:25:32,5.25,0.0,140,73500,卖盘
13:25:35,5.26,0.01,179,93997,买盘
13:25:38,5.25,-0.01,340,178487,卖盘
13:25:41,5.24,-0.01,32,16771,卖盘
13:25:44,5.24,0.0,268,140432,卖盘
13:25:47,5.25,0.01,66,34636,买盘
13:25:50,5.24,-0.01,39,20424,买盘
13:25:53,5.24,0.0,22,11523,买盘
13:25:56,5.24,0.0,14,7336,买盘
13:25:59,5.25,0.01,35,18348,买盘
13:26:02,5.24,-0.01,44,23056,卖盘
13:26:05,5.25,0.01,53,27786,买盘
13:26:08,5.25,0.0,41,21500,买盘
13:26:11,5.25,0.0,33,17309,买盘
13:26:14,5.25,0.0,70,36703,买盘
13:26:17,5.25,0.0,26,13648,买盘
13:26:20,5.25,0.0,16,8400,买盘
13:26:23,5.25,0.0,16,8400,买盘
13:26:26,5.24,-0.01,50,26208,卖盘
13:26:29,5.24,0.0,8,4192,卖盘
13:26:32,5.24,0.0,79,41396,卖盘
13:26:35,5.24,0.0,185,96934,卖盘
13:26:38,5.24,0.0,8,4192,买盘
13:26:50,5.23,-0.01,108,56575,卖盘
13:26:53,5.24,0.01,130,67999,中性盘
13:26:56,5.23,-0.01,64,33531,卖盘
13:26:59,5.24,0.01,28,14672,买盘
13:27:08,5.24,0.0,100,52400,买盘
13:27:11,5.24,0.0,194,101508,卖盘
13:27:14,5.23,-0.01,16,8368,卖盘
13:27:20,5.23,0.0,1,523,卖盘
13:27:35,5.23,0.0,21,10983,卖盘
13:27:53,5.24,0.01,3,1572,买盘
13:28:02,5.24,0.0,50,26200,买盘
13:28:05,5.24,0.0,3,1570,买盘
13:28:08,5.24,0.0,2,1048,买盘
13:28:11,5.24,0.0,35,18335,买盘
13:28:14,5.23,-0.01,5,2615,卖盘
13:28:17,5.23,0.0,2,1046,卖盘
13:28:23,5.24,0.01,100,52400,买盘
13:28:26,5.23,-0.01,1,523,卖盘
13:28:29,5.24,0.01,5,2620,买盘
13:28:32,5.24,0.0,237,124188,买盘
13:28:35,5.24,0.0,401,210117,卖盘
13:28:38,5.24,0.0,6,3144,买盘
13:28:41,5.24,0.0,51,26724,买盘
13:28:44,5.24,0.0,46,24104,买盘
13:28:47,5.24,0.0,9,4716,卖盘
13:28:50,5.23,-0.01,7,3661,卖盘
13:28:53,5.23,0.0,7,3661,卖盘
13:28:56,5.23,0.0,826,431998,卖盘
13:28:59,5.22,-0.01,22,11493,卖盘
13:29:05,5.23,0.01,5,2614,买盘
13:29:08,5.23,0.0,10,5230,买盘
13:29:14,5.22,-0.01,2,1044,卖盘
13:29:17,5.22,0.0,94,49159,卖盘
13:29:20,5.23,0.01,40,20920,买盘
13:29:23,5.23,0.0,59,30857,买盘
13:29:26,5.22,-0.01,2,1045,卖盘
13:29:29,5.22,0.0,19,9918,卖盘
13:29:32,5.22,0.0,13,6786,卖盘
13:29:35,5.22,0.0,10,5220,卖盘
13:29:38,5.22,0.0,56,29232,卖盘
13:29:41,5.22,0.0,278,145307,卖盘
13:29:44,5.22,0.0,280,146160,卖盘
13:29:47,5.22,0.0,668,348696,卖盘
13:29:50,5.22,0.0,138,72036,卖盘
13:29:53,5.23,0.01,49,25606,买盘
13:29:56,5.23,0.0,147,76764,买盘
13:29:59,5.23,0.0,35,18285,买盘
13:30:02,5.22,-0.01,278,145116,卖盘
13:30:05,5.22,0.0,1,522,买盘
13:30:08,5.21,-0.01,9,4689,卖盘
13:30:17,5.22,0.01,4,2085,买盘
13:30:20,5.22,0.0,5,2610,买盘
13:30:23,5.21,-0.01,2,1042,卖盘
13:30:26,5.21,0.0,70,36531,卖盘
13:30:32,5.21,0.0,1,521,卖盘
13:30:35,5.21,0.0,53,27613,卖盘
13:30:38,5.21,0.0,25,13025,卖盘
13:30:41,5.21,0.0,1999,1041479,卖盘
13:30:44,5.21,0.0,5,2605,买盘
13:30:47,5.2,-0.01,2,1040,卖盘
13:30:50,5.21,0.01,2,1042,买盘
13:30:53,5.21,0.0,342,178182,买盘
13:30:56,5.2,-0.01,33,17187,卖盘
13:31:02,5.21,0.01,44,22924,买盘
13:31:05,5.21,0.0,47,24487,卖盘
13:31:08,5.21,0.0,10,5210,卖盘
13:31:14,5.21,0.0,5,2605,买盘
13:31:17,5.2,-0.01,2,1041,卖盘
13:31:20,5.2,0.0,1,520,卖盘
13:31:26,5.2,0.0,21,10920,卖盘
13:31:32,5.21,0.01,5,2605,买盘
13:31:35,5.21,0.0,67,34907,买盘
13:31:41,5.21,0.0,49,25529,买盘
13:31:47,5.2,-0.01,2,1040,卖盘
13:31:50,5.21,0.01,50,26050,买盘
13:31:53,5.2,-0.01,12,6251,卖盘
13:31:56,5.21,0.01,347,180787,买盘
13:31:59,5.21,0.0,80,41681,卖盘
13:32:02,5.21,0.0,17,8857,卖盘
13:32:05,5.21,0.0,3,1563,卖盘
13:32:08,5.21,0.0,34,17714,卖盘
13:32:11,5.21,0.0,15,7815,卖盘
13:32:14,5.21,0.0,96,50036,卖盘
13:32:17,5.21,0.0,28,14608,卖盘
13:32:23,5.22,0.01,5,2610,买盘
13:32:26,5.22,0.0,121,63143,买盘
13:32:29,5.21,-0.01,1,521,卖盘
13:32:32,5.21,0.0,19,9899,卖盘
13:32:35,5.2,-0.01,803,418344,卖盘
13:32:38,5.2,0.0,562,293032,卖盘
13:32:41,5.2,0.0,17,8840,卖盘
13:32:44,5.2,0.0,8,4160,卖盘
13:32:47,5.2,0.0,7,3640,卖盘
13:32:50,5.21,0.01,50,26050,买盘
13:32:53,5.21,0.0,3,1562,买盘
13:32:59,5.21,0.0,12,6251,买盘
13:33:02,5.2,-0.01,1,520,卖盘
13:33:08,5.21,0.01,51,26524,买盘
13:33:14,5.2,-0.01,1,520,卖盘
13:33:17,5.2,0.0,5,2602,卖盘
13:33:23,5.21,0.01,30,15630,买盘
13:33:29,5.2,-0.01,1,520,卖盘
13:33:32,5.2,0.0,1,520,卖盘
13:33:35,5.2,0.0,14,7290,卖盘
13:33:41,5.21,0.01,22,11461,买盘
13:33:47,5.2,-0.01,296,154208,卖盘
13:33:50,5.21,0.01,44,22923,买盘
13:33:53,5.2,-0.01,1,520,卖盘
13:33:56,5.2,0.0,1,520,卖盘
13:33:59,5.2,0.0,1,520,卖盘
13:34:05,5.21,0.01,10,5210,买盘
13:34:11,5.21,0.0,67,34907,买盘
13:34:14,5.2,-0.01,11,5729,卖盘
13:34:17,5.21,0.01,17,8856,买盘
13:34:20,5.21,0.0,5,2604,买盘
13:34:23,5.21,0.0,56,29176,买盘
13:34:26,5.2,-0.01,51,26536,卖盘
13:34:29,5.21,0.01,34,17714,买盘
13:34:32,5.21,0.0,34,17714,买盘
13:34:35,5.21,0.0,102,53142,买盘
13:34:38,5.2,-0.01,80,41602,卖盘
13:34:41,5.21,0.01,13,6773,买盘
13:34:44,5.21,0.0,26,13546,买盘
13:34:47,5.2,-0.01,82,42682,卖盘
13:34:50,5.21,0.01,30,15630,买盘
13:34:53,5.21,0.0,24,12503,买盘
13:34:56,5.21,0.0,118,61478,买盘
13:34:59,5.22,0.01,57,29714,买盘
13:35:02,5.22,0.0,42,21893,买盘
13:35:05,5.21,-0.01,2,1042,卖盘
13:35:08,5.22,0.01,139,72558,买盘
13:35:11,5.21,-0.01,59,30785,卖盘
13:35:23,5.21,0.0,130,67730,卖盘
13:35:26,5.21,0.0,73,38035,卖盘
13:35:29,5.21,0.0,213,110973,卖盘
13:35:32,5.21,0.0,43,22410,卖盘
13:35:35,5.21,0.0,6,3126,卖盘
13:35:38,5.21,0.0,14,7294,卖盘
13:35:41,5.21,0.0,4,2084,卖盘
13:35:44,5.21,0.0,37,19277,卖盘
13:35:47,5.2,-0.01,413,215174,卖盘
13:35:50,5.21,0.01,10,5210,买盘
13:35:53,5.21,0.0,2,1042,买盘
13:35:56,5.21,0.0,60,31260,买盘
13:35:59,5.21,0.0,176,91696,买盘
13:36:02,5.21,0.0,3,1563,卖盘
13:36:05,5.21,0.0,18,9378,卖盘
13:36:11,5.21,0.0,37,19277,卖盘
13:36:14,5.21,0.0,67,34907,卖盘
13:36:17,5.2,-0.01,33,17192,卖盘
13:36:26,5.21,0.01,10,5210,买盘
13:36:29,5.2,-0.01,60,31255,卖盘
13:36:35,5.2,0.0,8,4160,卖盘
13:36:38,5.2,0.0,524,272680,卖盘
13:36:41,5.2,0.0,1447,752440,卖盘
13:36:44,5.2,0.0,1080,561600,卖盘
13:36:47,5.21,0.01,401,208530,买盘
13:36:50,5.2,-0.01,393,204360,卖盘
13:36:53,5.2,0.0,294,152880,卖盘
13:36:56,5.2,0.0,206,107120,卖盘
13:36:59,5.21,0.01,84,43686,买盘
13:37:02,5.2,-0.01,21,10920,卖盘
13:37:05,5.2,0.0,20,10400,卖盘
13:37:08,5.21,0.01,24,12500,买盘
13:37:11,5.2,-0.01,6,3120,卖盘
13:37:14,5.2,0.0,56,29164,卖盘
13:37:17,5.2,0.0,20,10400,卖盘
13:37:20,5.21,0.01,4,2083,买盘
13:37:23,5.2,-0.01,3,1560,卖盘
13:37:26,5.2,0.0,10,5200,卖盘
13:37:29,5.2,0.0,2,1040,卖盘
13:37:32,5.2,0.0,4,2080,卖盘
13:37:35,5.2,0.0,5,2600,卖盘
13:37:38,5.2,0.0,65,33800,卖盘
13:37:41,5.2,0.0,40,20800,卖盘
13:37:44,5.2,0.0,8,4160,卖盘
13:37:47,5.2,0.0,18,9360,卖盘
13:37:50,5.21,0.01,56,29138,买盘
13:37:56,5.21,0.0,2,1042,买盘
13:38:02,5.2,-0.01,20,10400,卖盘
13:38:05,5.2,0.0,13,6760,卖盘
13:38:08,5.2,0.0,2,1040,卖盘
13:38:11,5.2,0.0,24,12480,卖盘
13:38:14,5.2,0.0,35,18200,卖盘
13:38:17,5.2,0.0,164,85280,卖盘
13:38:20,5.2,0.0,205,106600,卖盘
13:38:23,5.2,0.0,358,186160,卖盘
13:38:26,5.2,0.0,322,167440,卖盘
13:38:29,5.2,0.0,14,7280,卖盘
13:38:32,5.2,0.0,178,92603,卖盘
13:38:35,5.2,0.0,12,6240,卖盘
13:38:38,5.19,-0.01,24,12457,卖盘
13:38:44,5.19,0.0,11,5709,卖盘
13:38:50,5.2,0.01,30,15600,买盘
13:38:53,5.19,-0.01,1,519,卖盘
13:39:08,5.2,0.01,4,2080,买盘
13:39:11,5.2,0.0,80,41595,买盘
13:39:14,5.2,0.0,14,7280,买盘
13:39:17,5.19,-0.01,68,35359,卖盘
13:39:23,5.2,0.01,2,1040,买盘
13:39:32,5.19,-0.01,63,32704,卖盘
13:39:35,5.19,0.0,28,14532,卖盘
13:39:38,5.19,0.0,39,20251,卖盘
13:39:41,5.2,0.01,29,15056,买盘
13:39:59,5.19,-0.01,15,7790,卖盘
13:40:02,5.19,0.0,19,9861,卖盘
13:40:05,5.2,0.01,104,54080,买盘
13:40:08,5.19,-0.01,6,3114,卖盘
13:40:11,5.2,0.01,49,25480,买盘
13:40:14,5.19,-0.01,1,519,卖盘
13:40:17,5.19,0.0,151,78369,卖盘
13:40:23,5.19,0.0,175,90973,卖盘
13:40:26,5.2,0.01,353,183558,买盘
13:40:29,5.19,-0.01,5,2595,卖盘
13:40:35,5.2,0.01,33,17160,买盘
13:40:47,5.2,0.0,20,10400,买盘
13:41:11,5.2,0.0,2,1040,买盘
13:41:14,5.2,0.0,56,29119,买盘
13:41:17,5.19,-0.01,11,5709,卖盘
13:41:23,5.2,0.01,10,5200,买盘
13:41:32,5.2,0.0,33,17160,买盘
13:41:35,5.2,0.0,179,93080,买盘
13:41:38,5.2,0.0,14,7280,买盘
13:41:41,5.2,0.0,10,5200,买盘
13:41:44,5.2,0.0,15,7800,买盘
13:41:47,5.2,0.0,40,20800,买盘
13:41:50,5.2,0.0,15,7795,买盘
13:41:53,5.19,-0.01,1,519,卖盘
13:41:59,5.2,0.01,24,12480,买盘
13:42:02,5.19,-0.01,16,8319,卖盘
13:42:05,5.2,0.01,103,53560,买盘
13:42:08,5.2,0.0,20,10400,买盘
13:42:11,5.2,0.0,30,15600,买盘
13:42:14,5.2,0.0,23,11960,买盘
13:42:17,5.2,0.0,21,10919,买盘
13:42:20,5.2,0.0,181,94113,买盘
13:42:23,5.2,0.0,77,40040,买盘
13:42:26,5.19,-0.01,98,50953,卖盘
13:42:29,5.2,0.01,13,6760,买盘
13:42:32,5.2,0.0,23,11960,买盘
13:42:41,5.19,-0.01,10,5191,卖盘
13:42:47,5.2,0.01,95,49400,买盘
13:42:56,5.2,0.0,17,8840,买盘
13:43:08,5.2,0.0,13,6760,买盘
13:43:11,5.19,-0.01,9,4671,卖盘
13:43:14,5.19,0.0,1,519,卖盘
13:43:35,5.2,0.01,50,26000,买盘
13:43:38,5.2,0.0,2,1040,买盘
13:43:44,5.2,0.0,34,17680,买盘
13:43:47,5.2,0.0,3,1560,买盘
13:43:53,5.2,0.0,106,55120,买盘
13:43:56,5.2,0.0,45,23395,买盘
13:43:59,5.2,0.0,20,10400,买盘
13:44:02,5.2,0.0,7,3639,买盘
13:44:11,5.2,0.0,7,3640,买盘
13:44:14,5.19,-0.01,773,401952,卖盘
13:44:17,5.2,0.01,692,359833,买盘
13:44:20,5.2,0.0,10,5200,买盘
13:44:26,5.2,0.0,17,8840,买盘
13:44:29,5.2,0.0,14,7280,买盘
13:44:32,5.2,0.0,72,37440,买盘
13:44:38,5.2,0.0,144,74873,买盘
13:44:41,5.2,0.0,20,10400,买盘
13:44:44,5.2,0.0,22,11440,买盘
13:44:47,5.2,0.0,517,268806,买盘
13:44:50,5.2,0.0,55,28594,买盘
13:44:53,5.2,0.0,113,58760,买盘
13:44:59,5.2,0.0,10,5200,买盘
13:45:02,5.2,0.0,17,8833,买盘
13:45:05,5.2,0.0,50,26000,买盘
13:45:08,5.2,0.0,280,145600,买盘
13:45:11,5.2,0.0,24,12474,买盘
13:45:14,5.19,-0.01,96,49918,卖盘
13:45:17,5.19,0.0,27,14034,卖盘
13:45:20,5.2,0.01,6,3119,买盘
13:45:23,5.2,0.0,7,3640,买盘
13:45:26,5.19,-0.01,3,1557,卖盘
13:45:29,5.2,0.01,12,6240,买盘
13:45:32,5.19,-0.01,8,4152,卖盘
13:45:35,5.2,0.01,182,94640,买盘
13:45:41,5.19,-0.01,1,519,卖盘
13:45:44,5.2,0.01,10,5200,买盘
13:45:47,5.2,0.0,73,37960,买盘
13:45:50,5.2,0.0,353,183669,买盘
13:45:53,5.19,-0.01,229,118960,卖盘
13:45:56,5.2,0.01,48,24960,买盘
13:45:59,5.2,0.0,200,104000,买盘
13:46:02,5.2,0.0,1,520,买盘
13:46:05,5.2,0.0,3,1560,买盘
13:46:08,5.2,0.0,61,31709,买盘
13:46:11,5.2,0.0,47,24429,买盘
13:46:17,5.2,0.0,150,78000,买盘
13:46:20,5.19,-0.01,6,3114,卖盘
13:46:23,5.2,0.01,53,27560,买盘
13:46:29,5.2,0.0,58,30123,买盘
13:46:32,5.2,0.0,50,26000,买盘
13:46:35,5.2,0.0,5,2600,买盘
13:46:38,5.19,-0.01,91,47229,卖盘
13:46:41,5.19,0.0,3,1557,卖盘
13:46:44,5.2,0.01,26,13498,买盘
13:46:47,5.2,0.0,304,158189,买盘
13:46:50,5.2,0.0,149,77480,卖盘
13:46:53,5.2,0.0,211,109720,卖盘
13:46:56,5.19,-0.01,114,59148,卖盘
13:46:59,5.21,0.02,110,57217,买盘
13:47:02,5.2,-0.01,17,8840,卖盘
13:47:05,5.2,0.0,4,2080,卖盘
13:47:08,5.2,0.0,43,22362,卖盘
13:47:11,5.2,0.0,14,7280,卖盘
13:47:17,5.2,0.0,64,33280,卖盘
13:47:20,5.2,0.0,35,18200,卖盘
13:47:23,5.21,0.01,66,34357,买盘
13:47:26,5.2,-0.01,155,80600,卖盘
13:47:29,5.2,0.0,80,41598,卖盘
13:47:32,5.2,0.0,14,7280,买盘
13:47:35,5.2,0.0,40,20800,买盘
13:47:38,5.2,0.0,15,7800,买盘
13:47:41,5.19,-0.01,3,1557,卖盘
13:47:50,5.2,0.01,180,93600,买盘
13:47:53,5.2,0.0,85,44200,卖盘
13:47:56,5.2,0.0,137,71240,卖盘
13:47:59,5.2,0.0,59,30680,卖盘
13:48:02,5.2,0.0,37,19240,卖盘
13:48:05,5.2,0.0,3,1560,买盘
13:48:08,5.2,0.0,263,136750,买盘
13:48:11,5.2,0.0,6,3120,卖盘
13:48:23,5.2,0.0,11,5720,卖盘
13:48:32,5.2,0.0,3,1560,卖盘
13:48:38,5.21,0.01,42,21870,买盘
13:48:41,5.2,-0.01,2,1040,卖盘
13:48:44,5.21,0.01,8,4168,买盘
13:49:02,5.21,0.0,8,4168,买盘
13:49:08,5.2,-0.01,1,520,卖盘
13:49:11,5.21,0.01,5,2605,买盘
13:49:23,5.21,0.0,27,14067,买盘
13:49:35,5.21,0.0,2260,1177662,买盘
13:49:38,5.21,0.0,19,9914,卖盘
13:49:41,5.21,0.0,2,1042,卖盘
13:49:44,5.21,0.0,20,10420,卖盘
13:49:47,5.21,0.0,2,1042,卖盘
13:49:50,5.21,0.0,3,1563,卖盘
13:49:53,5.22,0.01,121,63162,买盘
13:49:59,5.22,0.0,63,32886,买盘
13:50:02,5.21,-0.01,29,15137,卖盘
13:50:05,5.21,0.0,48,25043,卖盘
13:50:08,5.22,0.01,129,67213,买盘
13:50:17,5.21,-0.01,124,64604,卖盘
13:50:20,5.21,0.0,141,73462,卖盘
13:50:23,5.21,0.0,37,19277,卖盘
13:50:26,5.21,0.0,59,30739,卖盘
13:50:29,5.21,0.0,60,31260,卖盘
13:50:32,5.21,0.0,13,6773,卖盘
13:50:35,5.21,0.0,83,43243,卖盘
13:50:38,5.21,0.0,43,22403,卖盘
13:50:41,5.22,0.01,18,9384,买盘
13:50:44,5.22,0.0,208,108576,买盘
13:50:47,5.22,0.0,26,13561,买盘
13:50:50,5.22,0.0,1,522,买盘
13:50:53,5.22,0.0,85,44370,买盘
13:50:56,5.22,0.0,53,27661,买盘
13:50:59,5.22,0.0,1330,694260,买盘
13:51:02,5.22,0.0,17,8874,卖盘
13:51:05,5.23,0.01,21,10983,买盘
13:51:08,5.23,0.0,9,4707,买盘
13:51:11,5.23,0.0,4,2092,买盘
13:51:14,5.23,0.0,5,2615,买盘
13:51:17,5.23,0.0,38,19874,买盘
13:51:23,5.23,0.0,97,50731,买盘
13:51:26,5.23,0.0,53,27716,买盘
13:51:29,5.23,0.0,101,52823,买盘
13:51:32,5.23,0.0,54,28242,买盘
13:51:35,5.25,0.02,3100,1630761,买盘
13:51:38,5.25,0.0,35,18350,买盘
13:51:41,5.24,-0.01,30,15741,卖盘
13:51:44,5.24,0.0,2,1048,卖盘
13:51:47,5.25,0.01,61,32024,买盘
13:51:50,5.25,0.0,281,147520,买盘
13:51:53,5.26,0.01,308,161795,买盘
13:51:56,5.26,0.0,55,28911,买盘
13:51:59,5.26,0.0,369,194094,买盘
13:52:02,5.26,0.0,54,28413,卖盘
13:52:05,5.26,0.0,97,51043,卖盘
13:52:08,5.25,-0.01,380,200042,卖盘
13:52:11,5.24,-0.01,788,413797,卖盘
13:52:14,5.25,0.01,46,24150,买盘
13:52:17,5.24,-0.01,7,3668,卖盘
13:52:20,5.25,0.01,38,19950,买盘
13:52:23,5.25,0.0,124,65098,买盘
13:52:26,5.25,0.0,2,1050,买盘
13:52:32,5.25,0.0,14,7350,买盘
13:52:35,5.25,0.0,15,7873,买盘
13:52:41,5.24,-0.01,2,1048,卖盘
13:52:44,5.25,0.01,157,82425,买盘
13:52:47,5.24,-0.01,53,27820,卖盘
13:52:50,5.25,0.01,58,30450,买盘
13:52:53,5.25,0.0,64,33600,买盘
13:52:56,5.25,0.0,208,109200,卖盘
13:52:59,5.24,-0.01,182,95438,卖盘
13:53:05,5.25,0.01,26,13650,买盘
13:53:11,5.25,0.0,16,8400,买盘
13:53:17,5.25,0.0,8,4200,买盘
13:53:20,5.25,0.0,106,55650,买盘
13:53:23,5.25,0.0,20,10500,买盘
13:53:29,5.25,0.0,8,4200,买盘
13:53:32,5.25,0.0,138,72450,买盘
13:53:35,5.25,0.0,124,64995,中性盘
13:53:41,5.24,-0.01,2,1048,卖盘
13:53:44,5.25,0.01,32,16800,买盘
13:53:47,5.25,0.0,12,6300,买盘
13:53:50,5.26,0.01,178,93573,买盘
13:53:53,5.25,-0.01,11,5775,卖盘
13:53:56,5.26,0.01,5,2628,买盘
13:53:59,5.26,0.0,3,1578,买盘
13:54:05,5.25,-0.01,4,2100,卖盘
13:54:08,5.25,0.0,38,19950,卖盘
13:54:11,5.26,0.01,289,151841,买盘
13:54:14,5.24,-0.02,382,200865,卖盘
13:54:17,5.26,0.02,5,2626,买盘
13:54:20,5.25,-0.01,15,7875,卖盘
13:54:23,5.25,0.0,28,14700,卖盘
13:54:29,5.25,0.0,30,15758,买盘
13:54:32,5.26,0.01,7,3681,买盘
13:54:35,5.25,-0.01,5,2625,卖盘
13:54:38,5.25,0.0,56,29400,卖盘
13:54:41,5.25,0.0,113,59425,卖盘
13:54:47,5.25,0.0,40,21000,卖盘
13:54:50,5.25,0.0,1,525,卖盘
13:54:56,5.25,0.0,47,24675,卖盘
13:54:59,5.25,0.0,15,7875,卖盘
13:55:08,5.25,0.0,4,2100,买盘
13:55:11,5.24,-0.01,9,4716,卖盘
13:55:14,5.24,0.0,5,2620,卖盘
13:55:17,5.25,0.01,55,28825,买盘
13:55:20,5.24,-0.01,9,4716,卖盘
13:55:26,5.24,0.0,9,4716,卖盘
13:55:32,5.24,0.0,7,3668,卖盘
13:55:35,5.24,0.0,46,24107,卖盘
13:55:38,5.25,0.01,441,231498,买盘
13:55:41,5.24,-0.01,75,39368,卖盘
13:55:47,5.24,0.0,3,1572,卖盘
13:55:50,5.25,0.01,2,1050,买盘
13:55:53,5.24,-0.01,6,3144,卖盘
13:55:56,5.24,0.0,44,23061,卖盘
13:55:59,5.25,0.01,14,7344,买盘
13:56:02,5.24,-0.01,3,1572,卖盘
13:56:05,5.24,0.0,93,48732,卖盘
13:56:08,5.24,0.0,138,72312,卖盘
13:56:11,5.24,0.0,32,16768,卖盘
13:56:14,5.24,0.0,15,7862,卖盘
13:56:17,5.24,0.0,5,2620,卖盘
13:56:20,5.24,0.0,579,303965,卖盘
13:56:26,5.26,0.02,21,11031,买盘
13:56:29,5.26,0.0,3,1578,买盘
13:56:32,5.26,0.0,18,9468,买盘
13:56:35,5.26,0.0,20,10520,买盘
13:56:38,5.26,0.0,10,5260,买盘
13:56:41,5.25,-0.01,2,1050,卖盘
13:56:44,5.25,0.0,22,11550,卖盘
13:56:47,5.26,0.01,11,5779,买盘
13:56:53,5.26,0.0,6,3156,买盘
13:56:56,5.25,-0.01,16,8400,卖盘
13:56:59,5.26,0.01,10,5260,买盘
13:57:02,5.25,-0.01,97,51018,卖盘
13:57:05,5.26,0.01,45,23670,买盘
13:57:08,5.26,0.0,1,526,买盘
13:57:11,5.26,0.0,40,21040,买盘
13:57:14,5.25,-0.01,7,3677,卖盘
13:57:17,5.26,0.01,10,5260,买盘
13:57:23,5.26,0.0,63,33137,买盘
13:57:26,5.25,-0.01,86,45231,卖盘
13:57:32,5.26,0.01,59,31027,买盘
13:57:38,5.25,-0.01,20,10500,卖盘
13:57:41,5.25,0.0,25,13125,卖盘
13:57:44,5.26,0.01,3,1576,买盘
13:57:47,5.25,-0.01,8,4200,卖盘
13:57:50,5.26,0.01,96,50463,买盘
13:57:53,5.25,-0.01,372,195294,卖盘
13:57:56,5.25,0.0,8,4200,买盘
13:57:59,5.25,0.0,5,2625,买盘
13:58:05,5.25,0.0,153,80325,买盘
13:58:11,5.25,0.0,20,10500,买盘
13:58:14,5.25,0.0,20,10500,买盘
13:58:17,5.25,0.0,66,34650,买盘
13:58:20,5.25,0.0,233,122325,卖盘
13:58:23,5.25,0.0,38,19950,卖盘
13:58:29,5.26,0.01,80,42039,买盘
13:58:32,5.25,-0.01,50,26250,卖盘
13:58:35,5.25,0.0,32,16800,卖盘
13:58:38,5.25,0.0,136,71400,卖盘
13:58:41,5.25,0.0,98,51448,买盘
13:58:44,5.25,0.0,27,14170,买盘
13:58:47,5.25,0.0,89,46725,买盘
13:58:53,5.25,0.0,24,12600,买盘
13:58:56,5.25,0.0,22,11550,买盘
13:59:05,5.24,-0.01,50,26245,卖盘
13:59:14,5.25,0.01,34,17833,买盘
13:59:17,5.25,0.0,26,13632,买盘
13:59:20,5.24,-0.01,30,15721,卖盘
13:59:32,5.25,0.01,14,7350,买盘
13:59:41,5.24,-0.01,2,1048,卖盘
13:59:47,5.25,0.01,6,3150,买盘
13:59:50,5.25,0.0,7,3671,买盘
13:59:53,5.24,-0.01,6,3144,卖盘
13:59:56,5.24,0.0,8,4192,卖盘
13:59:59,5.24,0.0,8,4192,卖盘
14:00:02,5.25,0.01,6,3150,买盘
14:00:05,5.25,0.0,53,27825,买盘
14:00:08,5.24,-0.01,10,5240,卖盘
14:00:11,5.25,0.01,512,268800,买盘
14:00:14,5.26,0.01,45,23637,买盘
14:00:26,5.25,-0.01,45,23625,卖盘
14:00:29,5.25,0.0,685,360027,卖盘
14:00:32,5.25,0.0,16,8400,卖盘
14:00:35,5.26,0.01,39,20505,买盘
14:00:38,5.25,-0.01,147,77275,卖盘
14:00:41,5.25,0.0,30,15750,卖盘
14:00:44,5.26,0.01,62,32599,买盘
14:00:47,5.26,0.0,18,9466,买盘
14:00:50,5.26,0.0,65,34187,买盘
14:00:53,5.26,0.0,13,6829,买盘
14:00:56,5.26,0.0,5,2628,买盘
14:01:11,5.26,0.0,20,10520,买盘
14:01:14,5.25,-0.01,13,6829,卖盘
14:01:17,5.26,0.01,1138,598538,买盘
14:01:20,5.27,0.01,32,16864,买盘
14:01:23,5.26,-0.01,159,83678,卖盘
14:01:29,5.27,0.01,128,67456,买盘
14:01:32,5.27,0.0,21,11067,买盘
14:01:35,5.26,-0.01,439,231325,卖盘
14:01:38,5.28,0.02,31,16367,买盘
14:01:41,5.28,0.0,26,13710,买盘
14:01:44,5.27,-0.01,22,11594,卖盘
14:01:47,5.27,0.0,41,21607,卖盘
14:01:50,5.27,0.0,29,15283,卖盘
14:01:53,5.28,0.01,48,25322,买盘
14:01:56,5.26,-0.02,370,195340,卖盘
14:01:59,5.28,0.02,27,14252,买盘
14:02:02,5.28,0.0,3,1584,买盘
14:02:05,5.28,0.0,28,14781,买盘
14:02:08,5.28,0.0,114,60189,买盘
14:02:11,5.28,0.0,21,11087,买盘
14:02:14,5.28,0.0,6,3165,买盘
14:02:17,5.28,0.0,5,2639,买盘
14:02:20,5.28,0.0,131,69157,买盘
14:02:23,5.27,-0.01,10,5270,卖盘
14:02:26,5.28,0.01,41,21648,买盘
14:02:29,5.28,0.0,21,11087,买盘
14:02:32,5.28,0.0,79,41707,买盘
14:02:35,5.28,0.0,52,27443,买盘
14:02:38,5.27,-0.01,15,7915,卖盘
14:02:41,5.27,0.0,29,15306,卖盘
14:02:44,5.28,0.01,214,112990,买盘
14:02:47,5.28,0.0,276,145728,买盘
14:02:50,5.28,0.0,27,14256,卖盘
14:02:53,5.28,0.0,1,528,卖盘
14:02:56,5.28,0.0,177,93457,卖盘
14:02:59,5.29,0.01,267,140979,买盘
14:03:02,5.29,0.0,108,57125,买盘
14:03:05,5.29,0.0,12,6346,买盘
14:03:08,5.29,0.0,354,187125,买盘
14:03:11,5.28,-0.01,18,9504,中性盘
14:03:14,5.28,0.0,36,18996,买盘
14:03:17,5.28,0.0,181,95518,买盘
14:03:20,5.28,0.0,50,26400,买盘
14:03:23,5.28,0.0,1190,629727,买盘
14:03:26,5.28,0.0,26,13728,买盘
14:03:29,5.27,-0.01,84,44351,卖盘
14:03:32,5.28,0.01,95,50160,买盘
14:03:35,5.28,0.0,177,93456,买盘
14:03:38,5.28,0.0,102,53856,买盘
14:03:41,5.28,0.0,198,104544,卖盘
14:03:44,5.28,0.0,36,19008,卖盘
14:03:53,5.27,-0.01,13,6851,卖盘
14:03:56,5.27,0.0,7,3689,卖盘
14:03:59,5.28,0.01,13,6861,买盘
14:04:02,5.26,-0.02,647,340963,卖盘
14:04:05,5.26,0.0,40,21040,卖盘
14:04:08,5.26,0.0,215,113439,卖盘
14:04:11,5.27,0.01,17,8959,买盘
14:04:17,5.27,0.0,44,23188,买盘
14:04:20,5.27,0.0,15,7905,卖盘
14:04:23,5.27,0.0,5,2635,卖盘
14:04:32,5.27,0.0,8,4216,卖盘
14:04:35,5.28,0.01,22,11595,买盘
14:04:41,5.26,-0.02,2,1052,卖盘
14:04:50,5.27,0.01,30,15810,买盘
14:04:53,5.26,-0.01,6,3160,卖盘
14:04:56,5.27,0.01,4,2108,买盘
14:04:59,5.26,-0.01,66,34716,卖盘
14:05:02,5.27,0.01,26,13702,买盘
14:05:05,5.27,0.0,7,3689,买盘
14:05:08,5.27,0.0,4,2108,买盘
14:05:11,5.27,0.0,171,90117,买盘
14:05:14,5.27,0.0,104,54808,卖盘
14:05:17,5.27,0.0,194,102238,卖盘
14:05:20,5.27,0.0,18,9486,买盘
14:05:23,5.27,0.0,72,37944,买盘
14:05:26,5.27,0.0,43,22661,卖盘
14:05:29,5.27,0.0,51,26878,卖盘
14:05:32,5.27,0.0,112,59024,卖盘
14:05:35,5.27,0.0,76,40052,买盘
14:05:38,5.27,0.0,100,52700,卖盘
14:05:41,5.27,0.0,232,122264,卖盘
14:05:44,5.27,0.0,137,72225,买盘
14:05:47,5.27,0.0,50,26350,买盘
14:05:50,5.26,-0.01,25,12972,卖盘
14:05:53,5.27,0.01,5,2635,买盘
