成交时间,成交价格,价格变动,成交量,成交金额,性质
09:25:03,11.83,0.0,1010,1194830,卖盘
09:30:03,11.83,0.0,19,22477,卖盘
09:30:06,11.87,0.04,152,179863,买盘
09:30:09,11.88,0.01,158,187081,买盘
09:30:12,11.83,-0.05,111,131431,卖盘
09:30:15,11.87,0.04,99,117424,买盘
09:30:18,11.84,-0.03,163,193281,卖盘
09:30:21,11.83,-0.01,123,145689,中性盘
09:30:24,11.84,0.01,62,73240,买盘
09:30:27,11.82,-0.02,200,236745,卖盘
09:30:30,11.78,-0.04,111,131117,卖盘
09:30:33,11.77,-0.01,59,69623,卖盘
09:30:36,11.73,-0.04,48,56413,卖盘
09:30:39,11.71,-0.02,267,313585,卖盘
09:30:42,11.72,0.01,101,118370,买盘
09:30:45,11.7,-0.02,2385,2790803,卖盘
09:30:48,11.69,-0.01,257,300231,卖盘
09:30:51,11.69,0.0,18,20991,买盘
09:30:54,11.69,0.0,237,276648,买盘
09:30:57,11.69,0.0,173,201879,买盘
09:31:00,11.67,-0.02,96,112133,卖盘
09:31:03,11.67,0.0,247,288154,买盘
09:31:06,11.68,0.01,720,840375,买盘
09:31:09,11.67,-0.01,352,411090,卖盘
09:31:12,11.69,0.02,27,31584,中性盘
09:31:15,11.71,0.02,28,32753,买盘
09:31:18,11.7,-0.01,161,188349,卖盘
09:31:21,11.7,0.0,45,52685,卖盘
09:31:24,11.77,0.07,162,190070,买盘
09:31:27,11.8,0.03,20,23600,买盘
09:31:30,11.79,-0.01,163,192320,卖盘
09:31:33,11.77,-0.02,8,9416,买盘
09:31:36,11.8,0.03,12,14141,买盘
09:31:39,11.79,-0.01,43,50734,卖盘
09:31:42,11.76,-0.03,122,143585,卖盘
09:31:45,11.82,0.06,45,52920,买盘
09:31:48,11.79,-0.03,174,205148,卖盘
09:31:51,11.77,-0.02,196,230928,卖盘
09:31:54,11.79,0.02,54,63746,买盘
09:31:57,11.77,-0.02,21,24732,卖盘
09:32:00,11.77,0.0,25,29437,卖盘
09:32:03,11.76,-0.01,190,223432,卖盘
09:32:06,11.71,-0.05,489,573664,卖盘
09:32:09,11.7,-0.01,196,229321,卖盘
09:32:12,11.7,0.0,126,147315,卖盘
09:32:15,11.7,0.0,5,5850,买盘
09:32:18,11.65,-0.05,264,307948,卖盘
09:32:21,11.65,0.0,263,306293,卖盘
09:32:24,11.65,0.0,25,29123,买盘
09:32:27,11.62,-0.03,159,185054,卖盘
09:32:30,11.63,0.01,9,10479,买盘
09:32:33,11.62,-0.01,157,182490,卖盘
09:32:36,11.61,-0.01,61,70826,卖盘
09:32:39,11.62,0.01,125,145175,买盘
09:32:42,11.61,-0.01,234,271842,卖盘
09:32:45,11.64,0.03,120,139369,中性盘
09:32:48,11.65,0.01,364,422664,买盘
09:32:51,11.61,-0.04,534,620178,卖盘
09:32:54,11.65,0.04,16,18658,中性盘
09:32:57,11.61,-0.04,30,34908,卖盘
09:33:00,11.62,0.01,13,15115,卖盘
09:33:03,11.62,0.0,18,20946,卖盘
09:33:06,11.62,0.0,55,63940,卖盘
09:33:09,11.61,-0.01,134,155620,卖盘
09:33:12,11.61,0.0,84,97534,卖盘
09:33:15,11.6,-0.01,130,150808,卖盘
09:33:18,11.6,0.0,140,162443,卖盘
09:33:21,11.61,0.01,464,538278,买盘
09:33:24,11.6,-0.01,170,197228,卖盘
09:33:27,11.58,-0.02,17,19712,卖盘
09:33:30,11.57,-0.01,61,70591,卖盘
09:33:33,11.57,0.0,37,42806,买盘
09:33:36,11.56,-0.01,53,61278,卖盘
09:33:39,11.56,0.0,57,65894,卖盘
09:33:42,11.56,0.0,1,1156,卖盘
09:33:45,11.56,0.0,72,83232,卖盘
09:33:48,11.55,-0.01,229,264496,卖盘
09:33:51,11.56,0.01,345,398778,买盘
09:33:54,11.55,-0.01,237,274158,卖盘
09:33:57,11.57,0.02,179,206747,买盘
09:34:00,11.57,0.0,274,316808,买盘
09:34:03,11.57,0.0,124,143404,买盘
09:34:06,11.56,-0.01,92,106417,卖盘
09:34:09,11.57,0.01,255,294848,买盘
09:34:12,11.55,-0.02,851,983632,卖盘
09:34:15,11.55,0.0,184,212520,买盘
09:34:18,11.54,-0.01,159,183562,卖盘
09:34:21,11.55,0.01,64,73940,买盘
09:34:24,11.56,0.01,26,30034,买盘
09:34:27,11.55,-0.01,313,361513,卖盘
09:34:30,11.55,0.0,11,12705,买盘
09:34:33,11.55,0.0,126,145455,买盘
09:34:36,11.54,-0.01,97,112018,卖盘
09:34:39,11.55,0.01,164,189397,买盘
09:34:42,11.55,0.0,10,11550,买盘
09:34:45,11.54,-0.01,300,345991,卖盘
09:34:48,11.55,0.01,202,233002,买盘
09:34:51,11.54,-0.01,58,66932,中性盘
09:34:54,11.55,0.01,35,40400,买盘
09:34:57,11.54,-0.01,62,71545,卖盘
09:35:00,11.54,0.0,134,154686,卖盘
09:35:03,11.55,0.01,990,1143022,买盘
09:35:06,11.54,-0.01,68,78588,卖盘
09:35:09,11.56,0.02,81,93524,中性盘
09:35:12,11.55,-0.01,66,76294,卖盘
09:35:15,11.56,0.01,10,11560,中性盘
09:35:18,11.6,0.04,180,208596,买盘
09:35:24,11.6,0.0,3,3480,买盘
09:35:27,11.59,-0.01,118,136808,卖盘
09:35:30,11.6,0.01,102,118294,买盘
09:35:33,11.59,-0.01,23,26679,卖盘
09:35:39,11.6,0.01,6,6960,卖盘
09:35:42,11.6,0.0,85,98673,卖盘
09:35:45,11.61,0.01,56,64976,买盘
09:35:48,11.62,0.01,14,16268,买盘
09:35:51,11.59,-0.03,186,215825,卖盘
09:35:54,11.61,0.02,129,149670,买盘
09:35:57,11.62,0.01,90,104486,买盘
09:36:00,11.62,0.0,42,48769,卖盘
09:36:03,11.62,0.0,8,9289,买盘
09:36:06,11.62,0.0,110,127762,买盘
09:36:09,11.63,0.01,15,17432,买盘
09:36:12,11.63,0.0,26,30236,买盘
09:36:15,11.62,-0.01,93,108100,卖盘
09:36:18,11.62,0.0,12,13944,买盘
09:36:21,11.65,0.03,193,224331,买盘
09:36:24,11.68,0.03,112,130586,买盘
09:36:27,11.7,0.02,6,7016,买盘
09:36:30,11.68,-0.02,25,29238,卖盘
09:36:36,11.69,0.01,21,24549,卖盘
09:36:39,11.7,0.01,87,101849,中性盘
09:36:42,11.69,-0.01,22,25725,卖盘
09:36:45,11.7,0.01,51,59776,中性盘
09:36:48,11.74,0.04,4,4696,买盘
09:36:51,11.74,0.0,5,5870,买盘
09:36:54,11.75,0.01,106,124524,买盘
09:36:57,11.73,-0.02,2,2347,卖盘
09:37:00,11.74,0.01,21,24654,买盘
09:37:03,11.71,-0.03,13,15256,卖盘
09:37:06,11.74,0.03,458,537042,买盘
09:37:09,11.73,-0.01,126,147666,买盘
09:37:12,11.73,0.0,12,14076,买盘
09:37:15,11.73,0.0,82,96018,买盘
09:37:18,11.73,0.0,6,7038,买盘
09:37:21,11.72,-0.01,39,45667,中性盘
09:37:24,11.71,-0.01,125,146492,买盘
09:37:27,11.73,0.02,72,84328,买盘
09:37:30,11.74,0.01,48,56216,买盘
09:37:33,11.7,-0.04,405,473919,卖盘
09:37:36,11.7,0.0,71,83070,买盘
09:37:39,11.7,0.0,29,33930,买盘
09:37:42,11.7,0.0,5,5850,卖盘
09:37:45,11.73,0.03,4,4692,买盘
09:37:48,11.71,-0.02,31,36271,中性盘
09:37:51,11.71,0.0,7,8199,卖盘
09:37:54,11.73,0.02,24,28138,买盘
09:37:57,11.7,-0.03,151,177099,卖盘
09:38:00,11.71,0.01,13,15227,中性盘
09:38:03,11.72,0.01,33,38647,买盘
09:38:06,11.72,0.0,1,1172,买盘
09:38:09,11.72,0.0,19,22279,买盘
09:38:12,11.72,0.0,1,1172,买盘
09:38:15,11.73,0.01,63,73806,买盘
09:38:18,11.73,0.0,7,8211,买盘
09:38:21,11.72,-0.01,21,24630,卖盘
09:38:24,11.72,0.0,4,4691,卖盘
09:38:27,11.73,0.01,8,9382,买盘
09:38:30,11.72,-0.01,15,17580,卖盘
09:38:33,11.73,0.01,38,44555,买盘
09:38:36,11.73,0.0,61,71553,买盘
09:38:39,11.72,-0.01,11,12892,卖盘
09:38:42,11.72,0.0,5,5861,卖盘
09:38:45,11.72,0.0,5,5860,卖盘
09:38:48,11.73,0.01,3,3519,买盘
09:38:51,11.72,-0.01,38,44556,卖盘
09:38:54,11.73,0.01,5,5865,买盘
09:38:57,11.72,-0.01,112,131264,卖盘
09:39:00,11.71,-0.01,26,30471,卖盘
09:39:03,11.73,0.02,224,262667,买盘
09:39:06,11.75,0.02,140,164238,买盘
09:39:09,11.75,0.0,18,21131,买盘
09:39:12,11.75,0.0,8,9395,买盘
09:39:15,11.75,0.0,7,8225,买盘
09:39:18,11.75,0.0,34,39971,买盘
09:39:21,11.76,0.01,6,7054,买盘
09:39:27,11.74,-0.02,90,105609,卖盘
09:39:30,11.75,0.01,7,8222,买盘
09:39:36,11.72,-0.03,49,57428,卖盘
09:39:39,11.72,0.0,148,173369,买盘
09:39:42,11.72,0.0,13,15236,买盘
09:39:45,11.71,-0.01,55,64465,卖盘
09:39:48,11.71,0.0,11,12875,买盘
09:39:51,11.71,0.0,19,22249,买盘
09:39:54,11.73,0.02,16,18738,买盘
09:39:57,11.73,0.0,3,3519,买盘
09:40:00,11.7,-0.03,162,189522,卖盘
09:40:03,11.69,-0.01,17,19873,卖盘
09:40:06,11.69,0.0,7,8178,买盘
09:40:12,11.68,-0.01,116,135505,卖盘
09:40:15,11.68,0.0,82,95780,卖盘
09:40:18,11.67,-0.01,6,7002,卖盘
09:40:21,11.67,0.0,17,19840,卖盘
09:40:27,11.65,-0.02,19,22135,卖盘
09:40:30,11.67,0.02,1,1167,买盘
09:40:33,11.65,-0.02,26,30314,卖盘
09:40:36,11.64,-0.01,3,3492,中性盘
09:40:39,11.63,-0.01,8,9307,卖盘
09:40:42,11.63,0.0,4,4652,卖盘
09:40:45,11.64,0.01,10,11635,买盘
09:40:48,11.64,0.0,10,11638,买盘
09:40:51,11.63,-0.01,20,23265,卖盘
09:40:54,11.63,0.0,57,66297,卖盘
09:40:57,11.64,0.01,17,19788,买盘
09:41:00,11.63,-0.01,72,83737,卖盘
09:41:03,11.63,0.0,36,41868,买盘
09:41:06,11.63,0.0,36,41836,买盘
09:41:09,11.64,0.01,258,300022,买盘
09:41:12,11.64,0.0,46,53524,买盘
09:41:15,11.64,0.0,14,16284,买盘
09:41:18,11.64,0.0,11,12784,买盘
09:41:21,11.63,-0.01,7,8141,中性盘
09:41:27,11.63,0.0,10,11630,卖盘
09:41:30,11.63,0.0,58,67461,卖盘
09:41:33,11.63,0.0,21,24443,卖盘
09:41:36,11.64,0.01,1,1164,买盘
09:41:39,11.62,-0.02,655,760222,卖盘
09:41:42,11.64,0.02,30,34878,买盘
09:41:45,11.63,-0.01,47,54700,卖盘
09:41:48,11.64,0.01,37,43053,买盘
09:41:51,11.62,-0.02,51,59308,卖盘
09:41:54,11.62,0.0,4,4650,卖盘
09:41:57,11.62,0.0,17,19770,卖盘
09:42:00,11.62,0.0,315,365506,卖盘
09:42:03,11.62,0.0,21,24403,买盘
09:42:06,11.61,-0.01,11,12771,卖盘
09:42:09,11.62,0.01,24,27899,买盘
09:42:12,11.64,0.02,42,48836,买盘
09:42:15,11.64,0.0,5,5820,卖盘
09:42:18,11.65,0.01,210,244600,买盘
09:42:21,11.66,0.01,30,34960,买盘
09:42:27,11.66,0.0,12,13982,买盘
09:42:30,11.66,0.0,11,12826,买盘
09:42:33,11.67,0.01,8,9336,买盘
09:42:36,11.68,0.01,48,56064,买盘
09:42:42,11.69,0.01,28,32732,买盘
09:42:45,11.7,0.01,98,114660,买盘
09:42:48,11.69,-0.01,60,70173,卖盘
09:42:51,11.75,0.06,129,151169,买盘
09:42:54,11.7,-0.05,2,2340,中性盘
09:43:00,11.74,0.04,4,4696,买盘
09:43:03,11.74,0.0,21,24654,买盘
09:43:09,11.72,-0.02,9,10553,买盘
09:43:12,11.73,0.01,96,112598,买盘
09:43:15,11.73,0.0,10,11730,买盘
09:43:24,11.73,0.0,25,29326,卖盘
09:43:27,11.73,0.0,48,56333,卖盘
09:43:30,11.74,0.01,42,49308,买盘
09:43:33,11.77,0.03,159,186885,买盘
09:43:36,11.77,0.0,4,4708,买盘
09:43:39,11.78,0.01,11,12958,买盘
09:43:45,11.79,0.01,55,64840,买盘
09:43:48,11.79,0.0,1,1179,卖盘
09:43:51,11.79,0.0,52,61308,卖盘
09:43:54,11.77,-0.02,1,1177,卖盘
09:43:57,11.77,0.0,23,27071,买盘
09:44:00,11.77,0.0,11,12947,买盘
09:44:03,11.77,0.0,39,45903,买盘
09:44:06,11.76,-0.01,62,72912,卖盘
09:44:09,11.75,-0.01,10,11750,卖盘
09:44:12,11.75,0.0,34,39971,卖盘
09:44:15,11.76,0.01,44,51729,买盘
09:44:18,11.77,0.01,14,16471,买盘
09:44:21,11.76,-0.01,129,151726,卖盘
09:44:24,11.77,0.01,61,71751,买盘
09:44:27,11.77,0.0,67,78869,卖盘
09:44:30,11.75,-0.02,105,123552,卖盘
09:44:33,11.77,0.02,4,4708,中性盘
09:44:36,11.75,-0.02,2,2350,卖盘
09:44:42,11.75,0.0,37,43521,卖盘
09:44:45,11.75,0.0,4,4702,卖盘
09:44:48,11.75,0.0,2,2350,卖盘
09:44:51,11.76,0.01,4,4704,买盘
09:45:03,11.75,-0.01,83,97526,卖盘
09:45:06,11.75,0.0,5,5875,买盘
09:45:09,11.74,-0.01,54,63446,卖盘
09:45:12,11.75,0.01,19,22325,中性盘
09:45:15,11.76,0.01,56,65830,买盘
09:45:18,11.76,0.0,116,136507,卖盘
09:45:21,11.74,-0.02,52,61173,卖盘
09:45:24,11.77,0.03,1,1177,买盘
09:45:27,11.76,-0.01,49,57662,卖盘
09:45:30,11.76,0.0,36,42336,买盘
09:45:33,11.75,-0.01,16,18802,卖盘
09:45:36,11.75,0.0,23,27025,买盘
09:45:39,11.75,0.0,28,32900,买盘
09:45:42,11.75,0.0,16,18800,买盘
09:45:45,11.74,-0.01,8,9395,卖盘
09:45:48,11.75,0.01,132,155100,买盘
09:45:51,11.75,0.0,26,30550,买盘
09:45:57,11.75,0.0,64,75179,买盘
09:46:00,11.75,0.0,46,54047,买盘
09:46:03,11.75,0.0,23,27044,卖盘
09:46:06,11.76,0.01,13,15286,买盘
09:46:09,11.75,-0.01,42,49351,卖盘
09:46:12,11.76,0.01,22,25872,买盘
09:46:15,11.76,0.0,2,2352,买盘
09:46:18,11.76,0.0,3,3528,买盘
09:46:21,11.75,-0.01,7,8225,卖盘
09:46:27,11.76,0.01,13,15285,买盘
09:46:30,11.76,0.0,244,286789,买盘
09:46:33,11.77,0.01,3,3531,买盘
09:46:36,11.78,0.01,2,2356,买盘
09:46:39,11.78,0.0,3,3534,买盘
09:46:42,11.78,0.0,5,5890,买盘
09:46:45,11.78,0.0,6,7068,买盘
09:46:48,11.78,0.0,15,17666,买盘
09:46:51,11.78,0.0,107,126046,卖盘
09:46:54,11.78,0.0,149,175522,买盘
09:46:57,11.78,0.0,78,91884,卖盘
09:47:06,11.76,-0.02,114,134252,卖盘
09:47:09,11.79,0.03,604,711079,买盘
09:47:12,11.8,0.01,280,328950,买盘
09:47:15,11.77,-0.03,28,32996,中性盘
09:47:18,11.77,0.0,1,1177,中性盘
09:47:21,11.79,0.02,12,14148,买盘
09:47:24,11.79,0.0,5,5895,买盘
09:47:33,11.79,0.0,29,34171,买盘
09:47:36,11.79,0.0,18,21209,买盘
09:47:39,11.79,0.0,109,128504,买盘
09:47:42,11.79,0.0,70,82530,卖盘
09:47:45,11.86,0.07,527,623695,买盘
09:47:48,11.85,-0.01,138,163616,卖盘
09:47:51,11.88,0.03,40,47427,买盘
09:47:54,11.86,-0.02,2,2372,卖盘
09:47:57,11.85,-0.01,118,139951,卖盘
09:48:03,11.86,0.01,12,14222,买盘
09:48:06,11.8,-0.06,75,88500,卖盘
09:48:09,11.86,0.06,89,105443,买盘
09:48:12,11.8,-0.06,23,27206,卖盘
09:48:15,11.84,0.04,2642,3143483,中性盘
09:48:18,11.8,-0.04,4,4724,卖盘
09:48:21,11.88,0.08,51,60576,买盘
09:48:27,11.84,-0.04,4,4736,卖盘
09:48:30,11.86,0.02,10,11849,买盘
09:48:33,11.84,-0.02,18,21296,买盘
09:48:39,11.84,0.0,13,15392,买盘
09:48:42,11.84,0.0,5,5920,买盘
09:48:45,11.86,0.02,105,124381,买盘
09:48:51,11.84,-0.02,25,29552,中性盘
09:48:54,11.84,0.0,11,13024,买盘
09:48:57,11.86,0.02,123,145863,买盘
09:49:00,11.84,-0.02,3,3552,卖盘
09:49:03,11.86,0.02,3,3558,买盘
09:49:06,11.85,-0.01,47,55651,买盘
09:49:09,11.85,0.0,7,8296,中性盘
09:49:12,11.84,-0.01,12,14211,卖盘
09:49:15,11.86,0.02,19,22515,买盘
09:49:18,11.85,-0.01,33,39102,中性盘
09:49:21,11.86,0.01,380,451805,买盘
09:49:24,11.86,0.0,19,22535,中性盘
09:49:33,11.9,0.04,2,2380,中性盘
09:49:36,11.9,0.0,2,2380,买盘
09:49:39,11.9,0.0,18,21376,买盘
09:49:42,11.9,0.0,189,224910,买盘
09:49:45,11.9,0.0,30,35700,卖盘
09:49:48,11.91,0.01,44,52385,买盘
09:49:51,11.9,-0.01,132,157166,卖盘
09:49:54,11.9,0.0,10,11907,卖盘
09:49:57,11.93,0.03,31,36956,买盘
09:50:00,11.93,0.0,10,11930,买盘
09:50:03,11.93,0.0,28,33403,买盘
09:50:06,11.93,0.0,5,5965,买盘
09:50:09,11.92,-0.01,293,349472,卖盘
09:50:12,11.93,0.01,85,101372,买盘
09:50:15,11.93,0.0,130,155090,买盘
09:50:18,11.94,0.01,38,45349,买盘
09:50:21,11.94,0.0,42,50147,买盘
09:50:24,11.94,0.0,11,13144,卖盘
09:50:27,11.94,0.0,52,62088,卖盘
09:50:30,11.94,0.0,6,7169,卖盘
09:50:33,11.95,0.01,65,77675,买盘
09:50:36,11.99,0.04,526,629868,买盘
09:50:39,12.0,0.01,12,14398,买盘
09:50:42,12.0,0.0,9,10800,买盘
09:50:45,12.0,0.0,101,121188,买盘
09:50:48,12.0,0.0,41,49194,买盘
09:50:51,12.0,0.0,222,266460,卖盘
09:50:54,12.02,0.02,50,60049,买盘
09:50:57,12.0,-0.02,214,256812,卖盘
09:51:00,11.98,-0.02,410,491968,卖盘
09:51:03,12.0,0.02,124,148784,买盘
09:51:06,11.95,-0.05,239,286270,卖盘
09:51:09,11.99,0.04,87,104052,买盘
09:51:12,11.96,-0.03,76,90949,买盘
09:51:15,11.95,-0.01,80,95618,卖盘
09:51:18,11.98,0.03,176,210460,买盘
09:51:21,11.96,-0.02,265,317001,卖盘
09:51:24,11.99,0.03,11,13189,买盘
09:51:27,11.98,-0.01,82,98123,买盘
09:51:30,11.98,0.0,5,5990,买盘
09:51:33,11.98,0.0,12,14375,买盘
09:51:36,11.98,0.0,101,120991,买盘
09:51:39,11.98,0.0,172,206056,卖盘
09:51:42,11.99,0.01,316,378664,买盘
09:51:45,11.99,0.0,81,97067,买盘
09:51:48,11.99,0.0,11,13189,买盘
09:51:51,11.97,-0.02,600,719538,卖盘
09:51:54,11.99,0.02,50,59950,卖盘
09:51:57,12.0,0.01,179,214721,买盘
09:52:00,11.99,-0.01,204,244650,卖盘
09:52:03,12.01,0.02,119,142807,买盘
09:52:06,12.01,0.0,1,1201,买盘
09:52:09,12.01,0.0,459,550862,买盘
09:52:12,12.0,-0.01,99,118957,卖盘
09:52:15,12.04,0.04,19,22862,买盘
09:52:18,12.03,-0.01,58,69822,卖盘
09:52:21,12.05,0.02,35,42131,买盘
09:52:24,12.04,-0.01,51,61439,卖盘
09:52:27,12.05,0.01,106,127728,买盘
09:52:30,12.1,0.05,1053,1273373,买盘
09:52:33,12.05,-0.05,4,4820,卖盘
09:52:36,12.09,0.04,9,10871,买盘
09:52:39,12.1,0.01,277,334894,买盘
09:52:42,12.08,-0.02,165,199378,卖盘
09:52:45,12.09,0.01,133,160792,买盘
09:52:48,12.06,-0.03,119,143759,卖盘
09:52:51,12.09,0.03,345,417246,买盘
09:52:54,12.09,0.0,179,216082,买盘
09:52:57,12.08,-0.01,97,117196,中性盘
09:53:00,12.09,0.01,121,146243,买盘
09:53:03,12.08,-0.01,62,74898,卖盘
09:53:06,12.08,0.0,289,349069,卖盘
09:53:09,12.09,0.01,279,337161,买盘
09:53:12,12.07,-0.02,93,112272,中性盘
09:53:15,12.07,0.0,65,78400,买盘
09:53:18,12.05,-0.02,762,917406,卖盘
09:53:24,12.05,0.0,119,143343,买盘
09:53:27,12.01,-0.04,41,49280,卖盘
09:53:30,12.01,0.0,2,2402,中性盘
09:53:33,12.01,0.0,22,26422,卖盘
09:53:36,12.02,0.01,73,87723,买盘
09:53:42,12.02,0.0,10,12030,卖盘
09:53:45,12.02,0.0,11,13222,卖盘
09:53:48,12.05,0.03,63,75880,买盘
09:53:51,12.04,-0.01,42,50568,卖盘
09:53:54,12.05,0.01,84,101129,买盘
09:53:57,12.04,-0.01,219,263745,卖盘
09:54:00,12.03,-0.01,30,36100,中性盘
09:54:03,12.02,-0.01,183,220144,卖盘
09:54:06,11.98,-0.04,261,313252,卖盘
09:54:12,11.98,0.0,10,11982,卖盘
09:54:15,12.01,0.03,172,206311,买盘
09:54:18,11.98,-0.03,20,23960,卖盘
09:54:21,12.01,0.03,25,30022,买盘
09:54:24,12.0,-0.01,54,64802,卖盘
09:54:27,12.0,0.0,14,16800,买盘
09:54:30,11.99,-0.01,60,71989,卖盘
09:54:33,12.0,0.01,8,9600,卖盘
09:54:36,12.0,0.0,24,28800,卖盘
09:54:39,12.01,0.01,13,15602,买盘
09:54:42,12.0,-0.01,87,104417,卖盘
09:54:45,12.0,0.0,12,14400,买盘
09:54:48,12.0,0.0,59,70800,买盘
09:54:51,12.0,0.0,15,18000,买盘
09:54:54,11.99,-0.01,88,105535,卖盘
09:54:57,12.0,0.01,30,36000,买盘
09:55:00,11.99,-0.01,29,34771,卖盘
09:55:03,11.98,-0.01,28,33563,卖盘
09:55:06,11.97,-0.01,245,293562,卖盘
09:55:09,11.99,0.02,166,198842,买盘
09:55:12,11.98,-0.01,72,86318,卖盘
09:55:15,11.99,0.01,34,40780,中性盘
09:55:18,12.0,0.01,70,84001,买盘
09:55:21,12.01,0.01,27,32412,买盘
09:55:24,12.08,0.07,872,1050910,买盘
09:55:27,12.08,0.0,48,57781,买盘
09:55:33,12.01,-0.07,4,4805,卖盘
09:55:36,12.06,0.05,30,36180,中性盘
09:55:39,12.07,0.01,238,287270,买盘
09:55:42,12.02,-0.05,33,39791,卖盘
09:55:45,12.06,0.04,8,9648,买盘
09:55:48,12.06,0.0,63,75974,买盘
09:55:51,12.05,-0.01,11,13255,买盘
09:55:54,12.05,0.0,11,13237,买盘
09:55:57,12.07,0.02,81,97701,买盘
09:56:00,12.05,-0.02,20,24091,买盘
09:56:03,12.05,0.0,34,40976,买盘
09:56:06,12.05,0.0,10,12048,中性盘
09:56:09,12.06,0.01,40,48197,买盘
09:56:12,12.06,0.0,72,86781,买盘
09:56:18,12.07,0.01,158,190516,买盘
09:56:24,12.06,-0.01,40,48224,买盘
09:56:27,12.05,-0.01,16,19280,卖盘
09:56:30,12.04,-0.01,49,59039,卖盘
09:56:33,12.06,0.02,21,25320,买盘
09:56:36,12.03,-0.03,10,12034,卖盘
09:56:39,12.04,0.01,25,30102,买盘
09:56:45,12.05,0.01,24,28892,买盘
09:56:48,12.04,-0.01,5,6020,中性盘
09:56:51,12.03,-0.01,22,26483,卖盘
09:56:54,12.02,-0.01,43,51688,卖盘
09:56:57,12.01,-0.01,14,16824,卖盘
09:57:00,12.0,-0.01,143,171642,卖盘
09:57:03,12.01,0.01,12,14412,中性盘
09:57:06,12.0,-0.01,114,136810,卖盘
09:57:09,11.97,-0.03,682,817328,卖盘
09:57:12,11.99,0.02,155,185741,买盘
09:57:18,11.96,-0.03,2,2392,卖盘
09:57:21,11.99,0.03,6,7184,买盘
09:57:24,11.97,-0.02,2,2394,卖盘
09:57:30,11.97,0.0,23,27542,卖盘
09:57:33,11.97,0.0,41,49080,卖盘
09:57:36,11.97,0.0,9,10771,买盘
09:57:39,11.97,0.0,4,4788,买盘
09:57:42,11.96,-0.01,178,212893,卖盘
09:57:45,11.97,0.01,20,23940,买盘
09:57:48,11.96,-0.01,37,44252,卖盘
09:57:51,11.96,0.0,1,1196,卖盘
09:57:54,11.96,0.0,71,84916,卖盘
09:57:57,11.96,0.0,2,2392,卖盘
09:58:00,11.96,0.0,12,14350,买盘
09:58:06,11.95,-0.01,32,38242,卖盘
09:58:09,11.96,0.01,92,110016,买盘
09:58:12,11.95,-0.01,101,120721,卖盘
09:58:18,11.96,0.01,21,25116,买盘
09:58:21,11.96,0.0,2,2392,卖盘
09:58:24,11.97,0.01,1,1197,买盘
09:58:27,11.97,0.0,56,67032,买盘
09:58:30,11.98,0.01,134,160535,买盘
09:58:33,11.99,0.01,4,4796,买盘
09:58:39,12.0,0.01,8,9596,买盘
09:58:42,12.0,0.0,11,13200,买盘
09:58:48,12.0,0.0,2,2400,买盘
09:58:51,12.0,0.0,12,14400,买盘
09:58:54,12.0,0.0,62,74400,卖盘
09:58:57,12.0,0.0,49,58800,卖盘
09:59:00,12.0,0.0,63,75536,中性盘
09:59:03,12.0,0.0,32,38398,买盘
09:59:06,11.99,-0.01,35,41985,卖盘
09:59:09,11.98,-0.01,42,50367,卖盘
09:59:12,11.99,0.01,278,333053,买盘
09:59:18,11.99,0.0,308,369187,买盘
09:59:21,11.99,0.0,21,25179,卖盘
09:59:24,12.0,0.01,148,177522,买盘
09:59:27,12.0,0.0,13,15600,卖盘
09:59:30,12.0,0.0,2,2400,卖盘
09:59:33,12.0,0.0,71,85200,卖盘
09:59:36,12.0,0.0,32,38400,卖盘
09:59:39,11.99,-0.01,3,3597,卖盘
09:59:42,11.99,0.0,2,2398,卖盘
09:59:45,11.99,0.0,3,3597,卖盘
09:59:48,11.99,0.0,176,211014,卖盘
09:59:51,11.98,-0.01,1,1198,买盘
09:59:54,11.98,0.0,12,14376,买盘
09:59:57,11.97,-0.01,12,14364,卖盘
10:00:00,11.96,-0.01,2,2392,卖盘
10:00:03,11.97,0.01,165,197272,买盘
10:00:06,11.91,-0.06,307,366331,卖盘
10:00:09,11.92,0.01,3,3576,买盘
10:00:12,11.91,-0.01,45,53629,卖盘
10:00:15,11.91,0.0,2,2382,卖盘
10:00:21,11.91,0.0,2,2382,卖盘
10:00:24,11.91,0.0,206,245169,卖盘
10:00:27,11.91,0.0,27,32147,买盘
10:00:30,11.9,-0.01,858,1021215,卖盘
10:00:33,11.9,0.0,128,152335,卖盘
10:00:36,11.91,0.01,80,95280,买盘
10:00:39,11.93,0.02,103,122644,买盘
10:00:42,11.91,-0.02,52,61932,买盘
10:00:45,11.9,-0.01,3,3570,卖盘
10:00:48,11.9,0.0,203,241570,卖盘
10:00:51,11.9,0.0,476,566440,卖盘
10:00:54,11.9,0.0,139,165410,卖盘
10:00:57,11.9,0.0,179,213032,卖盘
10:01:00,11.9,0.0,15,17850,卖盘
10:01:03,11.9,0.0,82,97602,卖盘
10:01:06,11.9,0.0,108,128520,卖盘
10:01:09,11.9,0.0,1,1190,卖盘
10:01:12,11.89,-0.01,362,430720,卖盘
10:01:15,11.89,0.0,1,1189,买盘
10:01:18,11.88,-0.01,3,3564,买盘
10:01:21,11.88,0.0,7,8319,卖盘
10:01:24,11.87,-0.01,108,128218,卖盘
10:01:30,11.87,0.0,6,7122,卖盘
10:01:33,11.87,0.0,15,17800,买盘
10:01:36,11.87,0.0,37,43919,买盘
10:01:39,11.86,-0.01,110,130466,卖盘
10:01:45,11.87,0.01,52,61699,买盘
10:01:48,11.87,0.0,2,2374,卖盘
10:01:51,11.87,0.0,2,2374,卖盘
10:01:54,11.88,0.01,5,5940,买盘
10:01:57,11.88,0.0,9,10692,卖盘
10:02:00,11.88,0.0,31,36828,买盘
10:02:03,11.88,0.0,14,16632,卖盘
10:02:06,11.89,0.01,18,21385,买盘
10:02:09,11.88,-0.01,5,5940,卖盘
10:02:12,11.89,0.01,6,7134,买盘
10:02:15,11.88,-0.01,8,9505,卖盘
10:02:18,11.9,0.02,30,35649,买盘
10:02:24,11.88,-0.02,10,11880,卖盘
10:02:27,11.9,0.02,18,21420,买盘
10:02:30,11.88,-0.02,118,140200,卖盘
10:02:33,11.9,0.02,727,865173,买盘
10:02:36,11.87,-0.03,600,713165,卖盘
10:02:45,11.92,0.05,3,3574,买盘
10:02:54,11.92,0.0,14,16688,卖盘
10:02:57,11.92,0.0,4,4768,买盘
10:03:00,11.87,-0.05,618,734426,卖盘
10:03:09,11.87,0.0,12,14262,卖盘
10:03:15,11.91,0.04,11,13091,买盘
10:03:18,11.9,-0.01,10,11900,买盘
10:03:24,11.88,-0.02,2,2378,卖盘
10:03:27,11.88,0.0,35,41580,卖盘
10:03:30,11.89,0.01,61,72544,中性盘
10:03:36,11.88,-0.01,15,17820,卖盘
10:03:39,11.88,0.0,13,15444,买盘
10:03:42,11.88,0.0,2,2376,买盘
10:03:45,11.88,0.0,31,36799,买盘
10:03:48,11.88,0.0,20,23760,买盘
10:03:51,11.9,0.02,136,161751,买盘
10:03:54,11.9,0.0,109,129715,卖盘
10:03:57,11.94,0.04,179,213556,买盘
10:04:00,11.95,0.01,268,320278,买盘
10:04:03,11.95,0.0,5,5977,卖盘
10:04:06,11.96,0.01,5,5980,买盘
10:04:09,11.97,0.01,30,35884,买盘
10:04:12,11.96,-0.01,1,1196,中性盘
10:04:15,11.93,-0.03,21,25067,卖盘
10:04:18,11.97,0.04,32,38304,买盘
10:04:21,11.97,0.0,49,58646,买盘
10:04:24,11.97,0.0,35,41895,买盘
10:04:27,11.97,0.0,11,13167,买盘
10:04:30,11.97,0.0,8,9576,买盘
10:04:36,11.99,0.02,1046,1250034,买盘
10:04:39,11.94,-0.05,6,7171,中性盘
10:04:42,11.99,0.05,3,3597,买盘
10:04:48,11.99,0.0,82,98301,买盘
10:04:51,11.99,0.0,19,22781,买盘
10:04:57,11.97,-0.02,8,9576,买盘
10:05:00,11.96,-0.01,216,258822,中性盘
10:05:06,11.96,0.0,9,10764,卖盘
10:05:09,11.96,0.0,7,8374,卖盘
10:05:12,11.96,0.0,119,142488,卖盘
10:05:15,11.96,0.0,12,14352,卖盘
10:05:18,11.96,0.0,25,29911,卖盘
10:05:21,11.96,0.0,64,76544,卖盘
10:05:24,11.96,0.0,172,205762,卖盘
10:05:27,11.97,0.01,115,137632,买盘
10:05:30,11.97,0.0,4,4788,买盘
10:05:33,11.94,-0.03,29,34639,卖盘
10:05:36,11.94,0.0,7,8359,卖盘
10:05:39,11.93,-0.01,2,2386,卖盘
10:05:42,11.96,0.03,148,176985,买盘
10:05:45,11.93,-0.03,2,2386,中性盘
10:05:54,11.94,0.01,16,19104,卖盘
10:05:57,11.95,0.01,1,1195,买盘
10:06:00,11.95,0.0,227,271264,买盘
10:06:03,11.95,0.0,15,17925,卖盘
10:06:06,11.94,-0.01,7,8363,卖盘
10:06:12,11.95,0.01,273,326218,买盘
10:06:15,11.95,0.0,9,10755,买盘
10:06:18,11.96,0.01,36,43051,买盘
10:06:21,11.95,-0.01,9,10755,中性盘
10:06:24,11.94,-0.01,50,59700,卖盘
10:06:27,11.95,0.01,92,109935,买盘
10:06:30,11.95,0.0,17,20315,买盘
10:06:33,11.95,0.0,16,19110,买盘
10:06:42,11.93,-0.02,3,3579,买盘
10:06:45,11.93,0.0,17,20281,买盘
10:06:48,11.93,0.0,5,5970,卖盘
10:06:51,11.93,0.0,86,102598,卖盘
10:06:54,11.93,0.0,75,89475,买盘
10:06:57,11.93,0.0,20,23860,买盘
10:07:00,11.93,0.0,20,23860,买盘
10:07:06,11.93,0.0,1,1193,卖盘
10:07:18,11.94,0.01,101,120592,买盘
10:07:24,11.9,-0.04,60,71480,卖盘
10:07:27,11.93,0.03,18,21471,买盘
10:07:33,11.91,-0.02,4,4764,卖盘
10:07:36,11.92,0.01,16,19071,买盘
10:07:42,11.93,0.01,12,14314,买盘
10:07:45,11.93,0.0,45,53685,卖盘
10:07:48,11.93,0.0,1,1193,卖盘
10:07:51,11.93,0.0,33,39369,卖盘
10:08:00,11.93,0.0,28,33404,买盘
10:08:03,11.93,0.0,15,17895,卖盘
10:08:12,11.94,0.01,10,11940,买盘
10:08:15,11.93,-0.01,5,5966,卖盘
10:08:18,11.94,0.01,12,14326,买盘
10:08:27,11.94,0.0,13,15522,买盘
10:08:30,11.94,0.0,1,1194,买盘
10:08:36,11.95,0.01,50,59750,买盘
10:08:42,11.95,0.0,1,1195,买盘
10:08:48,11.95,0.0,8,9560,买盘
10:08:54,11.97,0.02,561,670837,买盘
10:08:57,11.96,-0.01,40,47843,卖盘
10:09:00,11.97,0.01,20,23934,买盘
10:09:03,11.96,-0.01,2,2392,卖盘
10:09:06,11.96,0.0,107,127972,卖盘
10:09:09,11.96,0.0,16,19136,买盘
10:09:12,11.95,-0.01,106,126770,卖盘
10:09:15,11.96,0.01,60,71745,买盘
10:09:18,11.96,0.0,2,2390,买盘
10:09:21,11.95,-0.01,20,23908,中性盘
10:09:24,11.95,0.0,19,22726,卖盘
10:09:27,11.95,0.0,3,3585,卖盘
10:09:36,11.96,0.01,82,98073,卖盘
10:09:39,11.96,0.0,14,16744,卖盘
10:09:42,11.96,0.0,1,1196,卖盘
10:09:48,11.97,0.01,58,69426,买盘
10:09:51,11.97,0.0,17,20349,买盘
10:09:54,11.97,0.0,1,1197,买盘
10:09:57,11.97,0.0,10,11970,买盘
10:10:00,11.96,-0.01,10,11960,卖盘
10:10:03,11.97,0.01,5,5985,卖盘
10:10:09,11.97,0.0,105,125685,卖盘
10:10:12,11.98,0.01,1,1198,买盘
10:10:15,11.96,-0.02,35,41870,卖盘
10:10:18,12.0,0.04,500,599432,买盘
10:10:21,12.0,0.0,4,4800,买盘
10:10:33,11.99,-0.01,4,4799,卖盘
10:10:36,12.0,0.01,2,2400,买盘
10:10:45,12.0,0.0,29,34756,买盘
10:10:48,11.99,-0.01,1,1199,中性盘
10:10:54,11.99,0.0,20,23990,卖盘
10:11:00,12.0,0.01,10,12000,买盘
10:11:03,11.99,-0.01,70,83930,卖盘
10:11:06,11.99,0.0,2,2398,买盘
10:11:09,11.99,0.0,39,46762,买盘
10:11:12,11.99,0.0,1,1199,卖盘
10:11:18,12.0,0.01,20,24000,买盘
10:11:21,11.99,-0.01,155,185845,卖盘
10:11:24,11.99,0.0,20,23980,买盘
10:11:27,11.99,0.0,29,34771,买盘
10:11:30,11.99,0.0,4,4796,卖盘
10:11:33,11.99,0.0,6,7194,买盘
10:11:36,11.98,-0.01,3,3594,卖盘
10:11:39,11.98,0.0,33,39534,卖盘
10:11:42,11.98,0.0,2,2396,卖盘
10:11:45,11.99,0.01,8,9592,买盘
10:11:48,11.99,0.0,6,7194,买盘
10:11:51,11.98,-0.01,3,3595,卖盘
10:11:57,11.99,0.01,33,39567,买盘
10:12:03,11.99,0.0,1,1199,卖盘
10:12:06,11.99,0.0,1,1199,卖盘
10:12:09,12.0,0.01,159,190713,买盘
10:12:12,11.99,-0.01,154,184664,卖盘
10:12:15,11.97,-0.02,213,255296,卖盘
10:12:18,11.97,0.0,27,32319,卖盘
10:12:21,11.97,0.0,24,28728,卖盘
10:12:24,11.98,0.01,2,2396,买盘
10:12:30,11.98,0.0,12,14376,买盘
10:12:39,11.98,0.0,13,15574,买盘
10:12:42,11.98,0.0,3,3594,买盘
10:12:45,11.97,-0.01,177,211869,卖盘
10:12:48,11.97,0.0,137,163989,卖盘
10:12:51,11.98,0.01,25,29943,买盘
10:12:57,11.97,-0.01,199,238205,卖盘
10:13:03,11.97,0.0,4,4790,卖盘
10:13:09,11.97,0.0,48,57456,卖盘
10:13:12,11.96,-0.01,136,162635,卖盘
10:13:15,11.95,-0.01,3,3585,卖盘
10:13:18,11.95,0.0,95,113581,卖盘
10:13:24,11.94,-0.01,52,62130,卖盘
10:13:30,11.95,0.01,3,3584,买盘
10:13:33,11.95,0.0,1,1195,买盘
10:13:36,11.95,0.0,39,46605,买盘
10:13:48,11.98,0.03,66,79067,买盘
10:13:51,11.99,0.01,2,2398,买盘
10:13:54,11.99,0.0,45,53955,买盘
10:13:57,11.99,0.0,29,34771,买盘
10:14:00,11.98,-0.01,33,39540,卖盘
10:14:03,11.98,0.0,11,13178,买盘
10:14:06,11.98,0.0,19,22754,买盘
10:14:09,11.97,-0.01,2,2394,中性盘
10:14:12,11.98,0.01,1,1198,买盘
10:14:15,11.97,-0.01,20,23940,卖盘
10:14:18,11.97,0.0,7,8379,卖盘
10:14:21,11.97,0.0,33,39509,卖盘
10:14:24,11.98,0.01,16,19168,买盘
10:14:27,11.95,-0.03,15,17925,卖盘
10:14:33,11.98,0.03,28,33521,买盘
10:14:42,11.96,-0.02,2,2392,卖盘
10:14:48,11.96,0.0,171,204659,卖盘
10:15:00,11.98,0.02,124,148552,买盘
10:15:03,11.98,0.0,21,25158,卖盘
10:15:09,11.97,-0.01,4,4788,卖盘
10:15:15,11.96,-0.01,11,13156,卖盘
10:15:21,11.97,0.01,4,4788,买盘
10:15:24,11.96,-0.01,693,831153,卖盘
10:15:27,11.98,0.02,13,15598,中性盘
10:15:30,12.0,0.02,43,51600,买盘
10:15:33,12.02,0.02,72,86480,买盘
10:15:36,12.01,-0.01,19,22859,卖盘
10:15:42,12.02,0.01,1,1202,买盘
10:15:45,12.01,-0.01,7,8407,买盘
10:15:48,12.01,0.0,7,8407,卖盘
10:15:57,12.02,0.01,12,14421,买盘
10:16:00,12.04,0.02,127,152835,买盘
10:16:03,12.01,-0.03,2,2402,卖盘
10:16:06,12.01,0.0,5,6009,卖盘
10:16:15,12.02,0.01,86,103289,买盘
10:16:18,12.01,-0.01,47,56447,买盘
10:16:24,11.99,-0.02,17,20415,卖盘
10:16:33,11.98,-0.01,3,3594,卖盘
10:16:39,11.98,0.0,17,20379,卖盘
10:16:42,11.98,0.0,24,28752,卖盘
10:16:45,11.99,0.01,5,5995,买盘
10:16:48,11.99,0.0,11,13189,卖盘
10:16:51,11.98,-0.01,45,53943,卖盘
10:17:09,11.98,0.0,7,8386,卖盘
10:17:12,11.98,0.0,121,144956,卖盘
10:17:15,11.97,-0.01,103,123565,卖盘
10:17:18,11.97,0.0,3,3591,买盘
10:17:21,11.96,-0.01,26,31096,卖盘
10:17:27,11.96,0.0,12,14352,卖盘
10:17:30,11.95,-0.01,7,8375,卖盘
10:17:33,11.96,0.01,6,7177,中性盘
10:17:42,11.97,0.01,2,2394,买盘
10:17:45,11.97,0.0,13,15561,卖盘
10:17:51,11.98,0.01,162,193961,买盘
10:17:54,11.96,-0.02,365,437091,卖盘
10:17:57,11.99,0.03,107,128293,买盘
10:18:00,11.99,0.0,3,3597,卖盘
10:18:03,11.99,0.0,9,10791,卖盘
10:18:12,11.97,-0.02,55,66301,卖盘
10:18:15,11.97,0.0,10,11970,卖盘
10:18:18,11.98,0.01,27,32341,买盘
10:18:24,11.96,-0.02,19,22724,卖盘
10:18:30,11.98,0.02,19,22762,买盘
10:18:33,11.98,0.0,5,5990,中性盘
10:18:42,11.96,-0.02,1,1196,卖盘
10:18:45,11.98,0.02,88,105424,买盘
10:18:48,11.98,0.0,3,3594,卖盘
10:18:51,11.98,0.0,2,2396,买盘
10:19:00,11.96,-0.02,184,219598,卖盘
10:19:03,11.95,-0.01,134,160130,卖盘
10:19:09,11.95,0.0,78,93076,买盘
10:19:12,11.92,-0.03,35,41750,卖盘
10:19:15,11.92,0.0,29,34568,卖盘
10:19:21,11.92,0.0,67,79864,卖盘
10:19:30,11.9,-0.02,254,302377,卖盘
10:19:33,11.9,0.0,38,45228,卖盘
10:19:36,11.89,-0.01,1,1189,买盘
10:19:42,11.88,-0.01,36,42768,卖盘
10:19:54,11.88,0.0,5,5940,卖盘
10:19:57,11.89,0.01,33,39224,买盘
10:20:00,11.88,-0.01,37,43956,卖盘
10:20:09,11.89,0.01,9,10701,买盘
10:20:12,11.89,0.0,4,4756,买盘
10:20:15,11.89,0.0,20,23780,买盘
10:20:18,11.89,0.0,31,36859,卖盘
10:20:21,11.89,0.0,10,11890,卖盘
10:20:30,11.89,0.0,57,67783,卖盘
10:20:36,11.88,-0.01,37,43989,卖盘
10:20:39,11.89,0.01,11,13079,买盘
10:20:42,11.89,0.0,6,7134,卖盘
10:20:45,11.89,0.0,11,13079,买盘
10:20:48,11.89,0.0,1,1189,买盘
10:20:54,11.88,-0.01,3,3564,卖盘
10:21:03,11.88,0.0,32,38022,卖盘
10:21:06,11.88,0.0,13,15448,卖盘
10:21:09,11.85,-0.03,165,195771,卖盘
10:21:12,11.84,-0.01,28,33152,卖盘
10:21:18,11.83,-0.01,2,2366,卖盘
10:21:21,11.85,0.02,57,67409,买盘
10:21:27,11.83,-0.02,4,4732,买盘
10:21:30,11.82,-0.01,12,14185,卖盘
10:21:36,11.82,0.0,11,13004,卖盘
10:21:39,11.82,0.0,2,2364,卖盘
10:21:42,11.82,0.0,10,11820,卖盘
10:21:48,11.83,0.01,15,17744,买盘
10:21:57,11.84,0.01,1,1184,卖盘
10:22:00,11.84,0.0,11,13024,买盘
10:22:03,11.84,0.0,1,1184,买盘
10:22:09,11.83,-0.01,3,3549,卖盘
10:22:12,11.84,0.01,89,105334,买盘
10:22:15,11.83,-0.01,3,3549,买盘
10:22:21,11.82,-0.01,150,177300,卖盘
10:22:24,11.83,0.01,57,67376,买盘
10:22:27,11.83,0.0,5,5915,卖盘
10:22:30,11.82,-0.01,6,7092,卖盘
10:22:33,11.82,0.0,68,80440,卖盘
10:22:36,11.82,0.0,11,13012,卖盘
10:22:39,11.82,0.0,1,1182,中性盘
10:22:48,11.81,-0.01,32,37811,卖盘
10:22:54,11.81,0.0,2,2362,卖盘
10:23:03,11.81,0.0,38,44878,卖盘
10:23:06,11.8,-0.01,2,2360,卖盘
10:23:09,11.8,0.0,431,508580,卖盘
10:23:12,11.79,-0.01,90,106111,卖盘
10:23:15,11.8,0.01,6,7080,买盘
10:23:18,11.79,-0.01,11,12969,卖盘
10:23:21,11.8,0.01,36,42464,买盘
10:23:24,11.8,0.0,2,2360,买盘
10:23:27,11.79,-0.01,60,70740,卖盘
10:23:33,11.79,0.0,87,102573,卖盘
10:23:36,11.79,0.0,52,61308,卖盘
10:23:39,11.79,0.0,67,78993,卖盘
10:23:42,11.8,0.01,10,11800,买盘
10:23:48,11.79,-0.01,51,60167,卖盘
10:23:51,11.79,0.0,1,1179,卖盘
10:23:57,11.79,0.0,230,271170,卖盘
10:24:00,11.79,0.0,20,23580,卖盘
10:24:03,11.78,-0.01,246,289990,卖盘
10:24:06,11.74,-0.04,365,428691,卖盘
10:24:09,11.74,0.0,54,63401,卖盘
10:24:15,11.74,0.0,3,3522,买盘
10:24:18,11.74,0.0,65,76292,卖盘
10:24:21,11.74,0.0,47,55178,卖盘
10:24:27,11.74,0.0,30,35220,卖盘
10:24:30,11.74,0.0,10,11740,卖盘
10:24:33,11.75,0.01,9,10575,买盘
10:24:36,11.74,-0.01,76,89224,卖盘
10:24:39,11.73,-0.01,432,506806,卖盘
10:24:42,11.74,0.01,352,413032,买盘
10:24:45,11.74,0.0,30,35210,买盘
10:24:48,11.74,0.0,87,102085,买盘
10:24:51,11.74,0.0,51,59873,买盘
10:24:54,11.73,-0.01,37,43426,卖盘
10:24:57,11.74,0.01,8,9392,买盘
10:25:00,11.74,0.0,6,7044,买盘
10:25:03,11.73,-0.01,160,187680,卖盘
10:25:06,11.73,0.0,70,82109,买盘
10:25:09,11.73,0.0,2,2346,买盘
10:25:12,11.73,0.0,24,28152,买盘
10:25:15,11.73,0.0,80,93835,买盘
10:25:18,11.72,-0.01,90,105481,卖盘
10:25:21,11.72,0.0,7,8204,买盘
10:25:24,11.71,-0.01,161,188471,卖盘
10:25:27,11.71,0.0,40,46840,买盘
10:25:30,11.72,0.01,935,1093651,买盘
10:25:33,11.72,0.0,22,25784,买盘
10:25:36,11.74,0.02,116,135760,买盘
10:25:39,11.74,0.0,2,2348,中性盘
10:25:42,11.71,-0.03,21,24592,卖盘
10:25:48,11.71,0.0,5,5855,卖盘
10:25:51,11.71,0.0,8,9368,卖盘
10:25:54,11.71,0.0,37,43327,卖盘
10:25:57,11.71,0.0,9,10539,卖盘
10:26:00,11.71,0.0,11,12880,卖盘
10:26:06,11.71,0.0,17,19899,买盘
10:26:09,11.7,-0.01,21,24572,卖盘
10:26:12,11.7,0.0,43,50334,卖盘
10:26:18,11.7,0.0,68,79561,卖盘
10:26:21,11.71,0.01,188,219978,买盘
10:26:24,11.72,0.01,276,323391,买盘
10:26:30,11.7,-0.02,50,58500,卖盘
10:26:33,11.7,0.0,2,2340,卖盘
10:26:36,11.69,-0.01,77,90107,卖盘
10:26:39,11.7,0.01,28,32738,买盘
10:26:42,11.69,-0.01,3,3507,卖盘
10:26:45,11.7,0.01,16,18720,买盘
10:26:48,11.69,-0.01,10,11690,卖盘
10:26:51,11.69,0.0,7,8183,买盘
10:26:54,11.69,0.0,27,31563,买盘
10:26:57,11.7,0.01,56,65520,买盘
10:27:00,11.7,0.0,23,26910,卖盘
10:27:03,11.7,0.0,74,86580,卖盘
10:27:09,11.7,0.0,52,60842,卖盘
10:27:12,11.7,0.0,17,19896,卖盘
10:27:15,11.7,0.0,6,7020,卖盘
10:27:18,11.7,0.0,22,25719,买盘
10:27:21,11.7,0.0,74,86580,买盘
10:27:24,11.7,0.0,66,77220,买盘
10:27:27,11.7,0.0,136,159088,买盘
10:27:30,11.7,0.0,172,201220,买盘
10:27:33,11.69,-0.01,80,93520,卖盘
10:27:36,11.69,0.0,62,72496,买盘
10:27:39,11.69,0.0,49,57280,买盘
10:27:45,11.7,0.01,37,43258,买盘
10:27:48,11.7,0.0,57,66690,买盘
10:27:54,11.7,0.0,6,7020,卖盘
10:28:00,11.7,0.0,7,8190,卖盘
10:28:03,11.7,0.0,17,19896,卖盘
10:28:06,11.73,0.03,5,5865,买盘
10:28:12,11.71,-0.02,34,39814,买盘
10:28:15,11.72,0.01,5,5860,买盘
10:28:21,11.71,-0.01,46,53866,卖盘
10:28:24,11.72,0.01,6,7032,买盘
10:28:27,11.72,0.0,3,3516,买盘
10:28:30,11.72,0.0,13,15236,买盘
10:28:33,11.72,0.0,301,352195,买盘
10:28:36,11.72,0.0,7,8204,买盘
10:28:39,11.72,0.0,7,8204,卖盘
10:28:42,11.72,0.0,3,3516,卖盘
10:28:45,11.73,0.01,11,12893,买盘
10:28:48,11.72,-0.01,6,7032,卖盘
10:28:51,11.73,0.01,4,4692,买盘
10:28:54,11.73,0.0,70,82110,买盘
10:29:00,11.74,0.01,204,239328,买盘
10:29:03,11.73,-0.01,34,39884,卖盘
10:29:06,11.74,0.01,16,18775,买盘
10:29:09,11.69,-0.05,366,427938,卖盘
10:29:12,11.67,-0.02,334,389778,卖盘
10:29:15,11.66,-0.01,43,50138,卖盘
10:29:18,11.72,0.06,371,433730,买盘
10:29:24,11.67,-0.05,2,2334,卖盘
10:29:27,11.67,0.0,126,147042,卖盘
10:29:30,11.67,0.0,69,80536,卖盘
10:29:33,11.68,0.01,1,1168,买盘
10:29:36,11.68,0.0,1,1168,买盘
10:29:39,11.68,0.0,2,2336,买盘
10:29:42,11.68,0.0,2,2336,中性盘
10:29:45,11.68,0.0,8,9344,卖盘
10:29:48,11.68,0.0,112,130816,卖盘
10:29:54,11.68,0.0,7,8176,卖盘
10:29:56,11.69,0.01,3,3507,买盘
10:30:00,11.69,0.0,3,3505,买盘
10:30:03,11.69,0.0,30,35070,买盘
10:30:06,11.68,-0.01,23,26864,卖盘
10:30:09,11.69,0.01,6,7013,买盘
10:30:12,11.67,-0.02,56,65406,卖盘
10:30:15,11.68,0.01,14,16352,买盘
10:30:18,11.67,-0.01,63,73521,卖盘
10:30:24,11.67,0.0,40,46680,卖盘
10:30:27,11.68,0.01,5,5840,买盘
10:30:33,11.68,0.0,21,24529,卖盘
10:30:36,11.69,0.01,6,7014,买盘
10:30:39,11.69,0.0,3,3507,买盘
10:30:44,11.68,-0.01,4,4672,卖盘
10:30:54,11.68,0.0,149,174024,买盘
10:30:57,11.68,0.0,10,11680,买盘
10:31:03,11.68,0.0,63,73584,买盘
10:31:09,11.68,0.0,4,4672,卖盘
10:31:12,11.68,0.0,22,25696,卖盘
10:31:15,11.68,0.0,163,190270,卖盘
10:31:18,11.68,0.0,56,65402,买盘
10:31:21,11.68,0.0,1,1168,买盘
10:31:27,11.68,0.0,1,1168,买盘
10:31:30,11.68,0.0,12,14007,卖盘
10:31:39,11.67,-0.01,85,99196,卖盘
10:31:45,11.67,0.0,17,19823,买盘
10:31:48,11.66,-0.01,258,300876,卖盘
10:31:51,11.66,0.0,20,23328,卖盘
10:31:54,11.66,0.0,20,23320,卖盘
10:32:00,11.66,0.0,4,4664,卖盘
10:32:06,11.66,0.0,71,82786,卖盘
10:32:09,11.66,0.0,195,227370,卖盘
10:32:15,11.67,0.01,207,241369,买盘
10:32:21,11.63,-0.04,458,533880,卖盘
10:32:24,11.64,0.01,8,9312,买盘
10:32:27,11.63,-0.01,16,18618,卖盘
10:32:33,11.63,0.0,4,4652,卖盘
10:32:36,11.64,0.01,23,26752,买盘
10:32:42,11.63,-0.01,32,37216,卖盘
10:32:45,11.63,0.0,3,3489,买盘
10:32:51,11.63,0.0,36,41854,卖盘
10:32:54,11.62,-0.01,24,27883,卖盘
10:32:57,11.63,0.01,81,94167,买盘
10:33:00,11.6,-0.03,810,939670,卖盘
10:33:06,11.6,0.0,59,68440,卖盘
10:33:09,11.59,-0.01,12,13909,卖盘
10:33:12,11.59,0.0,51,59112,卖盘
10:33:15,11.6,0.01,61,70727,买盘
10:33:18,11.6,0.0,231,267915,买盘
10:33:21,11.6,0.0,31,35936,买盘
10:33:24,11.59,-0.01,5,5795,卖盘
10:33:27,11.59,0.0,70,81196,卖盘
10:33:30,11.59,0.0,209,242133,卖盘
10:33:36,11.58,-0.01,82,95055,卖盘
10:33:39,11.61,0.03,3,3483,买盘
10:33:42,11.58,-0.03,14,16215,卖盘
10:33:45,11.6,0.02,50,57964,中性盘
10:33:48,11.61,0.01,2,2322,买盘
10:33:51,11.61,0.0,10,11610,卖盘
10:33:54,11.63,0.02,10,11630,买盘
10:34:00,11.64,0.01,11,12804,买盘
10:34:03,11.64,0.0,3,3492,买盘
10:34:06,11.64,0.0,20,23280,买盘
10:34:09,11.64,0.0,79,91956,卖盘
10:34:21,11.64,0.0,97,113060,卖盘
10:34:24,11.61,-0.03,640,744697,卖盘
10:34:27,11.65,0.04,2,2330,中性盘
10:34:30,11.6,-0.05,28,32492,卖盘
10:34:33,11.66,0.06,11,12826,买盘
10:34:36,11.65,-0.01,10,11650,中性盘
10:34:39,11.65,0.0,6,6970,买盘
10:34:42,11.61,-0.04,13,15123,卖盘
10:34:45,11.64,0.03,44,51090,买盘
10:34:48,11.62,-0.02,3,3486,中性盘
10:34:54,11.64,0.02,6,6984,买盘
10:35:00,11.62,-0.02,9,10459,卖盘
10:35:06,11.65,0.03,8,9320,买盘
10:35:12,11.65,0.0,2,2330,买盘
10:35:15,11.63,-0.02,31,36111,卖盘
10:35:18,11.65,0.02,40,46600,买盘
10:35:24,11.63,-0.02,6,6985,卖盘
10:35:36,11.65,0.02,11,12816,卖盘
10:35:39,11.66,0.01,5,5830,买盘
10:35:42,11.67,0.01,40,46678,买盘
10:35:45,11.67,0.0,1,1167,买盘
10:35:48,11.67,0.0,66,77022,买盘
10:35:51,11.66,-0.01,4,4666,卖盘
10:35:54,11.67,0.01,39,45473,买盘
10:36:00,11.66,-0.01,23,26819,买盘
10:36:06,11.68,0.02,2,2336,买盘
10:36:09,11.68,0.0,25,29200,买盘
10:36:15,11.65,-0.03,229,267163,卖盘
10:36:18,11.66,0.01,59,68775,买盘
10:36:21,11.64,-0.02,7,8148,卖盘
10:36:27,11.65,0.01,18,20960,买盘
10:36:30,11.65,0.0,76,88540,买盘
10:36:33,11.64,-0.01,1,1164,卖盘
10:36:36,11.65,0.01,36,41910,买盘
10:36:42,11.64,-0.01,55,64020,卖盘
10:36:48,11.65,0.01,10,11650,买盘
10:36:51,11.65,0.0,86,100190,买盘
10:36:54,11.64,-0.01,6,6984,卖盘
10:36:57,11.65,0.01,4,4660,买盘
10:37:15,11.66,0.01,6,6988,买盘
10:37:24,11.65,-0.01,1,1165,买盘
10:37:30,11.65,0.0,43,50095,买盘
10:37:33,11.66,0.01,1,1166,买盘
10:37:42,11.65,-0.01,239,278435,卖盘
10:37:45,11.64,-0.01,3,3492,卖盘
10:37:48,11.64,0.0,201,233964,卖盘
10:37:51,11.61,-0.03,458,532545,卖盘
10:37:57,11.63,0.02,279,324437,买盘
10:38:00,11.61,-0.02,45,52323,卖盘
10:38:03,11.64,0.03,178,206974,买盘
10:38:09,11.61,-0.03,37,42957,卖盘
10:38:15,11.62,0.01,5,5810,卖盘
10:38:21,11.63,0.01,23,26730,买盘
10:38:24,11.63,0.0,1,1163,买盘
10:38:30,11.62,-0.01,2,2324,卖盘
10:38:33,11.63,0.01,43,50009,买盘
10:38:48,11.63,0.0,10,11630,卖盘
10:38:51,11.63,0.0,27,31401,卖盘
10:39:03,11.64,0.01,28,32592,买盘
10:39:06,11.64,0.0,20,23280,卖盘
10:39:09,11.64,0.0,10,11640,卖盘
10:39:12,11.64,0.0,58,67512,卖盘
10:39:18,11.63,-0.01,27,31424,卖盘
10:39:24,11.63,0.0,13,15122,卖盘
10:39:27,11.63,0.0,1,1163,卖盘
10:39:30,11.63,0.0,3,3489,卖盘
10:39:33,11.64,0.01,8,9312,买盘
10:39:36,11.63,-0.01,44,51196,卖盘
10:39:39,11.63,0.0,2,2327,卖盘
10:39:42,11.64,0.01,150,174600,买盘
10:39:51,11.63,-0.01,24,27912,卖盘
10:39:54,11.62,-0.01,177,205816,卖盘
10:39:57,11.62,0.0,2,2324,卖盘
10:40:00,11.63,0.01,17,19759,买盘
10:40:03,11.62,-0.01,161,187082,卖盘
10:40:06,11.63,0.01,89,103502,买盘
10:40:09,11.62,-0.01,28,32554,卖盘
10:40:12,11.64,0.02,99,115235,买盘
10:40:18,11.65,0.01,5,5825,买盘
10:40:21,11.65,0.0,3,3495,买盘
10:40:24,11.64,-0.01,20,23280,卖盘
10:40:30,11.65,0.01,22,25630,买盘
10:40:33,11.65,0.0,20,23300,卖盘
10:40:39,11.65,0.0,18,20970,卖盘
10:40:42,11.65,0.0,8,9320,卖盘
10:40:51,11.66,0.01,30,34955,买盘
10:40:54,11.65,-0.01,19,22135,卖盘
10:41:00,11.63,-0.02,85,98939,卖盘
10:41:03,11.63,0.0,18,20934,买盘
10:41:06,11.64,0.01,67,77988,买盘
10:41:09,11.65,0.01,1,1165,买盘
10:41:12,11.66,0.01,41,47806,买盘
10:41:15,11.66,0.0,2,2332,卖盘
10:41:18,11.67,0.01,1,1167,买盘
10:41:21,11.64,-0.03,42,48928,卖盘
10:41:24,11.67,0.03,5,5835,买盘
10:41:27,11.67,0.0,15,17505,买盘
10:41:30,11.68,0.01,3,3504,买盘
10:41:33,11.67,-0.01,40,46680,卖盘
10:41:48,11.66,-0.01,43,50160,卖盘
10:42:09,11.67,0.01,23,26841,卖盘
10:42:12,11.68,0.01,28,32704,买盘
10:42:15,11.68,0.0,3,3505,卖盘
10:42:21,11.68,0.0,17,19858,卖盘
10:42:24,11.69,0.01,26,30394,买盘
10:42:27,11.69,0.0,265,309785,买盘
10:42:30,11.7,0.01,202,236340,买盘
10:42:36,11.69,-0.01,138,161350,卖盘
10:42:39,11.72,0.03,3,3516,买盘
10:42:42,11.7,-0.02,3,3510,买盘
10:42:51,11.7,0.0,20,23400,卖盘
10:42:54,11.72,0.02,7,8204,买盘
10:43:03,11.74,0.02,3,3522,买盘
10:43:06,11.74,0.0,13,15262,卖盘
10:43:09,11.75,0.01,21,24675,买盘
10:43:15,11.76,0.01,5,5880,买盘
10:43:21,11.77,0.01,5,5885,卖盘
10:43:24,11.77,0.0,98,115255,买盘
10:43:27,11.77,0.0,98,115306,卖盘
10:43:30,11.77,0.0,14,16466,买盘
10:43:33,11.77,0.0,50,58850,买盘
10:43:42,11.77,0.0,99,116523,买盘
10:43:51,11.77,0.0,29,34133,卖盘
10:43:54,11.78,0.01,5,5890,买盘
10:43:59,11.79,0.01,1,1179,买盘
10:44:03,11.79,0.0,3,3536,买盘
10:44:09,11.79,0.0,12,14148,买盘
10:44:15,11.79,0.0,5,5895,卖盘
10:44:18,11.8,0.01,3,3540,买盘
10:44:21,11.79,-0.01,267,314923,卖盘
10:44:24,11.78,-0.01,74,87234,卖盘
10:44:27,11.79,0.01,1,1179,买盘
10:44:30,11.79,0.0,15,17679,买盘
10:44:33,11.8,0.01,30,35400,买盘
10:44:36,11.79,-0.01,2,2358,卖盘
10:44:42,11.79,0.0,20,23580,买盘
10:44:45,11.8,0.01,435,513212,买盘
10:45:00,11.81,0.01,1,1181,买盘
10:45:03,11.8,-0.01,5,5900,卖盘
10:45:06,11.79,-0.01,74,87315,卖盘
10:45:09,11.79,0.0,1,1179,卖盘
10:45:15,11.84,0.05,510,601948,买盘
10:45:18,11.9,0.06,296,352138,买盘
10:45:21,11.94,0.04,34,40596,买盘
10:45:24,11.94,0.0,24,28656,中性盘
10:45:27,11.94,0.0,52,62182,卖盘
10:45:30,11.94,0.0,15,17910,卖盘
10:45:33,11.93,-0.01,12,14329,卖盘
10:45:36,11.93,0.0,2,2386,买盘
10:45:39,11.98,0.05,510,610664,买盘
10:45:42,11.92,-0.06,4,4768,卖盘
10:45:45,11.97,0.05,16,19131,买盘
10:45:48,11.92,-0.05,72,85962,卖盘
10:45:51,11.95,0.03,354,423708,买盘
10:45:54,11.97,0.02,50,60343,买盘
10:45:57,11.99,0.02,118,141330,买盘
10:46:00,11.99,0.0,10,11980,买盘
10:46:03,12.0,0.01,443,531222,买盘
10:46:06,12.01,0.01,451,541567,买盘
10:46:09,12.03,0.02,90,108252,买盘
10:46:12,12.04,0.01,119,143240,买盘
10:46:15,12.05,0.01,246,296349,买盘
10:46:18,12.05,0.0,145,174801,卖盘
10:46:21,12.05,0.0,109,131386,买盘
10:46:24,12.05,0.0,102,122911,买盘
10:46:27,12.05,0.0,175,210620,买盘
10:46:30,12.05,0.0,701,844577,买盘
10:46:33,12.06,0.01,582,701862,买盘
10:46:36,12.08,0.02,44,53117,买盘
10:46:39,12.08,0.0,63,76047,买盘
10:46:42,12.07,-0.01,124,149768,中性盘
10:46:45,12.06,-0.01,95,114656,中性盘
10:46:48,12.07,0.01,25,30177,卖盘
10:46:51,12.07,0.0,136,164200,卖盘
10:46:54,12.07,0.0,10,12070,买盘
10:46:57,12.07,0.0,155,187067,买盘
10:47:00,12.05,-0.02,176,212375,卖盘
10:47:03,12.05,0.0,31,37365,卖盘
10:47:06,12.07,0.02,65,78345,买盘
10:47:08,12.05,-0.02,209,252230,卖盘
10:47:12,12.05,0.0,122,147024,卖盘
10:47:15,12.04,-0.01,50,60240,卖盘
10:47:17,12.04,0.0,26,31314,卖盘
10:47:21,12.04,0.0,82,98726,买盘
10:47:24,12.04,0.0,71,85434,买盘
10:47:27,12.03,-0.01,22,26466,卖盘
10:47:30,12.03,0.0,38,45714,卖盘
10:47:33,12.0,-0.03,24,28834,卖盘
10:47:36,12.0,0.0,33,39600,卖盘
10:47:39,12.0,0.0,81,97200,卖盘
10:47:42,11.99,-0.01,82,98413,卖盘
10:47:45,11.99,0.0,15,17985,买盘
10:47:48,11.98,-0.01,10,11981,卖盘
10:47:51,11.98,0.0,10,11980,买盘
10:47:54,11.98,0.0,63,75471,买盘
10:47:57,11.98,0.0,37,44322,买盘
10:48:00,11.97,-0.01,6,7182,卖盘
10:48:03,11.97,0.0,10,11970,卖盘
10:48:06,11.97,0.0,15,17955,卖盘
10:48:09,11.98,0.01,93,111367,买盘
10:48:12,11.99,0.01,178,213239,买盘
10:48:18,11.99,0.0,76,91115,买盘
10:48:21,11.99,0.0,82,98318,卖盘
10:48:24,11.99,0.0,2,2398,卖盘
10:48:27,11.99,0.0,56,67162,卖盘
10:48:30,12.0,0.01,450,539948,买盘
10:48:33,12.01,0.01,107,128404,中性盘
10:48:35,12.02,0.01,52,62498,买盘
10:48:39,12.01,-0.01,32,38412,买盘
10:48:42,12.01,0.0,153,183642,买盘
10:48:45,12.01,0.0,62,74461,买盘
10:48:48,12.01,0.0,242,290642,卖盘
10:48:51,12.02,0.01,10,12020,买盘
10:48:54,12.02,0.0,33,39643,买盘
10:48:57,12.01,-0.01,12,14412,卖盘
10:49:00,12.01,0.0,269,323115,卖盘
10:49:03,11.98,-0.03,330,395800,卖盘
10:49:06,11.98,0.0,48,57504,卖盘
10:49:12,11.98,0.0,20,23964,卖盘
10:49:15,11.98,0.0,17,20366,买盘
10:49:21,11.96,-0.02,3,3589,卖盘
10:49:24,11.97,0.01,27,32319,买盘
10:49:30,11.97,0.0,23,27517,买盘
10:49:33,11.96,-0.01,5,5980,卖盘
10:49:36,11.92,-0.04,84,100392,卖盘
10:49:39,11.96,0.04,11,13156,中性盘
10:49:42,11.91,-0.05,30,35744,卖盘
10:49:45,11.9,-0.01,202,240400,卖盘
10:49:48,11.92,0.02,61,72597,买盘
10:49:51,11.92,0.0,6,7152,买盘
10:49:54,11.92,0.0,5,5960,买盘
10:49:57,11.91,-0.01,4,4765,卖盘
10:50:00,11.95,0.04,1,1195,买盘
10:50:06,11.93,-0.02,1,1193,中性盘
10:50:12,11.95,0.02,2,2390,买盘
10:50:15,11.95,0.0,72,86043,买盘
10:50:18,11.96,0.01,1,1196,买盘
10:50:21,11.97,0.01,134,160310,买盘
10:50:24,11.98,0.01,93,111422,买盘
10:50:27,12.0,0.02,1,1200,买盘
10:50:30,12.0,0.0,18,21600,买盘
10:50:33,12.0,0.0,24,28800,买盘
10:50:42,11.99,-0.01,33,39565,买盘
10:50:45,11.98,-0.01,187,224325,卖盘
10:50:48,12.0,0.02,13,15594,买盘
10:50:51,11.99,-0.01,20,23980,中性盘
10:50:54,11.99,0.0,53,63547,卖盘
10:50:57,11.98,-0.01,1,1198,卖盘
10:51:00,11.99,0.01,20,23980,买盘
10:51:02,12.0,0.01,69,82753,买盘
10:51:06,11.98,-0.02,30,35940,卖盘
10:51:12,11.98,0.0,42,50372,卖盘
10:51:18,11.99,0.01,105,125844,买盘
10:51:21,11.99,0.0,50,59920,买盘
10:51:24,11.99,0.0,20,23980,买盘
10:51:27,11.99,0.0,139,166661,买盘
10:51:30,11.98,-0.01,37,44347,卖盘
10:51:33,11.98,0.0,7,8386,买盘
10:51:36,11.98,0.0,3,3593,买盘
10:51:45,11.99,0.01,3,3597,卖盘
10:51:48,12.0,0.01,5,6000,买盘
10:51:50,11.99,-0.01,5,5995,卖盘
10:51:54,11.99,0.0,206,247194,卖盘
10:52:12,12.0,0.01,2,2400,买盘
10:52:15,11.99,-0.01,45,53955,卖盘
10:52:21,11.99,0.0,3,3597,买盘
10:52:24,11.98,-0.01,19,22779,卖盘
10:52:27,11.99,0.01,1,1199,买盘
10:52:48,11.98,-0.01,106,126988,卖盘
10:52:54,11.97,-0.01,33,39501,卖盘
10:52:57,11.97,0.0,8,9576,卖盘
10:53:03,11.97,0.0,102,122094,卖盘
10:53:06,11.97,0.0,37,44289,卖盘
10:53:09,11.97,0.0,22,26334,买盘
10:53:18,11.96,-0.01,16,19137,卖盘
10:53:21,11.96,0.0,4,4784,卖盘
10:53:24,11.96,0.0,40,47870,卖盘
10:53:30,11.97,0.01,54,64618,买盘
10:53:36,11.97,0.0,31,37107,卖盘
10:53:39,11.98,0.01,5,5990,买盘
10:54:00,11.98,0.0,20,23960,买盘
10:54:03,11.98,0.0,20,23960,买盘
10:54:06,11.98,0.0,11,13178,买盘
10:54:15,11.98,0.0,23,27554,卖盘
10:54:18,11.97,-0.01,32,38304,卖盘
10:54:21,11.98,0.01,20,23951,买盘
10:54:30,11.97,-0.01,6,7182,卖盘
10:54:33,11.97,0.0,37,44289,买盘
10:54:36,11.98,0.01,3,3593,买盘
10:54:57,11.97,-0.01,14,16764,卖盘
10:55:00,11.98,0.01,12,14376,买盘
10:55:03,11.98,0.0,1,1198,卖盘
10:55:09,11.98,0.0,3,3594,买盘
10:55:12,11.98,0.0,2,2396,卖盘
10:55:18,11.98,0.0,32,38336,卖盘
10:55:24,11.98,0.0,1,1198,卖盘
10:55:27,11.98,0.0,23,27554,卖盘
10:55:30,11.98,0.0,16,19168,卖盘
10:55:39,11.97,-0.01,20,23940,卖盘
10:55:51,11.97,0.0,7,8379,卖盘
10:56:03,11.96,-0.01,20,23920,卖盘
10:56:06,11.97,0.01,26,31102,买盘
10:56:12,11.96,-0.01,18,21531,卖盘
10:56:18,11.97,0.01,6,7182,买盘
10:56:21,11.97,0.0,20,23940,买盘
10:56:24,11.97,0.0,33,39501,买盘
10:56:27,11.98,0.01,8,9578,买盘
10:56:30,11.98,0.0,8,9584,买盘
10:56:33,11.98,0.0,51,61090,买盘
10:56:36,11.98,0.0,89,106622,买盘
10:56:42,11.98,0.0,20,23960,卖盘
10:56:45,11.98,0.0,113,135274,买盘
10:56:51,11.98,0.0,1,1198,买盘
10:57:03,11.97,-0.01,14,16767,卖盘
10:57:12,11.96,-0.01,13,15548,卖盘
10:57:24,11.96,0.0,34,40664,卖盘
10:57:27,11.97,0.01,19,22743,买盘
10:57:30,11.99,0.02,335,401428,买盘
10:57:33,11.99,0.0,3,3597,买盘
10:57:36,11.99,0.0,4,4796,买盘
10:57:39,11.97,-0.02,100,119718,卖盘
10:57:45,11.99,0.02,31,37169,买盘
10:57:48,11.98,-0.01,1,1198,买盘
10:57:57,11.96,-0.02,64,76597,卖盘
10:58:00,11.96,0.0,65,77740,买盘
10:58:06,11.98,0.02,66,79021,买盘
10:58:09,11.98,0.0,1,1198,买盘
10:58:15,11.96,-0.02,103,123205,卖盘
10:58:21,11.99,0.03,1,1199,买盘
10:58:33,12.0,0.01,591,709069,买盘
10:58:39,12.01,0.01,2,2402,买盘
10:58:45,12.01,0.0,1,1201,买盘
10:58:48,12.0,-0.01,10,12000,卖盘
10:58:51,12.01,0.01,8,9608,买盘
10:58:54,12.01,0.0,11,13211,买盘
10:58:57,12.01,0.0,10,12010,买盘
10:59:00,12.01,0.0,105,126100,买盘
10:59:03,12.01,0.0,29,34829,买盘
10:59:06,12.01,0.0,4,4804,卖盘
10:59:09,12.03,0.02,410,492867,买盘
10:59:15,12.03,0.0,168,202104,买盘
10:59:18,12.03,0.0,57,68571,买盘
10:59:21,12.03,0.0,47,56536,买盘
10:59:30,12.01,-0.02,42,50464,卖盘
10:59:33,12.03,0.02,104,124967,买盘
10:59:36,12.03,0.0,39,46917,买盘
10:59:39,12.02,-0.01,48,57743,中性盘
10:59:42,12.02,0.0,1,1202,买盘
10:59:48,12.02,0.0,72,86544,买盘
10:59:51,12.02,0.0,1,1202,买盘
10:59:54,12.01,-0.01,1,1201,中性盘
10:59:57,12.01,0.0,3,3603,买盘
11:00:00,12.0,-0.01,19,22800,卖盘
11:00:03,12.01,0.01,4,4804,买盘
11:00:06,12.0,-0.01,2,2400,卖盘
11:00:09,12.02,0.02,121,145442,买盘
11:00:14,12.02,0.0,30,36060,买盘
11:00:18,12.03,0.01,174,209295,买盘
11:00:24,12.05,0.02,221,266198,买盘
11:00:27,12.07,0.02,1044,1258946,买盘
11:00:30,12.09,0.02,803,970242,买盘
11:00:33,12.1,0.01,275,332735,买盘
11:00:36,12.09,-0.01,17,20565,卖盘
11:00:39,12.1,0.01,76,91940,买盘
11:00:42,12.1,0.0,78,94375,买盘
11:00:45,12.11,0.01,113,136746,买盘
11:00:48,12.1,-0.01,10,12108,卖盘
11:00:51,12.1,0.0,46,55702,卖盘
11:00:54,12.11,0.01,63,76291,买盘
11:00:57,12.11,0.0,35,42383,买盘
11:01:00,12.11,0.0,21,25431,卖盘
11:01:03,12.12,0.01,28,33916,买盘
11:01:06,12.1,-0.02,266,322107,卖盘
11:01:09,12.12,0.02,204,247043,买盘
11:01:12,12.12,0.0,23,27870,买盘
11:01:21,12.1,-0.02,123,149009,卖盘
11:01:24,12.1,0.0,36,43560,卖盘
11:01:27,12.1,0.0,6,7260,卖盘
11:01:30,12.1,0.0,15,18150,卖盘
11:01:33,12.1,0.0,54,65341,卖盘
11:01:36,12.1,0.0,60,72600,卖盘
11:01:42,12.09,-0.01,56,67754,卖盘
11:01:45,12.09,0.0,2,2418,卖盘
11:01:48,12.09,0.0,8,9672,卖盘
11:01:51,12.1,0.01,141,170470,买盘
11:01:54,12.09,-0.01,6,7254,买盘
11:02:00,12.09,0.0,5,6045,卖盘
11:02:06,12.08,-0.01,39,47136,卖盘
11:02:09,12.08,0.0,14,16912,买盘
11:02:15,12.08,0.0,8,9664,买盘
11:02:18,12.05,-0.03,48,57925,卖盘
11:02:21,12.09,0.04,4,4836,买盘
11:02:27,12.08,-0.01,20,24160,卖盘
11:02:30,12.08,0.0,22,26576,卖盘
11:02:36,12.08,0.0,511,617575,买盘
11:03:03,12.08,0.0,20,24160,买盘
11:03:06,12.08,0.0,6,7243,买盘
11:03:12,12.08,0.0,16,19328,卖盘
11:03:15,12.08,0.0,97,117176,买盘
11:03:27,12.08,0.0,11,13288,买盘
11:03:30,12.08,0.0,8,9664,买盘
11:03:33,12.08,0.0,66,79728,买盘
11:03:36,12.07,-0.01,1,1207,卖盘
11:03:39,12.08,0.01,23,27772,买盘
11:03:42,12.08,0.0,10,12080,卖盘
11:03:45,12.08,0.0,19,22952,卖盘
11:03:48,12.08,0.0,6,7248,卖盘
11:03:51,12.08,0.0,7,8457,卖盘
11:04:00,12.08,0.0,10,12080,卖盘
11:04:03,12.08,0.0,25,30200,卖盘
11:04:06,12.09,0.01,130,157170,买盘
11:04:09,12.08,-0.01,60,72480,卖盘
11:04:12,12.09,0.01,13,15707,买盘
11:04:21,12.09,0.0,20,24180,买盘
11:04:24,12.08,-0.01,55,66440,卖盘
11:04:27,12.08,0.0,100,120800,卖盘
11:04:33,12.08,0.0,3,3624,买盘
11:04:36,12.08,0.0,4,4832,买盘
11:04:39,12.06,-0.02,80,96586,卖盘
11:04:45,12.07,0.01,32,38644,卖盘
11:04:48,12.07,0.0,757,915337,卖盘
11:04:51,12.08,0.01,3,3624,卖盘
11:04:54,12.08,0.0,60,72480,卖盘
11:04:57,12.1,0.02,6,7260,买盘
11:05:06,12.08,-0.02,1,1208,卖盘
11:05:09,12.08,0.0,13,15711,卖盘
11:05:15,12.07,-0.01,28,33796,卖盘
11:05:18,12.07,0.0,1,1207,卖盘
11:05:27,12.08,0.01,73,88184,买盘
11:05:30,12.08,0.0,6,7248,卖盘
11:05:33,12.08,0.0,47,56776,卖盘
11:05:36,12.08,0.0,6,7248,卖盘
11:05:39,12.11,0.03,1051,1271363,买盘
11:05:42,12.14,0.03,1052,1275422,买盘
11:05:45,12.16,0.02,179,217466,买盘
11:05:48,12.14,-0.02,10,12140,卖盘
11:05:51,12.16,0.02,30,36469,买盘
11:05:54,12.16,0.0,29,35263,买盘
11:05:57,12.16,0.0,145,176312,买盘
11:06:03,12.17,0.01,119,144783,买盘
11:06:06,12.16,-0.01,40,48671,中性盘
11:06:09,12.17,0.01,85,103428,买盘
11:06:12,12.17,0.0,45,54745,买盘
11:06:15,12.17,0.0,26,31642,买盘
11:06:18,12.17,0.0,62,75410,买盘
11:06:21,12.17,0.0,93,113161,买盘
11:06:24,12.17,0.0,297,361439,买盘
11:06:27,12.18,0.01,63,76725,买盘
11:06:30,12.18,0.0,202,245972,买盘
11:06:33,12.18,0.0,204,248458,买盘
11:06:36,12.18,0.0,36,43848,买盘
11:06:39,12.18,0.0,50,60900,买盘
11:06:42,12.18,0.0,120,146060,卖盘
11:06:45,12.18,0.0,140,170536,买盘
11:06:48,12.18,0.0,75,91392,卖盘
11:06:51,12.19,0.01,253,308376,买盘
11:06:54,12.2,0.01,440,536576,买盘
11:06:57,12.19,-0.01,66,80449,卖盘
11:07:00,12.2,0.01,464,566091,买盘
11:07:03,12.2,0.0,27,32948,卖盘
11:07:06,12.21,0.01,120,146420,买盘
11:07:09,12.21,0.0,27,32967,买盘
11:07:12,12.23,0.02,158,193157,买盘
11:07:15,12.23,0.0,57,69631,买盘
11:07:18,12.24,0.01,24,29376,买盘
11:07:21,12.24,0.0,92,112598,买盘
11:07:24,12.25,0.01,282,345173,买盘
11:07:27,12.25,0.0,30,36748,买盘
11:07:30,12.25,0.0,382,467950,买盘
11:07:33,12.25,0.0,465,570147,买盘
11:07:36,12.28,0.03,24,29408,买盘
11:07:39,12.28,0.0,136,166951,买盘
11:07:42,12.28,0.0,35,42960,买盘
11:07:45,12.29,0.01,130,159768,买盘
11:07:48,12.3,0.01,208,255757,买盘
11:07:51,12.32,0.02,103,126722,买盘
11:07:54,12.3,-0.02,67,82459,卖盘
11:07:57,12.32,0.02,716,882082,买盘
11:08:00,12.32,0.0,158,194705,买盘
11:08:03,12.33,0.01,492,606132,买盘
11:08:06,12.33,0.0,401,494515,买盘
11:08:09,12.34,0.01,95,117191,买盘
11:08:12,12.34,0.0,38,46862,买盘
11:08:15,12.34,0.0,79,97500,卖盘
11:08:18,12.35,0.01,229,282812,买盘
11:08:21,12.36,0.01,74,91437,买盘
11:08:24,12.36,0.0,177,218880,买盘
11:08:27,12.38,0.02,283,350041,买盘
11:08:30,12.38,0.0,344,425760,买盘
11:08:33,12.39,0.01,152,188299,买盘
11:08:36,12.41,0.02,253,313810,买盘
11:08:39,12.42,0.01,173,214847,买盘
11:08:42,12.42,0.0,326,405093,卖盘
11:08:45,12.42,0.0,757,940645,卖盘
11:08:48,12.42,0.0,477,592351,卖盘
11:08:51,12.43,0.01,417,518182,买盘
11:08:54,12.44,0.01,509,632604,买盘
11:08:57,12.45,0.01,231,287344,买盘
11:09:00,12.45,0.0,81,100812,买盘
11:09:03,12.39,-0.06,637,790876,卖盘
11:09:06,12.38,-0.01,550,682339,卖盘
11:09:09,12.38,0.0,187,231556,卖盘
11:09:12,12.39,0.01,173,214037,买盘
11:09:15,12.39,0.0,102,126285,买盘
11:09:18,12.39,0.0,204,252596,买盘
11:09:21,12.37,-0.02,184,227855,卖盘
11:09:24,12.38,0.01,239,296046,买盘
11:09:27,12.37,-0.01,129,159714,买盘
11:09:30,12.35,-0.02,190,234709,卖盘
11:09:33,12.34,-0.01,34,42004,卖盘
11:09:36,12.33,-0.01,19,23462,卖盘
11:09:39,12.33,0.0,199,245590,卖盘
11:09:42,12.33,0.0,35,43161,卖盘
11:09:45,12.34,0.01,55,67867,买盘
11:09:48,12.37,0.03,137,169293,买盘
11:09:51,12.4,0.03,199,246139,买盘
11:09:54,12.4,0.0,35,43260,买盘
11:09:57,12.38,-0.02,37,45878,卖盘
11:10:00,12.42,0.04,75,93080,买盘
11:10:03,12.4,-0.02,95,117579,卖盘
11:10:06,12.4,0.0,147,182445,买盘
11:10:09,12.4,0.0,35,43399,卖盘
11:10:12,12.42,0.02,146,181253,买盘
11:10:15,12.41,-0.01,35,43440,卖盘
11:10:18,12.41,0.0,138,171277,卖盘
11:10:21,12.4,-0.01,78,96844,卖盘
11:10:24,12.41,0.01,121,150233,买盘
11:10:27,12.41,0.0,112,139003,卖盘
11:10:30,12.42,0.01,418,518931,买盘
11:10:33,12.42,0.0,140,173744,买盘
11:10:36,12.4,-0.02,27,33480,卖盘
11:10:39,12.4,0.0,10,12400,卖盘
11:10:42,12.4,0.0,62,76891,卖盘
11:10:45,12.4,0.0,130,161200,卖盘
11:10:48,12.39,-0.01,41,50835,中性盘
11:10:50,12.38,-0.01,150,185790,卖盘
11:10:54,12.38,0.0,112,138640,卖盘
11:10:57,12.38,0.0,28,34688,卖盘
11:11:00,12.39,0.01,14,17342,买盘
11:11:03,12.38,-0.01,17,21046,买盘
11:11:06,12.38,0.0,20,24758,买盘
11:11:09,12.38,0.0,32,39581,买盘
11:11:12,12.38,0.0,12,14856,卖盘
11:11:15,12.38,0.0,14,17328,卖盘
11:11:18,12.36,-0.02,21,25964,卖盘
11:11:21,12.38,0.02,21,25998,买盘
11:11:24,12.36,-0.02,11,13598,卖盘
11:11:27,12.36,0.0,16,19776,买盘
11:11:30,12.35,-0.01,44,54362,卖盘
11:11:33,12.35,0.0,36,44475,卖盘
11:11:36,12.35,0.0,65,80275,卖盘
11:11:39,12.34,-0.01,98,121073,卖盘
11:11:42,12.35,0.01,83,102510,卖盘
11:11:45,12.34,-0.01,16,19744,卖盘
11:11:48,12.34,0.0,36,44424,卖盘
11:11:54,12.36,0.02,134,165484,买盘
11:11:57,12.39,0.03,260,321843,买盘
11:12:00,12.38,-0.01,73,90399,卖盘
11:12:03,12.38,0.0,10,12380,卖盘
11:12:06,12.39,0.01,11,13620,买盘
11:12:09,12.38,-0.01,57,70616,卖盘
11:12:12,12.39,0.01,187,231729,买盘
11:12:15,12.38,-0.01,50,61907,卖盘
11:12:18,12.39,0.01,23,28497,买盘
11:12:21,12.38,-0.01,8,9904,卖盘
11:12:24,12.39,0.01,5,6195,买盘
11:12:27,12.38,-0.01,32,39616,卖盘
11:12:30,12.38,0.0,4,4952,买盘
11:12:33,12.38,0.0,15,18570,买盘
11:12:36,12.38,0.0,207,256163,买盘
11:12:42,12.38,0.0,550,681747,卖盘
11:12:45,12.38,0.0,13,16094,卖盘
11:12:48,12.38,0.0,81,100279,卖盘
11:12:54,12.38,0.0,26,32188,买盘
11:12:57,12.37,-0.01,3,3713,卖盘
11:13:00,12.38,0.01,8,9900,买盘
11:13:06,12.36,-0.02,385,476810,卖盘
11:13:09,12.36,0.0,1,1236,买盘
11:13:15,12.37,0.01,55,68029,买盘
11:13:18,12.36,-0.01,13,16068,卖盘
11:13:21,12.35,-0.01,7,8645,卖盘
11:13:24,12.36,0.01,12,14832,买盘
11:13:27,12.35,-0.01,3,3705,卖盘
11:13:30,12.36,0.01,11,13590,买盘
11:13:33,12.35,-0.01,10,12350,卖盘
11:13:36,12.35,0.0,10,12350,卖盘
11:13:39,12.35,0.0,6,7410,卖盘
11:13:42,12.36,0.01,26,32121,买盘
11:13:45,12.35,-0.01,85,105025,卖盘
11:13:48,12.35,0.0,38,46930,卖盘
11:13:50,12.36,0.01,283,349555,买盘
11:13:54,12.35,-0.01,6,7410,买盘
11:13:56,12.35,0.0,10,12356,买盘
11:13:59,12.34,-0.01,15,18513,卖盘
11:14:03,12.34,0.0,24,29626,卖盘
11:14:06,12.34,0.0,25,30842,买盘
11:14:09,12.38,0.04,630,779117,买盘
11:14:12,12.41,0.03,637,789660,买盘
11:14:15,12.41,0.0,49,60809,买盘
11:14:18,12.41,0.0,10,12417,中性盘
11:14:21,12.42,0.01,8,9936,买盘
11:14:24,12.41,-0.01,16,19869,卖盘
11:14:27,12.42,0.01,47,58374,买盘
11:14:29,12.42,0.0,10,12420,买盘
11:14:33,12.42,0.0,512,635931,买盘
11:14:36,12.43,0.01,1,1243,买盘
11:14:39,12.41,-0.02,45,55892,卖盘
11:14:42,12.41,0.0,38,47158,卖盘
11:14:48,12.42,0.01,13,16143,买盘
11:14:51,12.42,0.0,5,6210,买盘
11:14:54,12.42,0.0,1,1242,买盘
11:14:57,12.42,0.0,7,8694,买盘
11:15:00,12.42,0.0,70,86930,买盘
11:15:03,12.41,-0.01,90,111777,卖盘
11:15:06,12.42,0.01,62,77004,买盘
11:15:09,12.41,-0.01,26,32283,卖盘
11:15:12,12.4,-0.01,394,488712,卖盘
11:15:15,12.4,0.0,8,9920,买盘
11:15:18,12.37,-0.03,14,17318,卖盘
11:15:24,12.36,-0.01,22,27192,中性盘
11:15:27,12.34,-0.02,5,6170,卖盘
11:15:30,12.35,0.01,12,14817,中性盘
11:15:33,12.35,0.0,33,40755,卖盘
11:15:35,12.38,0.03,64,79067,买盘
11:15:39,12.36,-0.02,8,9888,中性盘
11:15:42,12.38,0.02,33,40814,买盘
11:15:51,12.38,0.0,25,30950,卖盘
11:15:54,12.38,0.0,11,13618,买盘
11:15:57,12.36,-0.02,46,56913,卖盘
11:16:12,12.36,0.0,34,42024,卖盘
11:16:15,12.38,0.02,46,56942,买盘
11:16:18,12.38,0.0,1,1238,卖盘
11:16:21,12.38,0.0,34,42092,卖盘
11:16:24,12.39,0.01,26,32214,买盘
11:16:27,12.39,0.0,2,2478,买盘
11:16:30,12.39,0.0,2,2478,买盘
11:16:33,12.39,0.0,28,34692,买盘
11:16:36,12.39,0.0,4,4956,卖盘
11:16:39,12.38,-0.01,29,35935,卖盘
11:16:51,12.38,0.0,21,25998,卖盘
11:16:54,12.38,0.0,7,8671,卖盘
11:16:57,12.38,0.0,76,94088,卖盘
11:17:00,12.39,0.01,100,123889,买盘
11:17:03,12.36,-0.03,21,25956,卖盘
11:17:06,12.36,0.0,25,30942,卖盘
11:17:15,12.38,0.02,2,2476,买盘
11:17:18,12.36,-0.02,10,12360,卖盘
11:17:24,12.38,0.02,97,120086,买盘
11:17:27,12.38,0.0,1,1238,卖盘
11:17:30,12.38,0.0,13,16094,卖盘
11:17:33,12.38,0.0,17,21046,卖盘
11:17:36,12.38,0.0,11,13622,卖盘
11:17:42,12.39,0.01,1,1239,买盘
11:17:45,12.38,-0.01,8,9904,卖盘
11:17:48,12.39,0.01,517,640825,买盘
11:17:51,12.39,0.0,147,182022,买盘
11:17:54,12.39,0.0,2,2478,买盘
11:18:03,12.38,-0.01,2,2476,卖盘
11:18:06,12.38,0.0,55,68140,卖盘
11:18:09,12.39,0.01,48,59472,买盘
11:18:12,12.4,0.01,16,19840,买盘
11:18:15,12.41,0.01,930,1154466,买盘
11:18:18,12.41,0.0,12,14892,卖盘
11:18:21,12.42,0.01,4,4968,中性盘
11:18:24,12.43,0.01,30,37289,买盘
11:18:27,12.42,-0.01,4,4968,中性盘
11:18:30,12.42,0.0,219,272194,买盘
11:18:33,12.44,0.02,110,136757,买盘
11:18:36,12.42,-0.02,49,60895,卖盘
11:18:39,12.42,0.0,41,50944,卖盘
11:18:42,12.44,0.02,45,55975,买盘
11:18:45,12.44,0.0,20,24880,买盘
11:18:48,12.42,-0.02,10,12420,卖盘
11:18:51,12.4,-0.02,260,322738,卖盘
11:18:54,12.43,0.03,65,80795,中性盘
11:18:57,12.4,-0.03,5,6200,卖盘
11:19:00,12.43,0.03,1,1243,买盘
11:19:03,12.43,0.0,43,53410,买盘
11:19:06,12.42,-0.01,9,11173,买盘
11:19:12,12.42,0.0,43,53406,买盘
11:19:15,12.42,0.0,20,24840,卖盘
11:19:18,12.42,0.0,115,142930,卖盘
11:19:21,12.42,0.0,124,154129,卖盘
11:19:24,12.43,0.01,1,1243,买盘
11:19:27,12.43,0.0,5,6215,买盘
11:19:30,12.42,-0.01,37,45989,卖盘
11:19:33,12.42,0.0,6,7454,卖盘
11:19:35,12.42,0.0,10,12420,卖盘
11:19:39,12.43,0.01,12,14916,买盘
11:19:42,12.42,-0.01,31,38502,卖盘
11:19:45,12.43,0.01,147,182611,买盘
11:19:48,12.43,0.0,6,7458,买盘
11:19:51,12.43,0.0,101,125543,买盘
11:19:57,12.43,0.0,21,26103,买盘
11:20:00,12.42,-0.01,82,101884,卖盘
11:20:03,12.43,0.01,523,650444,买盘
11:20:06,12.43,0.0,58,72044,买盘
11:20:12,12.43,0.0,72,89482,买盘
11:20:15,12.43,0.0,96,119332,买盘
11:20:18,12.43,0.0,39,48477,卖盘
11:20:21,12.44,0.01,72,89538,买盘
11:20:24,12.44,0.0,2,2488,买盘
11:20:27,12.43,-0.01,10,12430,卖盘
11:20:33,12.43,0.0,126,156737,卖盘
11:20:36,12.43,0.0,22,27346,卖盘
11:20:39,12.44,0.01,1253,1558593,买盘
11:20:42,12.44,0.0,67,83401,卖盘
11:20:45,12.45,0.01,20,24900,买盘
11:20:48,12.45,0.0,64,79652,买盘
11:20:51,12.45,0.0,116,144420,买盘
11:20:54,12.45,0.0,120,149399,买盘
11:20:57,12.45,0.0,93,115785,买盘
11:21:00,12.45,0.0,32,39820,中性盘
11:21:03,12.46,0.01,21,26166,买盘
11:21:05,12.45,-0.01,51,63545,卖盘
11:21:09,12.46,0.01,24,29882,买盘
11:21:12,12.46,0.0,205,255426,买盘
11:21:15,12.45,-0.01,290,361290,卖盘
11:21:17,12.46,0.01,32,39872,买盘
11:21:21,12.45,-0.01,44,54809,卖盘
11:21:24,12.45,0.0,55,68504,卖盘
11:21:27,12.46,0.01,19,23674,买盘
11:21:29,12.45,-0.01,404,503358,卖盘
11:21:33,12.46,0.01,8,9968,买盘
11:21:35,12.46,0.0,20,24920,买盘
11:21:39,12.45,-0.01,16,19920,卖盘
11:21:42,12.45,0.0,91,113370,卖盘
11:21:45,12.46,0.01,19,23657,买盘
11:21:48,12.46,0.0,72,89653,买盘
11:21:51,12.46,0.0,106,132076,买盘
11:21:54,12.46,0.0,100,124599,买盘
11:22:03,12.45,-0.01,150,186762,卖盘
11:22:06,12.45,0.0,15,18675,卖盘
11:22:09,12.41,-0.04,233,289840,卖盘
11:22:12,12.36,-0.05,511,632816,卖盘
11:22:21,12.35,-0.01,5,6177,卖盘
11:22:24,12.35,0.0,90,111162,卖盘
11:22:27,12.35,0.0,13,16055,买盘
11:22:30,12.35,0.0,100,123369,买盘
11:22:33,12.35,0.0,8,9876,买盘
11:22:39,12.36,0.01,21,25961,卖盘
11:22:45,12.37,0.01,4,4948,买盘
11:22:48,12.37,0.0,26,32161,买盘
11:22:51,12.37,0.0,5,6185,卖盘
11:22:54,12.38,0.01,10,12380,买盘
11:23:00,12.38,0.0,57,70556,买盘
11:23:03,12.38,0.0,20,24760,卖盘
11:23:06,12.38,0.0,55,68090,卖盘
11:23:09,12.4,0.02,22,27268,买盘
11:23:12,12.38,-0.02,4,4952,买盘
11:23:18,12.38,0.0,4,4953,卖盘
11:23:27,12.4,0.02,8,9920,买盘
11:23:30,12.38,-0.02,9,11148,卖盘
11:23:33,12.38,0.0,4,4952,卖盘
11:23:39,12.4,0.02,21,26040,买盘
11:23:42,12.4,0.0,6,7440,卖盘
11:23:45,12.42,0.02,1,1242,买盘
11:23:48,12.4,-0.02,38,47120,卖盘
11:23:51,12.4,0.0,98,121520,卖盘
11:23:54,12.41,0.01,7,8681,买盘
11:23:57,12.43,0.02,150,186263,买盘
11:24:03,12.42,-0.01,80,99266,卖盘
11:24:06,12.39,-0.03,3,3717,卖盘
11:24:12,12.42,0.03,15,18622,买盘
11:24:15,12.4,-0.02,10,12402,卖盘
11:24:18,12.4,0.0,2,2480,卖盘
11:24:20,12.4,0.0,15,18614,卖盘
11:24:24,12.41,0.01,5,6205,买盘
11:24:27,12.41,0.0,37,45917,买盘
11:24:30,12.41,0.0,103,127722,买盘
11:24:36,12.4,-0.01,80,99200,卖盘
11:24:39,12.4,0.0,95,117807,卖盘
11:24:42,12.4,0.0,67,83088,卖盘
11:24:44,12.4,0.0,62,76880,卖盘
11:24:48,12.39,-0.01,3,3717,卖盘
11:24:54,12.39,0.0,11,13629,卖盘
11:25:00,12.39,0.0,11,13639,卖盘
11:25:03,12.4,0.01,316,391799,买盘
11:25:06,12.4,0.0,2,2480,卖盘
11:25:09,12.4,0.0,222,275474,卖盘
11:25:12,12.41,0.01,7,8687,买盘
11:25:14,12.4,-0.01,19,23564,卖盘
11:25:24,12.4,0.0,172,213451,卖盘
11:25:27,12.4,0.0,81,100443,卖盘
11:25:30,12.4,0.0,108,133975,卖盘
11:25:33,12.4,0.0,9,11162,卖盘
11:25:36,12.4,0.0,20,24816,卖盘
11:25:39,12.4,0.0,69,85561,卖盘
11:25:48,12.4,0.0,53,65720,买盘
11:25:51,12.39,-0.01,8,9914,卖盘
11:25:54,12.39,0.0,63,78112,卖盘
11:25:57,12.39,0.0,24,29736,卖盘
11:26:00,12.39,0.0,15,18585,卖盘
11:26:03,12.4,0.01,108,133920,买盘
11:26:06,12.4,0.0,70,86801,卖盘
11:26:08,12.45,0.05,877,1089899,买盘
11:26:11,12.46,0.01,294,366314,买盘
11:26:15,12.45,-0.01,58,72214,卖盘
11:26:18,12.46,0.01,5,6230,买盘
11:26:21,12.45,-0.01,74,92148,卖盘
11:26:24,12.45,0.0,24,29880,买盘
11:26:27,12.47,0.02,565,704207,买盘
11:26:30,12.47,0.0,21,26188,卖盘
11:26:33,12.47,0.0,66,82354,卖盘
11:26:35,12.47,0.0,7,8733,卖盘
11:26:39,12.48,0.01,41,51168,买盘
11:26:41,12.48,0.0,39,48661,买盘
11:26:45,12.49,0.01,430,537074,买盘
11:26:48,12.49,0.0,119,148736,卖盘
11:26:51,12.49,0.0,366,457499,卖盘
11:26:54,12.57,0.08,1138,1427018,买盘
11:26:56,12.57,0.0,30,37706,买盘
11:27:00,12.59,0.02,141,177381,买盘
11:27:03,12.58,-0.01,126,158542,卖盘
11:27:06,12.57,-0.01,54,67910,卖盘
11:27:09,12.57,0.0,70,88045,卖盘
11:27:12,12.57,0.0,75,94324,卖盘
11:27:14,12.53,-0.04,20,25090,卖盘
11:27:18,12.56,0.03,173,217452,买盘
11:27:21,12.56,0.0,11,13816,买盘
11:27:24,12.58,0.02,223,280214,买盘
11:27:27,12.56,-0.02,37,46472,中性盘
11:27:30,12.53,-0.03,26,32641,卖盘
11:27:33,12.56,0.03,112,140661,买盘
11:27:36,12.56,0.0,19,23859,中性盘
11:27:39,12.57,0.01,168,210991,买盘
11:27:42,12.56,-0.01,40,50166,中性盘
11:27:45,12.57,0.01,8,10056,买盘
11:27:48,12.56,-0.01,60,75385,买盘
11:27:50,12.56,0.0,44,55242,买盘
11:27:54,12.55,-0.01,12,15040,中性盘
11:27:57,12.54,-0.01,332,416616,中性盘
11:28:00,12.53,-0.01,153,191741,卖盘
11:28:03,12.53,0.0,3,3759,买盘
11:28:06,12.53,0.0,36,45073,买盘
11:28:09,12.53,0.0,245,306727,买盘
11:28:12,12.53,0.0,1,1253,中性盘
11:28:15,12.51,-0.02,34,42587,卖盘
11:28:18,12.54,0.03,165,206909,买盘
11:28:21,12.54,0.0,20,25080,卖盘
11:28:24,12.54,0.0,176,220739,卖盘
11:28:27,12.54,0.0,117,146718,卖盘
11:28:30,12.54,0.0,176,220837,卖盘
11:28:33,12.54,0.0,85,106590,买盘
11:28:36,12.53,-0.01,59,73953,卖盘
11:28:39,12.53,0.0,12,15046,卖盘
11:28:42,12.53,0.0,2,2504,买盘
11:28:45,12.54,0.01,45,56392,买盘
11:28:48,12.54,0.0,172,215670,买盘
11:28:51,12.55,0.01,28,35119,买盘
11:28:54,12.55,0.0,66,82821,买盘
11:28:57,12.56,0.01,190,238658,买盘
11:29:00,12.56,0.0,29,36443,卖盘
11:29:03,12.54,-0.02,272,341811,卖盘
11:29:06,12.56,0.02,9,11296,买盘
11:29:09,12.55,-0.01,26,32630,卖盘
11:29:12,12.56,0.01,13,16328,买盘
11:29:14,12.55,-0.01,32,40177,卖盘
11:29:18,12.55,0.0,403,505354,卖盘
11:29:24,12.54,-0.01,60,75286,卖盘
11:29:27,12.55,0.01,73,91615,买盘
11:29:30,12.55,0.0,42,52712,买盘
11:29:33,12.55,0.0,140,175689,卖盘
11:29:36,12.56,0.01,188,236042,买盘
11:29:39,12.55,-0.01,74,92838,中性盘
11:29:42,12.55,0.0,5,6275,买盘
11:29:44,12.55,0.0,22,27600,卖盘
11:29:48,12.54,-0.01,30,37620,卖盘
11:29:51,12.54,0.0,10,12545,卖盘
11:29:54,12.54,0.0,10,12540,卖盘
11:29:57,12.54,0.0,15,18820,卖盘
11:30:00,12.53,-0.01,328,411402,卖盘
13:00:03,12.53,0.0,204,255531,买盘
13:00:06,12.54,0.01,535,670308,买盘
13:00:09,12.53,-0.01,620,777248,卖盘
13:00:12,12.54,0.01,566,710813,中性盘
13:00:18,12.55,0.01,74,92724,买盘
13:00:21,12.55,0.0,100,125501,卖盘
13:00:24,12.57,0.02,22,27648,买盘
13:00:27,12.57,0.0,49,61513,买盘
13:00:30,12.57,0.0,8,10056,买盘
13:00:33,12.57,0.0,69,86728,买盘
13:00:36,12.57,0.0,60,75420,买盘
13:00:42,12.57,0.0,4,5028,买盘
13:00:45,12.57,0.0,172,216191,买盘
13:00:48,12.57,0.0,49,61587,买盘
13:00:51,12.57,0.0,13,16341,卖盘
13:00:54,12.57,0.0,245,308065,卖盘
13:00:57,12.58,0.01,302,379896,买盘
13:01:00,12.58,0.0,2,2516,卖盘
13:01:03,12.58,0.0,217,272986,卖盘
13:01:06,12.59,0.01,74,93094,买盘
13:01:09,12.58,-0.01,3,3774,中性盘
13:01:12,12.59,0.01,31,39029,买盘
13:01:15,12.59,0.0,23,28937,买盘
13:01:18,12.59,0.0,57,71748,买盘
13:01:21,12.58,-0.01,74,93119,卖盘
13:01:24,12.58,0.0,105,132173,买盘
13:01:27,12.58,0.0,63,79287,买盘
13:01:33,12.58,0.0,233,293114,买盘
13:01:36,12.58,0.0,1,1258,卖盘
13:01:39,12.58,0.0,37,46561,卖盘
13:01:42,12.58,0.0,65,81770,卖盘
13:01:45,12.58,0.0,186,234153,卖盘
13:01:48,12.59,0.01,88,110763,买盘
13:01:51,12.58,-0.01,97,122106,卖盘
13:01:54,12.59,0.01,134,168639,买盘
13:02:00,12.58,-0.01,43,54089,买盘
13:02:03,12.58,0.0,29,36467,卖盘
13:02:06,12.57,-0.01,10,12570,卖盘
13:02:09,12.57,0.0,42,52798,卖盘
13:02:12,12.57,0.0,75,94315,卖盘
13:02:15,12.57,0.0,56,70442,卖盘
13:02:18,12.57,0.0,8,10056,卖盘
13:02:21,12.57,0.0,23,28930,卖盘
13:02:24,12.57,0.0,52,65372,买盘
13:02:27,12.57,0.0,1,1257,买盘
13:02:30,12.57,0.0,224,281496,买盘
13:02:33,12.57,0.0,129,162133,买盘
13:02:38,12.56,-0.01,5,6280,买盘
13:02:42,12.56,0.0,10,12560,买盘
13:02:45,12.56,0.0,5,6280,卖盘
13:02:48,12.55,-0.01,34,42714,卖盘
13:02:51,12.55,0.0,32,40162,卖盘
13:02:54,12.55,0.0,72,90360,卖盘
13:02:57,12.55,0.0,74,92863,买盘
13:03:00,12.54,-0.01,14,17558,卖盘
13:03:03,12.54,0.0,36,45154,卖盘
13:03:06,12.53,-0.01,61,76493,卖盘
13:03:12,12.53,0.0,52,65206,卖盘
13:03:15,12.54,0.01,77,96549,买盘
13:03:18,12.54,0.0,17,21302,买盘
13:03:21,12.53,-0.01,46,57682,卖盘
13:03:24,12.53,0.0,16,20049,卖盘
13:03:27,12.53,0.0,5,6265,卖盘
13:03:30,12.53,0.0,97,121541,卖盘
13:03:33,12.53,0.0,162,202987,卖盘
13:03:36,12.55,0.02,318,398794,买盘
13:03:39,12.55,0.0,17,21336,卖盘
13:03:42,12.55,0.0,114,143070,卖盘
13:03:45,12.55,0.0,94,117970,卖盘
13:03:48,12.55,0.0,58,72790,卖盘
13:03:51,12.54,-0.01,1,1254,中性盘
13:03:54,12.53,-0.01,175,219275,卖盘
13:03:57,12.57,0.04,425,533509,买盘
13:04:00,12.56,-0.01,93,116812,卖盘
13:04:03,12.57,0.01,306,384632,买盘
13:04:06,12.58,0.01,156,196163,买盘
13:04:09,12.58,0.0,6,7548,买盘
13:04:12,12.58,0.0,67,84273,买盘
13:04:15,12.58,0.0,26,32702,买盘
13:04:18,12.57,-0.01,2,2514,卖盘
13:04:21,12.57,0.0,22,27666,卖盘
13:04:24,12.57,0.0,77,96815,卖盘
13:04:27,12.6,0.03,671,844901,买盘
13:04:30,12.6,0.0,333,419462,买盘
13:04:33,12.6,0.0,10,12600,买盘
13:04:39,12.6,0.0,20,25200,买盘
13:04:42,12.6,0.0,17,21420,买盘
13:04:45,12.6,0.0,10,12600,买盘
13:04:48,12.6,0.0,16,20160,买盘
13:04:51,12.59,-0.01,91,114625,卖盘
13:04:54,12.59,0.0,19,23921,买盘
13:04:57,12.59,0.0,29,36511,中性盘
13:05:00,12.59,0.0,148,186282,买盘
13:05:03,12.6,0.01,37,46585,买盘
13:05:12,12.58,-0.02,614,773631,卖盘
13:05:15,12.6,0.02,11,13850,买盘
13:05:18,12.6,0.0,73,91980,买盘
13:05:21,12.61,0.01,133,167686,买盘
13:05:24,12.62,0.01,135,170235,买盘
13:05:27,12.62,0.0,190,239734,买盘
13:05:30,12.62,0.0,93,117346,买盘
13:05:33,12.62,0.0,117,147554,买盘
13:05:36,12.62,0.0,34,42905,买盘
13:05:39,12.62,0.0,5,6310,买盘
13:05:42,12.62,0.0,33,41669,卖盘
13:05:45,12.63,0.01,116,146468,买盘
13:05:48,12.64,0.01,45,56855,买盘
13:05:51,12.64,0.0,3,3792,买盘
13:05:54,12.64,0.0,67,84688,买盘
13:05:57,12.64,0.0,141,178224,买盘
13:06:00,12.65,0.01,98,123931,买盘
13:06:03,12.65,0.0,130,164322,买盘
13:06:06,12.64,-0.01,30,37947,卖盘
13:06:09,12.65,0.01,105,132815,买盘
13:06:12,12.65,0.0,30,37950,买盘
13:06:15,12.65,0.0,112,141662,买盘
13:06:18,12.64,-0.01,61,77164,卖盘
13:06:21,12.64,0.0,69,87278,卖盘
13:06:24,12.66,0.02,92,116403,买盘
13:06:27,12.66,0.0,375,474750,买盘
13:06:30,12.66,0.0,108,136728,卖盘
13:06:33,12.67,0.01,111,140637,买盘
13:06:36,12.68,0.01,98,124252,买盘
13:06:39,12.68,0.0,86,108968,买盘
13:06:42,12.68,0.0,19,24092,买盘
13:06:45,12.68,0.0,110,139480,买盘
13:06:48,12.68,0.0,28,35504,买盘
13:06:51,12.68,0.0,157,199076,买盘
13:06:54,12.68,0.0,115,145820,卖盘
13:06:57,12.68,0.0,126,159876,卖盘
13:07:00,12.68,0.0,4,5075,卖盘
13:07:03,12.68,0.0,156,197845,卖盘
13:07:06,12.69,0.01,47,59621,买盘
13:07:09,12.68,-0.01,379,480719,卖盘
13:07:12,12.62,-0.06,1502,1901394,卖盘
13:07:15,12.64,0.02,10,12640,买盘
13:07:18,12.62,-0.02,23,29047,卖盘
13:07:21,12.62,0.0,32,40385,卖盘
13:07:24,12.64,0.02,63,79609,买盘
13:07:27,12.62,-0.02,67,84527,买盘
13:07:30,12.62,0.0,34,42901,买盘
13:07:33,12.61,-0.01,15,18918,卖盘
13:07:36,12.62,0.01,65,82030,买盘
13:07:39,12.62,0.0,86,108474,买盘
13:07:42,12.62,0.0,31,39101,买盘
13:07:45,12.61,-0.01,21,26491,卖盘
13:07:48,12.61,0.0,23,28996,买盘
13:07:54,12.6,-0.01,59,74369,卖盘
13:07:57,12.62,0.02,185,233385,买盘
13:08:00,12.61,-0.01,29,36569,卖盘
13:08:03,12.6,-0.01,237,298729,卖盘
13:08:06,12.61,0.01,121,152475,买盘
13:08:09,12.61,0.0,3,3783,卖盘
13:08:12,12.62,0.01,13,16396,买盘
13:08:15,12.61,-0.01,44,55503,卖盘
13:08:18,12.6,-0.01,3,3780,卖盘
13:08:21,12.61,0.01,10,12610,买盘
13:08:24,12.6,-0.01,40,50400,卖盘
13:08:27,12.6,0.0,235,296157,卖盘
13:08:30,12.59,-0.01,139,175082,卖盘
13:08:33,12.6,0.01,29,36534,买盘
13:08:36,12.59,-0.01,96,120899,卖盘
13:08:39,12.58,-0.01,5,6294,卖盘
13:08:45,12.58,0.0,55,69190,卖盘
13:08:48,12.58,0.0,45,56609,卖盘
13:08:51,12.56,-0.02,56,70383,卖盘
13:08:54,12.58,0.02,30,37740,买盘
13:08:57,12.58,0.0,55,69090,买盘
13:09:00,12.59,0.01,88,110788,买盘
13:09:06,12.6,0.01,38,47880,买盘
13:09:09,12.62,0.02,822,1036333,买盘
13:09:12,12.62,0.0,21,26502,买盘
13:09:15,12.62,0.0,18,22699,买盘
13:09:18,12.61,-0.01,107,134994,卖盘
13:09:21,12.62,0.01,47,59287,买盘
13:09:30,12.63,0.01,7,8841,买盘
13:09:33,12.62,-0.01,432,546378,卖盘
13:09:36,12.63,0.01,30,37890,买盘
13:09:39,12.63,0.0,5,6315,卖盘
13:09:42,12.63,0.0,10,12630,卖盘
13:09:45,12.65,0.02,2,2530,买盘
13:09:48,12.65,0.0,30,37950,买盘
13:09:51,12.65,0.0,13,16445,买盘
13:09:54,12.72,0.07,1148,1457192,买盘
13:09:57,12.76,0.04,685,873164,买盘
13:10:00,12.78,0.02,175,223483,买盘
13:10:03,12.78,0.0,28,35765,买盘
13:10:06,12.78,0.0,48,61344,买盘
13:10:09,12.79,0.01,77,98412,买盘
13:10:12,12.79,0.0,213,272205,买盘
13:10:15,12.8,0.01,619,791958,买盘
13:10:18,12.8,0.0,166,212504,卖盘
13:10:21,12.81,0.01,160,204842,买盘
13:10:24,12.81,0.0,152,194685,买盘
13:10:27,12.81,0.0,94,120460,买盘
13:10:30,12.81,0.0,17,21777,卖盘
13:10:33,12.81,0.0,267,342304,卖盘
13:10:36,12.84,0.03,257,329521,买盘
13:10:39,12.84,0.0,57,73116,买盘
13:10:42,12.84,0.0,55,70610,买盘
13:10:45,12.84,0.0,52,66746,买盘
13:10:48,12.84,0.0,60,77026,买盘
13:10:51,12.85,0.01,273,350702,买盘
13:10:54,12.83,-0.02,273,350616,卖盘
13:10:57,12.86,0.03,788,1012445,买盘
13:11:00,12.86,0.0,920,1184548,卖盘
13:11:03,12.86,0.0,428,550473,卖盘
13:11:06,12.87,0.01,194,249657,买盘
13:11:09,12.83,-0.04,216,277546,卖盘
13:11:12,12.81,-0.02,1300,1665385,卖盘
13:11:15,12.8,-0.01,90,115223,卖盘
13:11:18,12.8,0.0,1274,1636282,卖盘
13:11:24,12.81,0.01,41,52521,卖盘
13:11:27,12.8,-0.01,56,71719,卖盘
13:11:30,12.82,0.02,136,174257,买盘
13:11:33,12.81,-0.01,14,17937,卖盘
13:11:36,12.83,0.02,38,48729,买盘
13:11:39,12.83,0.0,60,76970,买盘
13:11:42,12.83,0.0,121,155142,买盘
13:11:45,12.83,0.0,31,39776,卖盘
13:11:48,12.83,0.0,8,10268,卖盘
13:11:51,12.83,0.0,106,136037,卖盘
13:11:54,12.83,0.0,75,96225,买盘
13:11:57,12.82,-0.01,220,282322,卖盘
13:12:00,12.83,0.01,163,209160,中性盘
13:12:03,12.84,0.01,30,38507,买盘
13:12:06,12.84,0.0,217,278299,买盘
13:12:09,12.86,0.02,534,685948,买盘
13:12:12,12.86,0.0,205,263732,中性盘
13:12:15,12.86,0.0,195,250998,卖盘
13:12:18,12.87,0.01,169,217619,中性盘
13:12:21,12.9,0.03,1413,1822193,买盘
13:12:24,12.9,0.0,18,23203,买盘
13:12:27,12.9,0.0,40,51600,买盘
13:12:30,12.9,0.0,145,186988,买盘
13:12:33,12.9,0.0,229,295410,买盘
13:12:36,12.9,0.0,347,447435,买盘
13:12:39,12.9,0.0,628,810120,买盘
13:12:42,12.89,-0.01,158,203790,中性盘
13:12:45,12.89,0.0,93,119957,卖盘
13:12:48,12.89,0.0,133,171556,卖盘
13:12:51,12.9,0.01,96,123780,买盘
13:12:54,12.89,-0.01,136,175309,卖盘
13:12:57,12.9,0.01,131,168939,买盘
13:13:00,12.89,-0.01,85,109578,卖盘
13:13:03,12.88,-0.01,242,311794,卖盘
13:13:06,12.88,0.0,57,73390,买盘
13:13:09,12.88,0.0,245,315488,买盘
13:13:12,12.87,-0.01,36,46335,卖盘
13:13:15,12.85,-0.02,88,113239,卖盘
13:13:18,12.88,0.03,187,240672,买盘
13:13:21,12.88,0.0,80,103040,卖盘
13:13:24,12.88,0.0,21,27037,买盘
13:13:27,12.87,-0.01,2,2574,卖盘
13:13:30,12.85,-0.02,224,288477,卖盘
13:13:33,12.84,-0.01,10,12840,卖盘
13:13:36,12.85,0.01,38,48830,买盘
13:13:39,12.85,0.0,98,125930,卖盘
13:13:42,12.85,0.0,85,109263,卖盘
13:13:45,12.85,0.0,241,309699,卖盘
13:13:48,12.85,0.0,66,84860,卖盘
13:13:51,12.85,0.0,15,19277,卖盘
13:13:54,12.88,0.03,187,240721,买盘
13:13:57,12.88,0.0,46,59248,卖盘
13:14:00,12.88,0.0,189,243162,卖盘
13:14:03,12.86,-0.02,119,153287,卖盘
13:14:06,12.86,0.0,41,52736,卖盘
13:14:09,12.87,0.01,44,56608,买盘
13:14:12,12.86,-0.01,86,110596,卖盘
13:14:15,12.86,0.0,3,3858,买盘
13:14:18,12.85,-0.01,5,6427,卖盘
13:14:21,12.85,0.0,35,44980,卖盘
13:14:24,12.85,0.0,29,37267,卖盘
13:14:27,12.85,0.0,106,136210,卖盘
13:14:30,12.84,-0.01,16,20559,卖盘
13:14:33,12.85,0.01,37,47545,买盘
13:14:36,12.85,0.0,37,47532,卖盘
13:14:39,12.85,0.0,30,38550,买盘
13:14:42,12.85,0.0,32,41120,买盘
13:14:45,12.85,0.0,108,138780,卖盘
13:14:48,12.84,-0.01,394,506004,卖盘
13:14:51,12.85,0.01,9,11565,中性盘
13:14:54,12.84,-0.01,36,46224,卖盘
13:14:57,12.84,0.0,52,66769,卖盘
13:15:00,12.85,0.01,23,29544,买盘
13:15:03,12.84,-0.01,87,111708,卖盘
13:15:06,12.84,0.0,86,110429,卖盘
13:15:09,12.84,0.0,21,26964,买盘
13:15:12,12.84,0.0,3,3852,买盘
13:15:15,12.84,0.0,335,429915,买盘
13:15:18,12.83,-0.01,1,1283,卖盘
13:15:21,12.83,0.0,24,30792,卖盘
13:15:24,12.84,0.01,35,44908,买盘
13:15:27,12.83,-0.01,34,43636,卖盘
13:15:30,12.83,0.0,317,406743,卖盘
13:15:33,12.83,0.0,84,107810,卖盘
13:15:36,12.83,0.0,31,39782,卖盘
13:15:39,12.83,0.0,153,196299,卖盘
13:15:48,12.82,-0.01,70,89742,卖盘
13:15:51,12.82,0.0,130,166660,卖盘
13:15:54,12.82,0.0,42,53844,卖盘
13:15:57,12.81,-0.01,37,47409,卖盘
13:16:00,12.82,0.01,19,24358,买盘
13:16:03,12.81,-0.01,15,19225,卖盘
13:16:06,12.81,0.0,50,64049,卖盘
13:16:09,12.8,-0.01,210,268800,卖盘
13:16:12,12.8,0.0,119,152325,卖盘
13:16:15,12.78,-0.02,55,70354,卖盘
13:16:21,12.78,0.0,6,7668,卖盘
13:16:24,12.78,0.0,11,14058,卖盘
13:16:27,12.78,0.0,5,6390,卖盘
13:16:30,12.78,0.0,5,6389,买盘
13:16:33,12.75,-0.03,89,113501,卖盘
13:16:36,12.75,0.0,67,85446,卖盘
13:16:39,12.75,0.0,26,33150,卖盘
13:16:42,12.78,0.03,108,137832,买盘
13:16:45,12.77,-0.01,325,414631,中性盘
13:16:48,12.76,-0.01,215,274599,卖盘
13:16:51,12.76,0.0,54,68908,卖盘
13:16:54,12.76,0.0,24,30634,卖盘
13:16:57,12.78,0.02,41,52360,买盘
13:17:00,12.76,-0.02,101,128918,卖盘
13:17:03,12.78,0.02,47,59988,买盘
13:17:06,12.78,0.0,99,126614,卖盘
13:17:09,12.79,0.01,958,1226154,买盘
13:17:12,12.8,0.01,495,633575,买盘
13:17:15,12.8,0.0,47,60160,买盘
13:17:18,12.8,0.0,221,282822,买盘
13:17:21,12.8,0.0,44,56315,买盘
13:17:24,12.8,0.0,7,8960,买盘
13:17:27,12.8,0.0,4,5117,买盘
13:17:30,12.8,0.0,42,53760,买盘
13:17:33,12.8,0.0,4,5120,买盘
13:17:36,12.8,0.0,68,87040,买盘
13:17:39,12.73,-0.07,1110,1418385,卖盘
13:17:42,12.78,0.05,96,122767,中性盘
13:17:51,12.73,-0.05,32,40736,卖盘
13:17:54,12.74,0.01,1,1274,中性盘
13:17:57,12.73,-0.01,10,12730,中性盘
13:18:00,12.73,0.0,54,68742,中性盘
13:18:03,12.73,0.0,7,8911,卖盘
13:18:06,12.73,0.0,47,59831,卖盘
13:18:09,12.73,0.0,13,16549,卖盘
13:18:12,12.73,0.0,13,16549,卖盘
13:18:15,12.73,0.0,79,100567,卖盘
13:18:18,12.73,0.0,2,2546,买盘
13:18:21,12.73,0.0,14,17822,买盘
13:18:24,12.73,0.0,18,22907,买盘
13:18:27,12.72,-0.01,21,26712,卖盘
13:18:30,12.72,0.0,90,114495,卖盘
13:18:33,12.72,0.0,183,232776,买盘
13:18:36,12.71,-0.01,187,237732,卖盘
13:18:39,12.72,0.01,280,355979,买盘
13:18:42,12.72,0.0,179,227678,买盘
13:18:45,12.72,0.0,130,165330,买盘
13:18:48,12.72,0.0,2,2544,买盘
13:18:51,12.71,-0.01,7,8897,卖盘
13:18:54,12.71,0.0,22,27972,卖盘
13:18:57,12.72,0.01,106,134822,买盘
13:19:03,12.73,0.01,250,318350,买盘
13:19:06,12.76,0.03,66,84157,中性盘
13:19:09,12.77,0.01,2,2554,买盘
13:19:15,12.78,0.01,47,59992,买盘
13:19:18,12.77,-0.01,123,157170,中性盘
13:19:21,12.78,0.01,22,28097,买盘
13:19:24,12.78,0.0,21,26824,买盘
13:19:30,12.78,0.0,15,19149,买盘
13:19:42,12.78,0.0,22,28102,买盘
13:19:45,12.78,0.0,72,91972,买盘
13:19:54,12.77,-0.01,21,26813,买盘
13:20:00,12.76,-0.01,8,10208,买盘
13:20:03,12.76,0.0,1,1276,卖盘
13:20:12,12.76,0.0,23,29348,卖盘
13:20:18,12.77,0.01,16,20423,买盘
13:20:21,12.76,-0.01,41,52326,卖盘
13:20:24,12.76,0.0,22,28072,卖盘
13:20:27,12.77,0.01,1,1277,买盘
13:20:30,12.77,0.0,11,14040,买盘
13:20:33,12.77,0.0,110,140437,买盘
13:20:36,12.77,0.0,17,21709,买盘
13:20:45,12.76,-0.01,5,6380,卖盘
13:20:48,12.77,0.01,21,26798,买盘
13:20:51,12.76,-0.01,23,29348,卖盘
13:20:54,12.77,0.01,203,259231,买盘
13:20:57,12.76,-0.01,6,7656,卖盘
13:21:00,12.79,0.03,1532,1957296,买盘
13:21:03,12.78,-0.01,297,380115,卖盘
13:21:06,12.8,0.02,339,433920,买盘
13:21:09,12.8,0.0,58,74150,中性盘
13:21:12,12.81,0.01,5,6402,买盘
13:21:18,12.81,0.0,11,14091,买盘
13:21:21,12.8,-0.01,62,79384,卖盘
13:21:24,12.8,0.0,2,2561,卖盘
13:21:27,12.8,0.0,25,32000,卖盘
13:21:30,12.81,0.01,82,105042,买盘
13:21:33,12.81,0.0,67,85809,卖盘
13:21:36,12.82,0.01,49,62740,买盘
13:21:39,12.81,-0.01,6,7681,中性盘
13:21:45,12.81,0.0,16,20490,买盘
13:21:48,12.81,0.0,128,163966,买盘
13:21:51,12.8,-0.01,3,3842,卖盘
13:21:54,12.8,0.0,7,8962,卖盘
13:21:57,12.8,0.0,17,21764,卖盘
13:22:00,12.8,0.0,42,53760,买盘
13:22:03,12.8,0.0,47,60160,买盘
13:22:06,12.8,0.0,9,11520,中性盘
13:22:09,12.82,0.02,375,480634,买盘
13:22:12,12.83,0.01,93,119246,买盘
13:22:15,12.82,-0.01,10,12820,卖盘
13:22:24,12.83,0.01,20,25659,买盘
13:22:30,12.82,-0.01,59,75634,卖盘
13:22:36,12.82,0.0,42,53847,卖盘
13:22:39,12.83,0.01,1,1283,买盘
13:22:42,12.83,0.0,8,10262,买盘
13:22:45,12.83,0.0,50,64131,买盘
13:22:48,12.82,-0.01,23,29499,卖盘
13:22:51,12.82,0.0,48,61572,卖盘
13:22:54,12.83,0.01,8,10264,买盘
13:22:57,12.82,-0.01,104,133374,卖盘
13:23:00,12.82,0.0,36,46187,卖盘
13:23:03,12.82,0.0,88,112879,卖盘
13:23:06,12.82,0.0,86,110253,卖盘
13:23:09,12.82,0.0,102,130766,卖盘
13:23:12,12.82,0.0,162,207684,卖盘
13:23:15,12.82,0.0,12,15384,卖盘
13:23:18,12.82,0.0,6,7692,卖盘
13:23:21,12.82,0.0,91,116663,卖盘
13:23:24,12.82,0.0,147,188546,卖盘
13:23:27,12.82,0.0,87,111548,卖盘
13:23:30,12.82,0.0,18,23076,卖盘
13:23:33,12.82,0.0,20,25640,买盘
13:23:36,12.82,0.0,5,6410,买盘
13:23:39,12.81,-0.01,5,6405,卖盘
13:23:42,12.81,0.0,85,108960,卖盘
13:23:48,12.81,0.0,90,115290,买盘
13:23:51,12.8,-0.01,14,17920,卖盘
13:23:54,12.8,0.0,3,3840,卖盘
13:24:00,12.81,0.01,70,89638,买盘
13:24:03,12.8,-0.01,27,34550,买盘
13:24:06,12.8,0.0,4,5120,买盘
13:24:09,12.79,-0.01,29,37091,卖盘
13:24:12,12.79,0.0,104,133020,卖盘
13:24:15,12.79,0.0,2,2558,卖盘
13:24:21,12.76,-0.03,121,154598,卖盘
13:24:30,12.76,0.0,19,24244,卖盘
13:24:33,12.76,0.0,10,12760,卖盘
13:24:36,12.76,0.0,5,6380,卖盘
13:24:42,12.76,0.0,83,105908,卖盘
13:24:45,12.76,0.0,5,6380,卖盘
13:24:48,12.76,0.0,97,123775,买盘
13:24:51,12.76,0.0,5,6380,卖盘
13:24:54,12.76,0.0,7,8932,卖盘
13:24:57,12.77,0.01,1,1277,卖盘
13:25:03,12.77,0.0,43,54911,买盘
13:25:06,12.76,-0.01,75,95745,卖盘
13:25:09,12.77,0.01,56,71512,买盘
13:25:12,12.76,-0.01,12,15323,卖盘
13:25:15,12.79,0.03,553,706635,买盘
13:25:18,12.85,0.06,1422,1823753,买盘
13:25:21,12.87,0.02,670,861455,买盘
13:25:24,12.87,0.0,150,192914,买盘
13:25:27,12.85,-0.02,41,52737,卖盘
13:25:30,12.88,0.03,534,687779,买盘
13:25:33,12.9,0.02,658,848230,买盘
13:25:36,12.89,-0.01,40,51575,卖盘
13:25:39,12.89,0.0,141,181831,卖盘
13:25:42,12.89,0.0,175,225700,卖盘
13:25:45,12.89,0.0,11,14184,卖盘
13:25:48,12.9,0.01,7,9026,买盘
13:25:51,12.9,0.0,38,48993,买盘
13:25:54,12.89,-0.01,99,127639,卖盘
13:25:57,12.9,0.01,2,2580,买盘
13:26:00,12.89,-0.01,25,32226,卖盘
13:26:03,12.88,-0.01,21,27049,卖盘
13:26:06,12.89,0.01,14,18046,买盘
13:26:09,12.88,-0.01,26,33482,卖盘
13:26:12,12.89,0.01,255,328695,买盘
13:26:15,12.88,-0.01,75,96620,卖盘
13:26:18,12.88,0.0,5,6440,买盘
13:26:21,12.89,0.01,4,5156,买盘
13:26:27,12.89,0.0,79,101759,买盘
13:26:30,12.89,0.0,36,46404,买盘
13:26:33,12.89,0.0,34,43824,买盘
13:26:36,12.87,-0.02,43,55347,卖盘
13:26:39,12.88,0.01,18,23179,买盘
13:26:42,12.88,0.0,36,46339,买盘
13:26:45,12.87,-0.01,41,52780,卖盘
13:26:48,12.87,0.0,12,15444,买盘
13:26:51,12.86,-0.01,10,12867,卖盘
13:26:54,12.87,0.01,132,169862,买盘
13:26:57,12.86,-0.01,45,57877,卖盘
13:27:00,12.87,0.01,28,36025,买盘
13:27:03,12.85,-0.02,26,33413,卖盘
13:27:06,12.85,0.0,15,19275,卖盘
13:27:12,12.86,0.01,20,25709,买盘
13:27:15,12.85,-0.01,10,12849,中性盘
13:27:24,12.85,0.0,36,46240,买盘
13:27:27,12.85,0.0,16,20550,买盘
13:27:30,12.85,0.0,32,41120,买盘
13:27:33,12.85,0.0,77,98945,卖盘
13:27:36,12.85,0.0,97,124645,卖盘
13:27:39,12.86,0.01,257,330680,买盘
13:27:42,12.85,-0.01,39,50135,卖盘
13:27:45,12.85,0.0,43,55255,卖盘
13:27:48,12.87,0.02,11,14157,买盘
13:27:54,12.86,-0.01,1,1286,卖盘
13:27:57,12.85,-0.01,5,6429,卖盘
13:28:00,12.87,0.02,200,257218,买盘
13:28:03,12.86,-0.01,69,88798,中性盘
13:28:06,12.87,0.01,285,366795,买盘
13:28:09,12.87,0.0,31,39877,中性盘
13:28:12,12.87,0.0,34,43735,买盘
13:28:15,12.89,0.02,353,454834,买盘
13:28:18,12.9,0.01,1716,2213491,买盘
13:28:21,12.89,-0.01,447,576559,卖盘
13:28:24,12.91,0.02,1665,2150789,买盘
13:28:27,12.99,0.08,1388,1801106,买盘
13:28:30,12.99,0.0,379,492291,买盘
13:28:33,12.99,0.0,4,5196,买盘
13:28:36,12.99,0.0,54,70146,买盘
13:28:39,13.0,0.01,168,218319,买盘
13:28:42,12.99,-0.01,64,83153,卖盘
13:28:45,13.0,0.01,435,565409,买盘
13:28:48,13.0,0.0,351,456296,买盘
13:28:51,12.99,-0.01,380,493884,卖盘
13:28:54,12.99,0.0,145,188481,卖盘
13:28:57,13.0,0.01,143,185897,买盘
13:29:00,13.0,0.0,158,205386,买盘
13:29:03,12.99,-0.01,392,509312,卖盘
13:29:06,13.0,0.01,244,317126,买盘
13:29:09,12.99,-0.01,67,87018,卖盘
13:29:12,12.99,0.0,97,126003,买盘
13:29:15,12.98,-0.01,66,85725,中性盘
13:29:18,12.99,0.01,29,37651,买盘
13:29:21,12.96,-0.03,16,20751,卖盘
13:29:24,12.96,0.0,33,42774,卖盘
13:29:27,12.96,0.0,48,62226,卖盘
13:29:30,12.95,-0.01,30,38893,卖盘
13:29:33,12.95,0.0,11,14245,卖盘
13:29:36,12.95,0.0,1,1295,买盘
13:29:39,12.95,0.0,1,1295,买盘
13:29:42,12.92,-0.03,12,15504,卖盘
13:29:45,12.92,0.0,7,9044,卖盘
13:29:48,12.91,-0.01,79,102045,卖盘
13:29:51,12.91,0.0,15,19365,买盘
13:29:54,12.9,-0.01,1,1290,卖盘
13:29:57,12.9,0.0,8,10320,卖盘
13:30:00,12.9,0.0,8,10321,卖盘
13:30:03,12.9,0.0,34,43863,卖盘
13:30:06,12.9,0.0,11,14196,卖盘
13:30:09,12.9,0.0,38,49020,卖盘
13:30:12,12.91,0.01,9,11619,买盘
13:30:15,12.9,-0.01,55,70956,卖盘
13:30:18,12.9,0.0,93,119970,卖盘
13:30:21,12.91,0.01,72,92929,买盘
13:30:24,12.91,0.0,66,85170,买盘
13:30:27,12.91,0.0,49,63211,买盘
13:30:30,12.9,-0.01,17,21930,卖盘
13:30:33,12.91,0.01,20,25819,买盘
13:30:36,12.92,0.01,322,415704,买盘
13:30:39,12.95,0.03,9,11635,买盘
13:30:42,12.95,0.0,4,5180,买盘
13:30:45,12.95,0.0,32,41356,买盘
13:30:48,12.95,0.0,20,25879,买盘
13:30:51,12.92,-0.03,306,396091,卖盘
13:30:54,12.92,0.0,20,25840,买盘
13:30:57,12.92,0.0,55,71060,买盘
13:31:00,12.92,0.0,25,32285,买盘
13:31:03,12.95,0.03,309,399960,买盘
13:31:06,12.92,-0.03,40,51791,卖盘
13:31:12,12.94,0.02,7,9058,卖盘
13:31:15,12.95,0.01,30,38850,买盘
13:31:18,12.94,-0.01,26,33647,卖盘
13:31:21,12.95,0.01,75,97149,买盘
13:31:24,12.95,0.0,23,29785,卖盘
13:31:27,12.95,0.0,40,51800,卖盘
13:31:30,12.95,0.0,19,24594,买盘
13:31:33,12.95,0.0,30,38850,买盘
13:31:39,12.94,-0.01,12,15528,卖盘
13:31:42,12.95,0.01,22,28478,买盘
13:31:48,12.94,-0.01,1,1294,买盘
13:31:51,12.95,0.01,5,6475,买盘
13:31:54,12.95,0.0,44,56980,买盘
13:31:57,12.94,-0.01,105,135907,卖盘
13:32:00,12.95,0.01,125,161875,买盘
13:32:03,12.94,-0.01,20,25885,卖盘
13:32:06,12.95,0.01,89,115181,买盘
13:32:09,12.91,-0.04,435,561828,卖盘
13:32:12,12.9,-0.01,158,203840,卖盘
13:32:15,12.9,0.0,12,15488,卖盘
13:32:18,12.9,0.0,2,2580,卖盘
13:32:21,12.9,0.0,260,336024,卖盘
13:32:24,12.9,0.0,5,6450,卖盘
13:32:27,12.9,0.0,130,167708,卖盘
13:32:30,12.9,0.0,4,5160,卖盘
13:32:33,12.92,0.02,16,20644,买盘
13:32:36,12.92,0.0,22,28412,买盘
13:32:39,12.9,-0.02,15,19350,卖盘
13:32:42,12.91,0.01,3,3873,中性盘
13:32:45,12.91,0.0,68,87826,卖盘
13:32:48,12.9,-0.01,11,14200,卖盘
13:32:51,12.93,0.03,101,130493,买盘
13:32:54,12.92,-0.01,21,27127,买盘
13:32:57,12.9,-0.02,55,71061,卖盘
13:33:00,12.92,0.02,9,11628,中性盘
13:33:03,12.9,-0.02,15,19354,卖盘
13:33:06,12.9,0.0,59,76188,卖盘
13:33:09,12.91,0.01,2,2582,中性盘
13:33:12,12.9,-0.01,13,16772,卖盘
13:33:15,12.9,0.0,83,107070,卖盘
13:33:18,12.92,0.02,102,131705,买盘
13:33:21,12.9,-0.02,35,45170,卖盘
13:33:24,12.9,0.0,13,16770,卖盘
13:33:33,12.9,0.0,8,10320,买盘
13:33:36,12.9,0.0,12,15475,买盘
13:33:39,12.89,-0.01,158,203653,卖盘
13:33:42,12.89,0.0,6,7734,买盘
13:33:45,12.9,0.01,30,38690,买盘
13:33:51,12.9,0.0,10,12900,买盘
13:33:54,12.87,-0.03,10,12880,卖盘
13:33:57,12.89,0.02,5,6445,卖盘
13:34:00,12.9,0.01,1,1290,买盘
13:34:06,12.89,-0.01,15,19335,卖盘
13:34:09,12.89,0.0,21,27084,卖盘
13:34:12,12.9,0.01,22,28370,买盘
13:34:15,12.9,0.0,61,78690,买盘
13:34:18,12.89,-0.01,4,5156,中性盘
13:34:24,12.88,-0.01,25,32201,卖盘
13:34:27,12.88,0.0,14,18032,买盘
13:34:30,12.88,0.0,1,1288,买盘
13:34:33,12.88,0.0,73,94024,买盘
13:34:36,12.87,-0.01,11,14157,卖盘
13:34:39,12.85,-0.02,98,126025,卖盘
13:34:42,12.85,0.0,5,6425,卖盘
13:34:45,12.85,0.0,24,30852,卖盘
13:34:48,12.85,0.0,2,2570,卖盘
13:34:54,12.85,0.0,55,70753,卖盘
13:34:57,12.86,0.01,14,17994,中性盘
13:35:00,12.85,-0.01,75,96375,买盘
13:35:03,12.8,-0.05,221,283046,卖盘
13:35:06,12.89,0.09,203,261000,买盘
13:35:09,12.91,0.02,383,493975,买盘
13:35:12,12.91,0.0,84,108362,买盘
13:35:15,12.92,0.01,130,167920,买盘
13:35:18,12.92,0.0,60,77518,买盘
13:35:21,12.91,-0.01,67,86562,卖盘
13:35:24,12.92,0.01,61,78812,买盘
13:35:27,12.92,0.0,4,5168,卖盘
13:35:30,12.91,-0.01,90,116236,卖盘
13:35:33,12.91,0.0,65,83915,买盘
13:35:36,12.91,0.0,24,30984,买盘
13:35:39,12.91,0.0,14,18064,买盘
13:35:42,12.91,0.0,229,295639,买盘
13:35:45,12.92,0.01,267,345151,买盘
13:35:48,12.94,0.02,18,23277,买盘
13:35:54,12.92,-0.02,41,52972,买盘
13:35:57,12.91,-0.01,25,32275,卖盘
13:36:03,12.94,0.03,5,6470,买盘
13:36:06,12.97,0.03,569,736804,买盘
13:36:09,12.98,0.01,673,873045,买盘
13:36:12,13.0,0.02,3247,4223635,买盘
13:36:15,13.08,0.08,17345,22682748,买盘
13:36:18,13.08,0.0,221,289068,卖盘
13:36:21,13.08,0.0,285,372780,卖盘
13:36:24,13.08,0.0,683,893364,卖盘
13:36:27,13.08,0.0,278,363624,卖盘
13:36:30,13.08,0.0,426,557208,卖盘
13:36:33,13.08,0.0,1165,1523820,卖盘
13:36:36,13.08,0.0,233,304764,卖盘
13:36:39,13.08,0.0,183,239364,卖盘
13:36:42,13.08,0.0,132,172656,卖盘
13:36:45,13.08,0.0,138,181001,卖盘
13:36:48,13.08,0.0,133,173964,卖盘
13:36:51,13.08,0.0,184,240672,卖盘
13:36:54,13.08,0.0,104,136032,卖盘
13:36:57,13.08,0.0,722,944376,卖盘
13:37:00,13.08,0.0,74,96792,卖盘
13:37:03,13.08,0.0,137,179196,卖盘
13:37:06,13.08,0.0,654,855432,卖盘
13:37:09,13.08,0.0,143,187044,卖盘
13:37:12,13.08,0.0,83,108564,卖盘
13:37:15,13.08,0.0,38,49704,卖盘
13:37:18,13.08,0.0,137,179196,卖盘
13:37:21,13.08,0.0,542,708936,卖盘
13:37:24,13.08,0.0,61,79788,卖盘
13:37:27,13.08,0.0,70,91560,卖盘
13:37:30,13.08,0.0,58,75864,卖盘
13:37:33,13.08,0.0,30,39240,卖盘
13:37:36,13.08,0.0,116,151728,卖盘
13:37:39,13.08,0.0,1214,1587912,卖盘
13:37:42,13.08,0.0,101,132108,卖盘
13:37:45,13.08,0.0,32,41856,卖盘
13:37:48,13.08,0.0,33,43164,卖盘
13:37:51,13.08,0.0,99,129492,卖盘
13:37:54,13.08,0.0,136,177888,卖盘
13:37:57,13.08,0.0,9,11772,卖盘
13:38:00,13.08,0.0,41,53628,卖盘
13:38:03,13.08,0.0,586,766488,卖盘
13:38:06,13.08,0.0,88,115104,卖盘
13:38:09,13.08,0.0,408,533664,卖盘
13:38:12,13.08,0.0,51,66708,卖盘
13:38:15,13.08,0.0,41,53628,卖盘
13:38:18,13.08,0.0,766,1001928,卖盘
13:38:21,13.08,0.0,148,193584,卖盘
13:38:24,13.08,0.0,64,83712,卖盘
13:38:27,13.08,0.0,133,173964,卖盘
13:38:30,13.08,0.0,88,115104,卖盘
13:38:33,13.08,0.0,63,82404,卖盘
13:38:36,13.08,0.0,14,18312,卖盘
13:38:39,13.08,0.0,65,85020,卖盘
13:38:42,13.08,0.0,542,708936,卖盘
13:38:45,13.08,0.0,41,53628,卖盘
13:38:48,13.08,0.0,90,117720,卖盘
13:38:51,13.08,0.0,139,181812,卖盘
13:38:54,13.08,0.0,76,99408,卖盘
13:38:57,13.08,0.0,64,83712,卖盘
13:39:00,13.08,0.0,16,20928,卖盘
13:39:03,13.08,0.0,63,82404,卖盘
13:39:06,13.08,0.0,19,24852,卖盘
13:39:09,13.08,0.0,7,9156,卖盘
13:39:12,13.08,0.0,68,88944,卖盘
13:39:15,13.08,0.0,12,15696,卖盘
13:39:18,13.08,0.0,27,35316,卖盘
13:39:21,13.08,0.0,120,156960,卖盘
13:39:24,13.08,0.0,27,35316,卖盘
13:39:27,13.08,0.0,118,154344,卖盘
13:39:30,13.08,0.0,141,184428,卖盘
13:39:36,13.08,0.0,13,17004,卖盘
13:39:39,13.08,0.0,20,26160,卖盘
13:39:42,13.08,0.0,15,19620,卖盘
13:39:45,13.08,0.0,17,22236,卖盘
13:39:48,13.08,0.0,10,13080,卖盘
13:39:51,13.08,0.0,29,37932,卖盘
13:39:54,13.08,0.0,23,30084,卖盘
13:39:57,13.08,0.0,12,15696,卖盘
13:40:03,13.08,0.0,103,134724,卖盘
13:40:06,13.08,0.0,10,13080,卖盘
13:40:09,13.08,0.0,13,17004,卖盘
13:40:12,13.08,0.0,10,13080,卖盘
13:40:18,13.08,0.0,757,990156,卖盘
13:40:21,13.08,0.0,10,13080,卖盘
13:40:24,13.08,0.0,1,1308,卖盘
13:40:27,13.08,0.0,43,56244,卖盘
13:40:30,13.08,0.0,25,32700,卖盘
13:40:33,13.08,0.0,51,66708,卖盘
13:40:36,13.08,0.0,2,2616,卖盘
13:40:39,13.08,0.0,2,2616,卖盘
13:40:42,13.08,0.0,78,102024,卖盘
13:40:54,13.08,0.0,35,45780,卖盘
13:40:57,13.08,0.0,449,587292,卖盘
13:41:00,13.08,0.0,1002,1310616,卖盘
13:41:03,13.08,0.0,88,115104,卖盘
13:41:06,13.08,0.0,25,32700,卖盘
13:41:09,13.08,0.0,5,6540,卖盘
13:41:12,13.08,0.0,294,384552,卖盘
13:41:15,13.08,0.0,16,20928,卖盘
13:41:18,13.08,0.0,834,1090872,卖盘
13:41:21,13.08,0.0,38,49704,卖盘
13:41:24,13.08,0.0,512,669696,卖盘
13:41:27,13.08,0.0,625,817500,卖盘
13:41:30,13.08,0.0,708,926064,卖盘
13:41:33,13.08,0.0,667,872436,卖盘
13:41:36,13.08,0.0,8035,10509780,卖盘
13:41:39,13.08,0.0,1230,1608840,卖盘
13:41:42,13.08,0.0,2294,3000552,卖盘
13:41:45,13.08,0.0,129,168726,买盘
13:41:48,13.07,-0.01,32,41824,卖盘
13:41:51,13.07,0.0,33,43073,买盘
13:41:54,13.05,-0.02,30,39144,中性盘
13:41:57,13.03,-0.02,28,36507,卖盘
13:42:00,13.03,0.0,290,377980,卖盘
13:42:03,13.08,0.05,2660,3477241,买盘
13:42:06,13.08,0.0,175,228900,卖盘
13:42:09,13.08,0.0,340,444720,卖盘
13:42:12,13.08,0.0,51,66708,卖盘
13:42:15,13.08,0.0,41,53628,卖盘
13:42:18,13.08,0.0,87,113796,卖盘
13:42:21,13.08,0.0,196,256368,卖盘
13:42:24,13.08,0.0,79,103332,卖盘
13:42:27,13.08,0.0,230,300840,卖盘
13:42:30,13.08,0.0,320,418560,卖盘
13:42:33,13.08,0.0,145,189660,卖盘
13:42:36,13.08,0.0,43,56244,卖盘
13:42:39,13.08,0.0,139,181812,卖盘
13:42:42,13.08,0.0,91,119028,卖盘
13:42:45,13.08,0.0,18,23544,卖盘
13:42:48,13.08,0.0,4,5232,卖盘
13:42:51,13.08,0.0,252,329616,卖盘
13:42:54,13.08,0.0,47,61476,卖盘
13:42:57,13.08,0.0,6,7848,卖盘
13:43:00,13.08,0.0,59,77172,卖盘
13:43:03,13.08,0.0,30,39240,卖盘
13:43:06,13.08,0.0,13,17004,卖盘
13:43:09,13.08,0.0,158,206664,卖盘
13:43:12,13.08,0.0,13,17004,卖盘
13:43:15,13.08,0.0,10,13080,卖盘
13:43:18,13.08,0.0,10,13080,卖盘
13:43:21,13.08,0.0,4,5232,卖盘
13:43:24,13.08,0.0,7,9156,卖盘
13:43:27,13.08,0.0,13,17004,卖盘
13:43:30,13.08,0.0,27,35316,卖盘
13:43:33,13.08,0.0,28,36624,卖盘
13:43:36,13.08,0.0,50,65400,卖盘
13:43:42,13.08,0.0,63,82404,卖盘
13:43:45,13.08,0.0,55,71940,卖盘
13:43:48,13.08,0.0,73,95484,卖盘
13:43:51,13.08,0.0,60,78480,卖盘
13:43:54,13.08,0.0,35,45780,卖盘
13:43:57,13.08,0.0,2,2616,卖盘
13:44:00,13.08,0.0,56,73248,卖盘
13:44:03,13.08,0.0,60,78480,卖盘
13:44:06,13.08,0.0,60,78480,卖盘
13:44:09,13.08,0.0,10,13080,卖盘
13:44:12,13.08,0.0,25,32700,卖盘
13:44:15,13.08,0.0,16,20928,卖盘
13:44:18,13.08,0.0,3,3924,卖盘
13:44:21,13.08,0.0,5,6540,卖盘
13:44:24,13.08,0.0,6,7848,卖盘
13:44:27,13.08,0.0,33,43164,卖盘
13:44:30,13.08,0.0,17,22236,卖盘
13:44:33,13.08,0.0,5,6540,卖盘
13:44:36,13.08,0.0,50,65400,卖盘
13:44:42,13.08,0.0,25,32700,卖盘
13:44:45,13.08,0.0,40,52320,卖盘
13:44:48,13.08,0.0,25,32700,卖盘
13:44:51,13.08,0.0,10,13080,卖盘
13:44:54,13.08,0.0,30,39240,卖盘
13:44:57,13.08,0.0,128,167424,卖盘
13:45:00,13.08,0.0,23,30084,卖盘
13:45:09,13.08,0.0,24,31392,卖盘
13:45:12,13.08,0.0,3,3924,卖盘
13:45:18,13.08,0.0,21,27468,卖盘
13:45:21,13.08,0.0,14,18312,卖盘
13:45:24,13.08,0.0,36,47088,卖盘
13:45:27,13.08,0.0,51,66708,卖盘
13:45:30,13.08,0.0,1,1308,卖盘
13:45:33,13.08,0.0,1,1308,卖盘
13:45:39,13.08,0.0,20,26160,卖盘
13:45:42,13.08,0.0,25,32700,卖盘
13:45:45,13.08,0.0,1,1308,卖盘
13:45:48,13.08,0.0,318,415944,卖盘
13:45:57,13.08,0.0,17,22236,卖盘
13:46:00,13.08,0.0,31,40548,卖盘
13:46:03,13.08,0.0,75,98100,卖盘
13:46:06,13.08,0.0,50,65400,卖盘
13:46:12,13.08,0.0,501,655308,卖盘
13:46:15,13.08,0.0,155,202740,卖盘
13:46:24,13.08,0.0,26,34008,卖盘
13:46:27,13.08,0.0,4,5232,卖盘
13:46:30,13.08,0.0,3,3924,卖盘
13:46:33,13.08,0.0,26,34008,卖盘
13:46:36,13.08,0.0,523,684084,卖盘
13:46:39,13.08,0.0,11,14388,卖盘
13:46:42,13.08,0.0,21,27468,卖盘
13:46:45,13.08,0.0,1,1308,卖盘
13:46:48,13.08,0.0,21,27468,卖盘
13:46:51,13.08,0.0,3,3924,卖盘
13:46:54,13.08,0.0,89,116412,卖盘
13:47:00,13.08,0.0,2,2616,卖盘
13:47:06,13.08,0.0,15,19620,卖盘
13:47:09,13.08,0.0,3,3924,卖盘
13:47:12,13.08,0.0,9,11668,卖盘
13:47:15,13.08,0.0,60,78480,卖盘
13:47:24,13.08,0.0,510,667080,卖盘
13:47:27,13.08,0.0,230,300840,卖盘
13:47:33,13.08,0.0,80,104640,卖盘
13:47:36,13.08,0.0,6,7848,卖盘
13:47:39,13.08,0.0,580,758640,卖盘
13:47:42,13.08,0.0,6,7848,卖盘
13:47:45,13.08,0.0,2,2616,卖盘
13:47:51,13.08,0.0,2,2616,卖盘
13:47:57,13.08,0.0,2,2616,卖盘
13:48:00,13.08,0.0,70,91560,卖盘
13:48:06,13.08,0.0,2,2616,卖盘
13:48:09,13.08,0.0,27,35316,卖盘
13:48:12,13.08,0.0,48,62784,卖盘
13:48:18,13.08,0.0,479,626532,卖盘
13:48:21,13.08,0.0,4,5232,卖盘
13:48:30,13.08,0.0,2,2616,卖盘
13:48:33,13.08,0.0,104,136032,卖盘
13:48:36,13.08,0.0,2,2616,卖盘
13:48:39,13.08,0.0,10,13080,卖盘
13:48:42,13.08,0.0,31,40548,卖盘
13:48:45,13.08,0.0,5,6540,卖盘
13:48:48,13.08,0.0,9,11772,卖盘
13:48:51,13.08,0.0,16,20928,卖盘
13:48:54,13.08,0.0,3,3924,卖盘
13:49:00,13.08,0.0,6,7848,卖盘
13:49:03,13.08,0.0,14,18312,卖盘
13:49:09,13.08,0.0,5,6540,卖盘
13:49:12,13.08,0.0,5,6540,卖盘
13:49:15,13.08,0.0,3,3924,卖盘
13:49:18,13.08,0.0,13,17004,卖盘
13:49:21,13.08,0.0,10,13080,卖盘
13:49:24,13.08,0.0,1,1308,卖盘
13:49:27,13.08,0.0,28,36624,卖盘
13:49:30,13.08,0.0,10,13080,卖盘
13:49:33,13.08,0.0,20,26160,卖盘
13:49:39,13.08,0.0,11,14388,卖盘
13:49:45,13.08,0.0,29,37932,卖盘
13:49:51,13.08,0.0,28,36624,卖盘
13:50:06,13.08,0.0,10,13080,卖盘
13:50:09,13.08,0.0,22,28776,卖盘
13:50:21,13.08,0.0,236,308688,卖盘
13:50:30,13.08,0.0,19,24852,卖盘
13:50:42,13.08,0.0,100,130800,卖盘
13:50:45,13.08,0.0,14,18312,卖盘
13:50:48,13.08,0.0,10,13080,卖盘
13:50:57,13.08,0.0,28,36624,卖盘
13:51:00,13.08,0.0,10,13080,卖盘
13:51:03,13.08,0.0,25,32700,卖盘
13:51:06,13.08,0.0,11,14388,卖盘
13:51:09,13.08,0.0,30,39240,卖盘
13:51:12,13.08,0.0,12,15696,卖盘
13:51:15,13.08,0.0,15,19620,卖盘
13:51:18,13.08,0.0,1,1308,卖盘
13:51:21,13.08,0.0,2,2616,卖盘
13:51:30,13.08,0.0,6,7848,卖盘
13:51:39,13.08,0.0,35,45780,卖盘
13:51:48,13.08,0.0,4,5232,卖盘
13:51:51,13.08,0.0,34,44472,卖盘
13:51:54,13.08,0.0,30,39240,卖盘
13:51:57,13.08,0.0,23,30084,卖盘
13:52:03,13.08,0.0,4,5232,卖盘
13:52:09,13.08,0.0,15,19620,卖盘
13:52:12,13.08,0.0,2,2616,卖盘
13:52:15,13.08,0.0,42,54936,卖盘
13:52:18,13.08,0.0,71,92868,卖盘
13:52:24,13.08,0.0,21,27468,卖盘
13:52:27,13.08,0.0,21,27468,卖盘
13:52:30,13.08,0.0,15,19620,卖盘
13:52:36,13.08,0.0,16,20928,卖盘
13:52:39,13.08,0.0,26,34008,卖盘
13:52:48,13.08,0.0,1,1308,卖盘
13:53:03,13.08,0.0,5,6540,卖盘
13:53:12,13.08,0.0,14,18312,卖盘
13:53:15,13.08,0.0,50,65400,卖盘
13:53:18,13.08,0.0,30,39240,卖盘
13:53:21,13.08,0.0,10,13080,卖盘
13:53:27,13.08,0.0,6,7848,卖盘
13:53:30,13.08,0.0,3,3924,卖盘
13:53:33,13.08,0.0,5,6540,卖盘
13:53:42,13.08,0.0,30,39240,卖盘
13:53:48,13.08,0.0,60,78480,卖盘
13:53:57,13.08,0.0,1,1308,卖盘
13:54:03,13.08,0.0,7,9156,卖盘
13:54:09,13.08,0.0,6,7848,卖盘
13:54:12,13.08,0.0,42,54936,卖盘
13:54:15,13.08,0.0,20,26160,卖盘
13:54:21,13.08,0.0,12,15696,卖盘
13:54:24,13.08,0.0,16,20928,卖盘
13:54:27,13.08,0.0,58,75864,卖盘
13:54:30,13.08,0.0,2,2616,卖盘
13:54:33,13.08,0.0,12,15696,卖盘
13:54:36,13.08,0.0,65,85020,卖盘
13:54:42,13.08,0.0,106,138648,卖盘
13:54:51,13.08,0.0,1,1308,卖盘
13:54:54,13.08,0.0,155,202740,卖盘
13:54:57,13.08,0.0,9,11772,卖盘
13:55:00,13.08,0.0,12,15696,卖盘
13:55:06,13.08,0.0,3,3924,卖盘
13:55:09,13.08,0.0,1,1308,卖盘
13:55:24,13.08,0.0,8,10464,卖盘
13:55:45,13.08,0.0,15,19620,卖盘
13:55:48,13.08,0.0,112,146496,卖盘
13:56:12,13.08,0.0,20,26160,卖盘
13:56:18,13.08,0.0,4,5232,卖盘
13:56:33,13.08,0.0,36,47088,卖盘
13:56:36,13.08,0.0,1,1308,卖盘
13:56:39,13.08,0.0,20,26160,卖盘
13:56:42,13.08,0.0,28,36624,卖盘
13:56:48,13.08,0.0,1,1308,卖盘
13:56:57,13.08,0.0,24,31392,卖盘
13:57:09,13.08,0.0,7,9156,卖盘
13:57:15,13.08,0.0,8,10464,卖盘
13:57:18,13.08,0.0,5,6540,卖盘
13:57:21,13.08,0.0,11,14388,卖盘
13:57:24,13.08,0.0,6,7848,卖盘
13:57:33,13.08,0.0,14,18312,卖盘
13:57:48,13.08,0.0,101,132108,卖盘
13:57:51,13.08,0.0,1,1308,卖盘
13:58:03,13.08,0.0,25,32700,卖盘
13:58:06,13.08,0.0,6,7848,卖盘
13:58:18,13.08,0.0,20,26160,卖盘
13:58:33,13.08,0.0,1,1308,卖盘
13:58:39,13.08,0.0,80,104640,卖盘
13:58:42,13.08,0.0,13,17004,卖盘
13:58:45,13.08,0.0,5,6540,卖盘
13:58:51,13.08,0.0,8,10464,卖盘
13:59:00,13.08,0.0,100,130800,卖盘
13:59:03,13.08,0.0,57,74556,卖盘
13:59:12,13.08,0.0,2,2616,卖盘
13:59:24,13.08,0.0,2,2616,卖盘
13:59:30,13.08,0.0,2,2616,卖盘
13:59:33,13.08,0.0,1,1308,卖盘
13:59:36,13.08,0.0,10,13080,卖盘
13:59:39,13.08,0.0,30,39240,卖盘
13:59:51,13.08,0.0,26,34008,卖盘
14:00:00,13.08,0.0,13,17004,卖盘
14:00:03,13.08,0.0,40,52320,卖盘
14:00:06,13.08,0.0,1,1308,卖盘
14:00:18,13.08,0.0,11,14388,卖盘
14:00:24,13.08,0.0,24,31392,卖盘
14:00:42,13.08,0.0,7,9156,卖盘
14:00:51,13.08,0.0,26,34008,卖盘
14:01:03,13.08,0.0,200,261600,卖盘
14:01:21,13.08,0.0,20,26160,卖盘
14:01:27,13.08,0.0,3,3924,卖盘
14:01:42,13.08,0.0,23,30084,卖盘
14:01:45,13.08,0.0,10,13080,卖盘
14:01:48,13.08,0.0,10,13080,卖盘
14:01:51,13.08,0.0,21,27468,卖盘
14:01:54,13.08,0.0,19,24852,卖盘
14:01:57,13.08,0.0,8,10464,卖盘
14:02:00,13.08,0.0,10,13080,卖盘
14:02:06,13.08,0.0,5,6540,卖盘
14:02:09,13.08,0.0,5,6540,卖盘
14:02:12,13.08,0.0,2,2616,卖盘
14:02:18,13.08,0.0,5,6540,卖盘
14:02:24,13.08,0.0,6,7848,卖盘
14:02:27,13.08,0.0,20,26160,卖盘
14:02:30,13.08,0.0,4,5232,卖盘
14:02:36,13.08,0.0,4,5232,卖盘
14:02:39,13.08,0.0,7,9156,卖盘
14:02:42,13.08,0.0,1,1308,卖盘
14:02:45,13.08,0.0,5,6540,卖盘
14:02:48,13.08,0.0,1,1308,卖盘
14:02:51,13.08,0.0,1,1308,卖盘
14:02:54,13.08,0.0,7,9156,卖盘
14:03:03,13.08,0.0,8,10464,卖盘
14:03:06,13.08,0.0,3,3924,卖盘
14:03:09,13.08,0.0,6,7848,卖盘
14:03:15,13.08,0.0,50,65400,卖盘
14:03:21,13.08,0.0,100,130800,卖盘
14:03:30,13.08,0.0,1,1308,卖盘
14:03:39,13.08,0.0,30,39240,卖盘
14:03:57,13.08,0.0,7,9156,卖盘
14:04:12,13.08,0.0,7,9156,卖盘
14:04:18,13.08,0.0,80,104640,卖盘
14:04:24,13.08,0.0,16,20928,卖盘
14:04:36,13.08,0.0,5,6540,卖盘
14:04:42,13.08,0.0,2,2616,卖盘
14:04:45,13.08,0.0,1,1308,卖盘
14:05:18,13.08,0.0,20,26160,卖盘
14:05:21,13.08,0.0,30,39240,卖盘
14:05:30,13.08,0.0,1,1308,卖盘
14:05:39,13.08,0.0,41,53628,卖盘
14:05:42,13.08,0.0,41,53628,卖盘
14:05:48,13.08,0.0,2,2616,卖盘
14:05:51,13.08,0.0,1,1308,卖盘
14:06:12,13.08,0.0,2,2616,卖盘
14:06:15,13.08,0.0,4,5232,卖盘
14:06:24,13.08,0.0,39,51012,卖盘
14:06:30,13.08,0.0,8,10464,卖盘
14:06:33,13.08,0.0,14,18312,卖盘
14:06:36,13.08,0.0,10,13080,卖盘
14:06:39,13.08,0.0,41,53628,卖盘
14:06:48,13.08,0.0,26,34008,卖盘
14:06:57,13.08,0.0,6,7848,卖盘
14:07:09,13.08,0.0,27,35316,卖盘
14:07:15,13.08,0.0,1,1308,卖盘
14:07:21,13.08,0.0,3,3924,卖盘
14:07:27,13.08,0.0,5,6540,卖盘
14:07:30,13.08,0.0,2,2616,卖盘
14:07:36,13.08,0.0,10,13080,卖盘
14:08:06,13.08,0.0,1,1308,卖盘
14:08:18,13.08,0.0,1,1308,卖盘
14:08:30,13.08,0.0,10,13080,卖盘
14:08:54,13.08,0.0,1,1308,卖盘
14:09:12,13.08,0.0,3,3924,卖盘
14:09:15,13.08,0.0,195,255060,卖盘
14:09:24,13.08,0.0,5,6540,卖盘
14:09:45,13.08,0.0,1,1308,卖盘
14:10:06,13.08,0.0,2,2616,卖盘
14:10:12,13.08,0.0,1,1308,卖盘
14:10:39,13.08,0.0,5,6540,卖盘
14:10:45,13.08,0.0,2,2616,卖盘
14:10:51,13.08,0.0,1,1308,卖盘
14:10:54,13.08,0.0,50,65400,卖盘
14:11:03,13.08,0.0,2,2616,卖盘
14:11:09,13.08,0.0,6,7848,卖盘
14:11:27,13.08,0.0,20,26160,卖盘
14:11:36,13.08,0.0,7,9156,卖盘
14:11:42,13.08,0.0,50,65400,卖盘
14:11:48,13.08,0.0,4,5232,卖盘
14:11:54,13.08,0.0,50,65400,卖盘
14:12:30,13.08,0.0,114,149112,卖盘
14:12:39,13.08,0.0,50,65400,卖盘
14:12:42,13.08,0.0,4,5232,卖盘
14:13:12,13.08,0.0,87,113796,卖盘
14:13:21,13.08,0.0,120,156960,卖盘
14:13:33,13.08,0.0,86,112488,卖盘
14:13:42,13.08,0.0,7,9156,卖盘
14:13:48,13.08,0.0,146,190968,卖盘
14:14:00,13.08,0.0,10,13080,卖盘
14:14:06,13.08,0.0,10,13080,卖盘
14:14:18,13.08,0.0,10,13080,卖盘
14:14:27,13.08,0.0,15,19620,卖盘
14:14:33,13.08,0.0,14,18312,卖盘
14:14:42,13.08,0.0,20,26160,卖盘
14:14:51,13.08,0.0,16,20928,卖盘
14:14:54,13.08,0.0,10,13080,卖盘
14:14:57,13.08,0.0,1,1308,卖盘
14:15:30,13.08,0.0,30,39240,卖盘
14:15:42,13.08,0.0,11,14388,卖盘
14:15:48,13.08,0.0,10,13080,卖盘
14:15:54,13.08,0.0,9,11772,卖盘
14:15:57,13.08,0.0,30,39240,卖盘
14:16:03,13.08,0.0,1,1308,卖盘
14:16:06,13.08,0.0,1,1308,卖盘
14:16:21,13.08,0.0,5,6540,卖盘
14:16:39,13.08,0.0,5,6540,卖盘
14:16:42,13.08,0.0,5,6540,卖盘
14:16:57,13.08,0.0,1,1308,卖盘
14:17:42,13.08,0.0,5,6540,卖盘
14:17:45,13.08,0.0,4,5232,卖盘
14:17:57,13.08,0.0,18,23544,卖盘
14:18:00,13.08,0.0,1,1308,卖盘
14:18:03,13.08,0.0,12,15696,卖盘
14:18:09,13.08,0.0,5,6540,卖盘
14:18:15,13.08,0.0,3,3924,卖盘
14:18:21,13.08,0.0,34,44472,卖盘
14:18:30,13.08,0.0,1,1308,卖盘
14:18:33,13.08,0.0,5,6540,卖盘
14:18:48,13.08,0.0,10,13080,卖盘
14:18:54,13.08,0.0,20,26160,卖盘
14:19:00,13.08,0.0,1,1308,卖盘
14:19:12,13.08,0.0,1,1308,卖盘
14:19:15,13.08,0.0,8,10464,卖盘
14:19:18,13.08,0.0,159,207972,卖盘
14:19:30,13.08,0.0,18,23544,卖盘
14:19:33,13.08,0.0,9,11772,卖盘
14:19:42,13.08,0.0,11,14388,卖盘
14:19:48,13.08,0.0,5,6540,卖盘
14:20:12,13.08,0.0,15,19620,卖盘
14:20:27,13.08,0.0,5,6540,卖盘
14:20:30,13.08,0.0,520,680160,卖盘
14:20:39,13.08,0.0,6,7848,卖盘
14:20:45,13.08,0.0,9,11772,卖盘
14:20:51,13.08,0.0,4,5232,卖盘
14:20:54,13.08,0.0,1,1308,卖盘
14:20:57,13.08,0.0,2,2616,卖盘
14:21:00,13.08,0.0,350,457800,卖盘
14:21:03,13.08,0.0,10,13080,卖盘
14:21:15,13.08,0.0,6,7848,卖盘
14:21:24,13.08,0.0,3,3924,卖盘
14:21:27,13.08,0.0,3,3924,卖盘
14:21:30,13.08,0.0,2,2616,卖盘
14:21:33,13.08,0.0,14,18312,卖盘
14:21:39,13.08,0.0,1,1308,卖盘
14:21:42,13.08,0.0,2,2616,卖盘
14:21:48,13.08,0.0,11,14388,卖盘
14:21:51,13.08,0.0,10,13080,卖盘
14:21:54,13.08,0.0,2,2616,卖盘
14:22:03,13.08,0.0,3,3924,卖盘
14:22:06,13.08,0.0,30,39240,卖盘
14:22:09,13.08,0.0,10,13080,卖盘
14:22:12,13.08,0.0,45,58860,卖盘
14:22:21,13.08,0.0,10,13080,卖盘
14:22:27,13.08,0.0,10,13080,卖盘
14:22:33,13.08,0.0,6,7848,卖盘
14:22:54,13.08,0.0,10,13080,卖盘
14:23:09,13.08,0.0,6,7848,卖盘
14:23:15,13.08,0.0,2,2616,卖盘
14:23:27,13.08,0.0,5,6540,卖盘
14:23:30,13.08,0.0,30,39240,卖盘
14:23:33,13.08,0.0,1,1308,卖盘
14:23:36,13.08,0.0,1,1308,卖盘
14:23:42,13.08,0.0,5,6540,卖盘
14:24:18,13.08,0.0,2,2616,卖盘
14:24:30,13.08,0.0,30,39240,卖盘
14:24:33,13.08,0.0,10,13080,卖盘
14:24:39,13.08,0.0,2,2616,卖盘
14:24:57,13.08,0.0,3,3924,卖盘
14:25:03,13.08,0.0,10,13080,卖盘
14:25:21,13.08,0.0,39,51012,卖盘
14:25:27,13.08,0.0,7,9156,卖盘
14:25:39,13.08,0.0,29,37932,卖盘
14:25:48,13.08,0.0,4,5232,卖盘
14:26:00,13.08,0.0,2,2616,卖盘
14:26:06,13.08,0.0,1,1308,卖盘
14:26:09,13.08,0.0,1,1308,卖盘
14:26:33,13.08,0.0,3,3924,卖盘
14:26:45,13.08,0.0,60,78480,卖盘
14:26:54,13.08,0.0,85,111180,卖盘
14:27:00,13.08,0.0,1,1308,卖盘
14:27:12,13.08,0.0,1,1308,卖盘
14:27:30,13.08,0.0,5,6540,卖盘
14:27:45,13.08,0.0,7,9156,卖盘
14:27:54,13.08,0.0,2,2616,卖盘
14:28:03,13.08,0.0,1,1308,卖盘
14:28:30,13.08,0.0,60,78480,卖盘
14:28:39,13.08,0.0,8,10464,卖盘
14:28:42,13.08,0.0,100,130800,卖盘
14:29:15,13.08,0.0,138,180504,卖盘
14:29:30,13.08,0.0,1,1308,卖盘
14:29:57,13.08,0.0,1,1308,卖盘
14:30:03,13.08,0.0,10,13080,卖盘
14:30:06,13.08,0.0,3,3924,卖盘
14:30:09,13.08,0.0,3,3924,卖盘
14:30:24,13.08,0.0,1,1308,卖盘
14:30:33,13.08,0.0,10,13080,卖盘
14:31:09,13.08,0.0,6,7848,卖盘
14:31:36,13.08,0.0,1,1308,卖盘
14:31:39,13.08,0.0,25,32700,卖盘
14:31:45,13.08,0.0,3,3924,卖盘
14:32:36,13.08,0.0,211,275988,卖盘
14:32:39,13.08,0.0,10,13080,卖盘
14:32:42,13.08,0.0,19,24852,卖盘
14:33:33,13.08,0.0,57,74556,卖盘
14:33:39,13.08,0.0,2,2616,卖盘
14:33:54,13.08,0.0,5,6540,卖盘
14:34:15,13.08,0.0,10,13080,卖盘
14:34:18,13.08,0.0,2,2616,卖盘
14:34:24,13.08,0.0,5,6540,卖盘
