成交时间,成交价格,价格变动,成交量,成交金额,性质
09:25:01,2.56,0.0,1590,407040,卖盘
09:30:01,2.56,0.0,3,768,卖盘
09:30:04,2.56,0.0,443,113458,卖盘
09:30:07,2.57,0.01,216,55463,买盘
09:30:10,2.57,0.0,4,1028,买盘
09:30:13,2.57,0.0,1515,389355,买盘
09:30:16,2.56,-0.01,421,107776,卖盘
09:30:19,2.56,0.0,1496,384470,卖盘
09:30:22,2.57,0.01,11,2827,买盘
09:30:25,2.57,0.0,58,14906,买盘
09:30:31,2.57,0.0,35,8995,买盘
09:30:37,2.56,-0.01,65,16699,卖盘
09:30:40,2.56,0.0,154,39474,卖盘
09:30:43,2.57,0.01,52,13364,买盘
09:30:46,2.57,0.0,232,59459,买盘
09:30:49,2.56,-0.01,874,224594,卖盘
09:30:52,2.58,0.02,413,106365,买盘
09:30:55,2.57,-0.01,16,4112,卖盘
09:30:58,2.57,0.0,60,15420,卖盘
09:31:04,2.58,0.01,181,46693,买盘
09:31:07,2.57,-0.01,4,1028,卖盘
09:31:10,2.58,0.01,6,1548,买盘
09:31:13,2.58,0.0,17,4386,买盘
09:31:16,2.58,0.0,22,5676,买盘
09:31:19,2.57,-0.01,4,1028,卖盘
09:31:22,2.57,0.0,803,206882,卖盘
09:31:25,2.58,0.01,573,147834,买盘
09:31:34,2.58,0.0,50,12900,买盘
09:31:46,2.58,0.0,229,59013,买盘
09:31:52,2.58,0.0,4,1031,买盘
09:31:55,2.58,0.0,86,22188,买盘
09:31:58,2.57,-0.01,357,91749,卖盘
09:32:07,2.58,0.01,47,12126,买盘
09:32:10,2.58,0.0,50,12900,买盘
09:32:13,2.58,0.0,20,5160,买盘
09:32:19,2.58,0.0,9,2320,买盘
09:32:25,2.58,0.0,1605,412490,买盘
09:32:28,2.57,-0.01,31,7967,卖盘
09:32:31,2.57,0.0,1,257,卖盘
09:32:34,2.57,0.0,200,51400,卖盘
09:32:40,2.58,0.01,41,10578,买盘
09:32:46,2.57,-0.01,192,49344,卖盘
09:32:49,2.57,0.0,306,78642,卖盘
09:32:55,2.57,0.0,5,1285,卖盘
09:33:04,2.57,0.0,560,143920,卖盘
09:33:07,2.58,0.01,56,14448,买盘
09:33:10,2.58,0.0,50,12900,买盘
09:33:16,2.57,-0.01,736,189152,卖盘
09:33:19,2.57,0.0,208,53456,买盘
09:33:22,2.57,0.0,417,107169,买盘
09:33:25,2.58,0.01,21,5406,买盘
09:33:28,2.57,-0.01,81,20817,卖盘
09:33:34,2.57,0.0,52,13364,买盘
09:33:40,2.57,0.0,30,7710,买盘
09:33:43,2.57,0.0,391,100487,买盘
09:33:49,2.57,0.0,35,8995,卖盘
09:33:55,2.57,0.0,250,64250,卖盘
09:33:58,2.57,0.0,23,5911,中性盘
09:34:04,2.57,0.0,100,25700,卖盘
09:34:07,2.57,0.0,4,1028,卖盘
09:34:10,2.57,0.0,670,172190,卖盘
09:34:13,2.57,0.0,452,116164,卖盘
09:34:16,2.57,0.0,35,8995,卖盘
09:34:19,2.57,0.0,762,196340,卖盘
09:34:22,2.57,0.0,30,7710,卖盘
09:34:25,2.57,0.0,162,41734,卖盘
09:34:31,2.58,0.01,2010,516580,买盘
09:34:37,2.58,0.0,50,12900,买盘
09:34:43,2.57,-0.01,263,67591,卖盘
09:34:46,2.57,0.0,613,157541,买盘
09:34:49,2.57,0.0,10,2570,卖盘
09:34:52,2.57,0.0,120,30860,卖盘
09:34:55,2.57,0.0,18,4626,卖盘
09:35:04,2.57,0.0,1868,480076,卖盘
09:35:07,2.57,0.0,628,161396,买盘
09:35:10,2.57,0.0,100,25700,卖盘
09:35:22,2.57,0.0,168,43196,卖盘
09:35:25,2.57,0.0,2,514,卖盘
09:35:28,2.57,0.0,707,181699,卖盘
09:35:31,2.57,0.0,1355,348235,买盘
09:35:34,2.57,0.0,45,11565,买盘
09:35:37,2.57,0.0,343,88151,卖盘
09:35:40,2.56,-0.01,202,51714,卖盘
09:35:43,2.57,0.01,339,87123,买盘
09:35:52,2.57,0.0,150,38550,买盘
09:35:55,2.57,0.0,57,14649,买盘
09:35:58,2.57,0.0,60,15420,买盘
09:36:01,2.57,0.0,1595,409915,买盘
09:36:04,2.57,0.0,20,5140,卖盘
09:36:07,2.57,0.0,12,3084,卖盘
09:36:10,2.58,0.01,15,3870,买盘
09:36:13,2.57,-0.01,222,57056,卖盘
09:36:19,2.57,0.0,545,140075,卖盘
09:36:22,2.57,0.0,352,90464,卖盘
09:36:31,2.57,0.0,18,4626,卖盘
09:36:34,2.58,0.01,30,7740,买盘
09:36:37,2.57,-0.01,15,3855,卖盘
09:36:40,2.58,0.01,10,2580,买盘
09:36:46,2.57,-0.01,2,514,卖盘
09:36:49,2.57,0.0,330,84810,卖盘
09:36:58,2.57,0.0,30,7710,卖盘
09:37:04,2.57,0.0,376,96632,卖盘
09:37:10,2.57,0.0,28,7196,卖盘
09:37:22,2.57,0.0,35,8995,卖盘
09:37:25,2.57,0.0,946,243122,卖盘
09:37:34,2.57,0.0,200,51400,卖盘
09:37:37,2.58,0.01,30,7737,买盘
09:37:43,2.58,0.0,4,1032,买盘
09:37:49,2.58,0.0,10,2580,买盘
09:38:01,2.57,-0.01,7,1799,卖盘
09:38:04,2.58,0.01,52,13414,买盘
09:38:13,2.58,0.0,20,5160,买盘
09:38:16,2.57,-0.01,20,5140,卖盘
09:38:28,2.57,0.0,15,3855,卖盘
09:38:31,2.57,0.0,14,3598,卖盘
09:38:40,2.58,0.01,112,28796,买盘
09:38:43,2.58,0.0,27,6966,买盘
09:38:49,2.58,0.0,50,12900,买盘
09:38:52,2.58,0.0,162,41654,买盘
09:38:55,2.57,-0.01,2,514,卖盘
09:38:58,2.58,0.01,40,10320,买盘
09:39:04,2.58,0.0,10,2580,买盘
09:39:07,2.57,-0.01,2813,722941,卖盘
09:39:10,2.57,0.0,6,1542,卖盘
09:39:13,2.58,0.01,31,7982,买盘
09:39:16,2.57,-0.01,38,9766,卖盘
09:39:19,2.57,0.0,3,771,卖盘
09:39:34,2.57,0.0,20,5140,卖盘
09:39:40,2.57,0.0,10,2570,卖盘
09:39:43,2.58,0.01,52,13414,买盘
09:39:49,2.57,-0.01,45,11565,卖盘
09:39:52,2.58,0.01,8,2064,买盘
09:39:55,2.57,-0.01,1556,399892,卖盘
09:39:58,2.56,-0.01,4707,1208332,卖盘
09:40:01,2.56,0.0,2,512,卖盘
09:40:04,2.57,0.01,83,21331,买盘
09:40:10,2.56,-0.01,47,12032,卖盘
09:40:16,2.56,0.0,7,1792,卖盘
09:40:19,2.56,0.0,142,36453,卖盘
09:40:22,2.57,0.01,202,51914,买盘
09:40:28,2.56,-0.01,21,5379,卖盘
09:40:31,2.56,0.0,5,1280,卖盘
09:40:34,2.56,0.0,200,51200,卖盘
09:40:37,2.56,0.0,6,1536,卖盘
09:40:49,2.56,0.0,3,768,卖盘
09:40:52,2.57,0.01,1,257,买盘
09:40:55,2.56,-0.01,2,512,卖盘
09:40:58,2.56,0.0,1,256,卖盘
09:41:01,2.57,0.01,13,3341,买盘
09:41:10,2.56,-0.01,1516,388102,卖盘
09:41:13,2.56,0.0,1,256,卖盘
09:41:16,2.57,0.01,102,26214,买盘
09:41:19,2.57,0.0,22,5652,买盘
09:41:22,2.56,-0.01,211,54126,卖盘
09:41:28,2.57,0.01,47,12042,买盘
09:41:34,2.56,-0.01,121,30976,卖盘
09:41:37,2.57,0.01,44,11266,买盘
09:41:43,2.57,0.0,5,1283,买盘
09:41:49,2.57,0.0,300,77100,买盘
09:41:52,2.56,-0.01,3,768,卖盘
09:41:55,2.56,0.0,80,20480,卖盘
09:41:58,2.56,0.0,5,1280,卖盘
09:42:04,2.57,0.01,12,3084,买盘
09:42:07,2.56,-0.01,50,12843,卖盘
09:42:13,2.56,0.0,3,769,卖盘
09:42:19,2.57,0.01,3,771,买盘
09:42:22,2.56,-0.01,454,116224,卖盘
09:42:25,2.56,0.0,5,1280,卖盘
09:42:28,2.56,0.0,87,22282,卖盘
09:42:31,2.56,0.0,2,512,卖盘
09:42:34,2.56,0.0,43,11008,卖盘
09:42:37,2.57,0.01,20,5140,买盘
09:42:40,2.57,0.0,1,257,买盘
09:42:43,2.56,-0.01,200,51200,卖盘
09:42:46,2.56,0.0,2,512,卖盘
09:42:49,2.56,0.0,30,7680,卖盘
09:42:55,2.56,0.0,7,1792,卖盘
09:42:58,2.56,0.0,11,2816,卖盘
09:43:01,2.57,0.01,22,5642,买盘
09:43:04,2.57,0.0,50,12850,买盘
09:43:10,2.56,-0.01,307,78592,卖盘
09:43:13,2.56,0.0,4,1024,卖盘
09:43:16,2.56,0.0,55,14133,卖盘
09:43:22,2.56,0.0,2,512,卖盘
09:43:34,2.56,0.0,200,51200,卖盘
09:43:43,2.57,0.01,1,257,买盘
09:43:46,2.56,-0.01,2,512,卖盘
09:43:49,2.57,0.01,27,6939,买盘
09:43:52,2.56,-0.01,201,51457,卖盘
09:43:55,2.56,0.0,1406,359936,卖盘
09:44:01,2.56,0.0,90,23067,卖盘
09:44:04,2.56,0.0,7,1797,卖盘
09:44:07,2.57,0.01,6,1542,买盘
09:44:10,2.57,0.0,208,53388,买盘
09:44:13,2.56,-0.01,2,512,卖盘
09:44:16,2.56,0.0,36,9216,卖盘
09:44:19,2.56,0.0,693,177408,卖盘
09:44:28,2.56,0.0,240,61440,卖盘
09:44:31,2.57,0.01,2706,695442,买盘
09:44:34,2.57,0.0,139,35644,买盘
09:44:37,2.56,-0.01,2,512,卖盘
09:44:43,2.56,0.0,50,12800,卖盘
09:44:52,2.57,0.01,178,45746,买盘
09:44:55,2.57,0.0,1,257,买盘
09:44:58,2.57,0.0,229,58853,买盘
09:45:01,2.56,-0.01,185,47539,卖盘
09:45:10,2.57,0.01,50,12850,买盘
09:45:13,2.57,0.0,12,3084,买盘
09:45:16,2.57,0.0,14,3598,买盘
09:45:19,2.57,0.0,14,3598,买盘
09:45:22,2.56,-0.01,101,25863,卖盘
09:45:25,2.57,0.01,356,91488,买盘
09:45:28,2.57,0.0,3,771,买盘
09:45:37,2.57,0.0,1,257,买盘
09:45:43,2.57,0.0,300,77100,买盘
09:45:52,2.56,-0.01,2,512,卖盘
09:45:55,2.57,0.01,40,10280,买盘
09:46:01,2.57,0.0,253,64821,买盘
09:46:04,2.57,0.0,200,51400,买盘
09:46:07,2.57,0.0,2090,537130,买盘
09:46:10,2.57,0.0,1,257,卖盘
09:46:22,2.57,0.0,400,102800,卖盘
09:46:25,2.57,0.0,82,21074,卖盘
09:46:28,2.57,0.0,50,12850,卖盘
09:46:31,2.57,0.0,55,14135,卖盘
09:46:40,2.57,0.0,48,12336,卖盘
09:46:49,2.57,0.0,62,15934,卖盘
09:46:58,2.57,0.0,1,257,卖盘
09:47:04,2.57,0.0,280,72190,卖盘
09:47:07,2.57,0.0,503,129574,卖盘
09:47:10,2.58,0.01,68,17544,买盘
09:47:13,2.58,0.0,1,258,买盘
09:47:16,2.57,-0.01,60,15420,卖盘
09:47:25,2.58,0.01,100,25800,买盘
09:47:28,2.58,0.0,50,12900,买盘
09:47:31,2.58,0.0,150,38700,买盘
09:47:34,2.58,0.0,13,3354,买盘
09:47:37,2.58,0.0,857,221106,买盘
09:47:40,2.58,0.0,142,36636,买盘
09:47:43,2.58,0.0,1,258,买盘
09:48:01,2.57,-0.01,180,46260,卖盘
09:48:16,2.58,0.01,20,5160,买盘
09:48:25,2.58,0.0,3333,859914,买盘
09:48:28,2.58,0.0,3,772,买盘
09:48:31,2.58,0.0,5,1290,买盘
09:48:37,2.58,0.0,17,4384,买盘
09:48:40,2.57,-0.01,300,77100,卖盘
09:48:46,2.57,0.0,88,22616,卖盘
09:48:49,2.58,0.01,163,41894,买盘
09:48:52,2.57,-0.01,525,134925,卖盘
09:48:55,2.58,0.01,5,1290,买盘
09:48:58,2.58,0.0,3,774,买盘
09:49:04,2.57,-0.01,211,54227,卖盘
09:49:07,2.58,0.01,1,258,买盘
09:49:16,2.57,-0.01,200,51400,卖盘
09:49:19,2.58,0.01,64,16512,买盘
09:49:31,2.57,-0.01,3,771,卖盘
09:49:40,2.57,0.0,1,257,卖盘
09:49:52,2.58,0.01,2,516,买盘
09:50:10,2.57,-0.01,150,38550,卖盘
09:50:13,2.57,0.0,122,31474,卖盘
09:50:16,2.57,0.0,2,514,卖盘
09:50:19,2.58,0.01,32,8256,买盘
09:50:22,2.58,0.0,30,7740,买盘
09:50:25,2.58,0.0,3,774,买盘
09:50:28,2.58,0.0,7,1804,买盘
09:50:34,2.57,-0.01,40,10295,卖盘
09:50:40,2.57,0.0,990,255418,卖盘
09:50:46,2.57,0.0,2,514,卖盘
09:50:49,2.58,0.01,57,14706,买盘
09:51:01,2.58,0.0,13,3352,买盘
09:51:04,2.57,-0.01,570,146490,卖盘
09:51:07,2.57,0.0,50,12850,卖盘
09:51:25,2.57,0.0,2,514,卖盘
09:51:37,2.57,0.0,60,15420,卖盘
09:51:40,2.57,0.0,142,36511,卖盘
09:51:43,2.57,0.0,200,51400,卖盘
09:51:46,2.57,0.0,50,12850,卖盘
09:51:49,2.57,0.0,4,1031,卖盘
09:51:52,2.57,0.0,1,257,卖盘
09:51:55,2.58,0.01,3,774,买盘
09:52:10,2.57,-0.01,50,12850,卖盘
09:52:16,2.57,0.0,2,514,卖盘
09:52:19,2.58,0.01,33,8514,买盘
09:52:25,2.57,-0.01,584,150088,卖盘
09:52:34,2.57,0.0,72,18504,卖盘
09:52:37,2.57,0.0,15,3855,卖盘
09:52:40,2.57,0.0,2,514,卖盘
09:53:04,2.58,0.01,281,72427,买盘
09:53:07,2.57,-0.01,1,257,卖盘
09:53:10,2.57,0.0,100,25700,卖盘
09:53:13,2.57,0.0,37,9525,卖盘
09:53:16,2.58,0.01,3,774,买盘
09:53:28,2.58,0.0,1,258,买盘
09:53:31,2.57,-0.01,79,20304,卖盘
09:53:34,2.57,0.0,8219,2112283,卖盘
09:53:46,2.57,0.0,1021,262397,买盘
09:53:55,2.57,0.0,46,11822,买盘
09:53:58,2.57,0.0,1026,263677,买盘
09:54:01,2.56,-0.01,4,1024,卖盘
09:54:04,2.57,0.01,124,31826,买盘
09:54:10,2.57,0.0,89,22873,买盘
09:54:13,2.57,0.0,100,25700,卖盘
09:54:16,2.56,-0.01,151,38701,卖盘
09:54:28,2.57,0.01,171,43918,买盘
09:54:40,2.57,0.0,59,15163,买盘
09:54:46,2.57,0.0,73,18761,买盘
09:54:55,2.57,0.0,100,25700,买盘
09:54:58,2.56,-0.01,219,56083,卖盘
09:55:01,2.57,0.01,20,5140,买盘
09:55:04,2.57,0.0,90,23130,买盘
09:55:07,2.56,-0.01,50,12800,卖盘
09:55:10,2.57,0.01,355,91233,买盘
09:55:19,2.57,0.0,60,15420,买盘
09:55:25,2.57,0.0,439,112823,买盘
09:55:28,2.57,0.0,196,50372,买盘
09:55:31,2.56,-0.01,30,7701,卖盘
09:55:37,2.57,0.01,19,4883,买盘
09:55:40,2.57,0.0,3,771,买盘
09:55:43,2.57,0.0,20,5140,卖盘
09:55:46,2.57,0.0,101,25957,卖盘
09:55:49,2.57,0.0,1,257,卖盘
09:55:52,2.57,0.0,23,5911,卖盘
09:55:55,2.58,0.01,20,5160,买盘
09:56:01,2.58,0.0,226,58224,买盘
09:56:07,2.57,-0.01,100,25700,卖盘
09:56:10,2.57,0.0,704,180928,卖盘
09:56:19,2.57,0.0,3,771,买盘
09:56:22,2.57,0.0,45,11565,买盘
09:56:31,2.57,0.0,100,25700,买盘
09:56:34,2.57,0.0,18,4626,买盘
09:56:37,2.57,0.0,20,5138,买盘
09:56:40,2.57,0.0,200,51400,买盘
09:56:43,2.56,-0.01,445,113920,卖盘
09:56:49,2.57,0.01,272,69904,买盘
09:56:52,2.57,0.0,1345,345665,买盘
09:56:55,2.57,0.0,3,771,买盘
09:56:58,2.57,0.0,178,45746,买盘
09:57:01,2.57,0.0,14,3598,买盘
09:57:04,2.57,0.0,1,257,买盘
09:57:10,2.57,0.0,89,22805,买盘
09:57:13,2.57,0.0,208,53456,买盘
09:57:16,2.57,0.0,1,257,买盘
09:57:19,2.57,0.0,334,85838,买盘
09:57:22,2.57,0.0,30,7710,买盘
09:57:25,2.57,0.0,201,51657,买盘
09:57:31,2.57,0.0,5,1282,买盘
09:57:34,2.56,-0.01,1,256,卖盘
09:57:40,2.57,0.01,250,64250,买盘
09:57:43,2.56,-0.01,200,51200,卖盘
09:57:46,2.57,0.01,1042,267793,买盘
09:57:52,2.56,-0.01,2,512,卖盘
09:57:55,2.57,0.01,50,12850,买盘
09:57:58,2.57,0.0,248,63736,买盘
09:58:01,2.56,-0.01,100,25601,卖盘
09:58:04,2.57,0.01,206,52942,买盘
09:58:07,2.56,-0.01,114,29185,卖盘
09:58:10,2.56,0.0,53,13570,卖盘
09:58:16,2.56,0.0,32,8192,卖盘
09:58:19,2.57,0.01,2,514,买盘
09:58:22,2.57,0.0,49,12593,买盘
09:58:43,2.56,-0.01,1,256,卖盘
09:58:52,2.56,0.0,10,2560,卖盘
09:59:01,2.56,0.0,536,137252,卖盘
09:59:07,2.57,0.01,23,5911,买盘
09:59:10,2.56,-0.01,19,4864,卖盘
09:59:13,2.57,0.01,310,79670,买盘
09:59:16,2.57,0.0,50,12850,买盘
09:59:31,2.56,-0.01,48,12326,卖盘
09:59:34,2.56,0.0,21,5376,卖盘
09:59:40,2.56,0.0,1,256,卖盘
09:59:46,2.57,0.01,115,29555,买盘
09:59:55,2.56,-0.01,100,25600,卖盘
09:59:58,2.56,0.0,20,5120,卖盘
10:00:01,2.56,0.0,1,256,卖盘
10:00:04,2.56,0.0,142,36352,卖盘
10:00:07,2.56,0.0,403,103168,卖盘
10:00:10,2.57,0.01,215,55070,买盘
10:00:13,2.56,-0.01,39,9984,卖盘
10:00:16,2.56,0.0,861,220416,卖盘
10:00:19,2.56,0.0,23,5888,卖盘
10:00:25,2.56,0.0,1,256,卖盘
10:00:28,2.56,0.0,30,7680,卖盘
10:00:31,2.56,0.0,191,48896,卖盘
10:00:34,2.56,0.0,179,45824,卖盘
10:00:37,2.56,0.0,260,66560,卖盘
10:00:40,2.56,0.0,164,41984,卖盘
10:00:43,2.56,0.0,1,256,卖盘
10:00:49,2.56,0.0,107,27392,卖盘
10:00:52,2.56,0.0,277,70912,卖盘
10:00:55,2.56,0.0,97,24832,卖盘
10:00:58,2.56,0.0,7,1792,卖盘
10:01:01,2.56,0.0,10,2560,卖盘
10:01:04,2.56,0.0,40,10240,卖盘
10:01:10,2.56,0.0,36,9216,卖盘
10:01:13,2.56,0.0,882,225792,卖盘
10:01:16,2.56,0.0,70,17920,卖盘
10:01:25,2.56,0.0,884,226304,卖盘
10:01:28,2.56,0.0,326,83456,卖盘
10:01:31,2.56,0.0,97,24832,卖盘
10:01:34,2.56,0.0,455,116480,卖盘
10:01:37,2.56,0.0,36,9216,卖盘
10:01:40,2.56,0.0,6949,1778944,卖盘
10:01:43,2.57,0.01,365,93469,买盘
10:01:46,2.56,-0.01,38,9728,买盘
10:01:58,2.56,0.0,20,5120,买盘
10:02:04,2.55,-0.01,36,9180,卖盘
10:02:07,2.56,0.01,200,51120,买盘
10:02:19,2.55,-0.01,25,6375,卖盘
10:02:22,2.56,0.01,16,4096,买盘
10:02:31,2.55,-0.01,1,255,卖盘
10:02:34,2.55,0.0,176,44927,卖盘
10:02:40,2.55,0.0,425,108375,卖盘
10:02:43,2.55,0.0,1213,309418,卖盘
10:02:55,2.55,0.0,253,64546,卖盘
10:02:58,2.55,0.0,50,12750,卖盘
10:03:01,2.55,0.0,10,2550,卖盘
10:03:04,2.56,0.01,100,25600,买盘
10:03:10,2.55,-0.01,1616,412080,卖盘
10:03:16,2.55,0.0,50,12760,卖盘
10:03:19,2.55,0.0,2,510,卖盘
10:03:22,2.55,0.0,20,5100,卖盘
10:03:25,2.56,0.01,50,12800,买盘
10:03:28,2.55,-0.01,10,2550,卖盘
10:03:31,2.55,0.0,1050,268750,卖盘
10:03:37,2.55,0.0,18,4590,卖盘
10:03:40,2.55,0.0,1,255,卖盘
10:03:43,2.55,0.0,1064,271320,卖盘
10:03:49,2.55,0.0,200,51000,卖盘
10:03:52,2.55,0.0,652,166290,卖盘
10:03:55,2.55,0.0,642,163710,卖盘
10:04:01,2.55,0.0,100,25500,卖盘
10:04:04,2.55,0.0,172,43942,卖盘
10:04:07,2.55,0.0,1131,288405,卖盘
10:04:10,2.55,0.0,142,36210,卖盘
10:04:13,2.55,0.0,5,1275,卖盘
10:04:19,2.55,0.0,10,2550,卖盘
10:04:22,2.56,0.01,628,160156,买盘
10:04:25,2.55,-0.01,6,1530,卖盘
10:04:28,2.55,0.0,21,5355,卖盘
10:04:31,2.55,0.0,1,255,卖盘
10:04:40,2.55,0.0,135,34425,卖盘
10:04:49,2.55,0.0,344,87720,卖盘
10:04:52,2.56,0.01,20,5120,买盘
10:04:55,2.55,-0.01,1353,346158,卖盘
10:04:58,2.55,0.0,3000,765000,卖盘
10:05:01,2.55,0.0,1431,364905,卖盘
10:05:07,2.55,0.0,20,5100,卖盘
10:05:10,2.56,0.01,50,12760,买盘
10:05:13,2.55,-0.01,20,5100,卖盘
10:05:19,2.55,0.0,105,26775,卖盘
10:05:22,2.55,0.0,1117,284835,卖盘
10:05:25,2.55,0.0,274,69870,卖盘
10:05:28,2.56,0.01,324,82944,买盘
10:05:37,2.55,-0.01,70,17870,卖盘
10:05:49,2.56,0.01,1,256,买盘
10:05:52,2.55,-0.01,7,1785,卖盘
10:05:55,2.55,0.0,200,51000,卖盘
10:06:01,2.56,0.01,50,12800,买盘
10:06:13,2.55,-0.01,173,44115,卖盘
10:06:16,2.55,0.0,39,9945,卖盘
10:06:19,2.55,0.0,2,510,卖盘
10:06:22,2.56,0.01,16,4096,买盘
10:06:28,2.56,0.0,6,1536,买盘
10:06:34,2.55,-0.01,40,10200,卖盘
10:06:37,2.55,0.0,360,91800,卖盘
10:06:40,2.55,0.0,199,50745,卖盘
10:06:43,2.55,0.0,2,510,卖盘
10:06:49,2.56,0.01,231,58936,买盘
10:06:52,2.55,-0.01,8,2040,卖盘
10:07:13,2.56,0.01,4,1024,买盘
10:07:22,2.55,-0.01,1,255,卖盘
10:07:31,2.55,0.0,33,8434,卖盘
10:07:34,2.56,0.01,1,256,买盘
10:07:43,2.56,0.0,2,511,买盘
10:07:46,2.55,-0.01,14,3570,卖盘
10:07:49,2.56,0.01,475,121146,买盘
10:07:52,2.55,-0.01,20,5100,卖盘
10:07:55,2.55,0.0,2,510,卖盘
10:08:04,2.56,0.01,122,31232,买盘
10:08:10,2.56,0.0,407,103885,买盘
10:08:13,2.55,-0.01,10,2550,卖盘
10:08:16,2.55,0.0,146,37230,卖盘
10:08:22,2.55,0.0,1,255,卖盘
10:08:25,2.56,0.01,101,25856,买盘
10:08:28,2.55,-0.01,2,510,卖盘
10:08:31,2.55,0.0,53,13515,卖盘
10:08:37,2.55,0.0,218,55748,卖盘
10:08:46,2.56,0.01,12,3070,买盘
10:08:49,2.56,0.0,21,5356,买盘
10:09:10,2.56,0.0,49,12543,买盘
10:09:13,2.56,0.0,10,2560,买盘
10:09:16,2.55,-0.01,44,11220,卖盘
10:09:19,2.55,0.0,5,1276,卖盘
10:09:25,2.56,0.01,4,1024,买盘
10:09:31,2.56,0.0,11,2816,买盘
10:09:34,2.56,0.0,38,9726,买盘
10:09:43,2.55,-0.01,25,6375,卖盘
10:09:46,2.56,0.01,77,19712,买盘
10:09:58,2.56,0.0,3,766,买盘
10:10:01,2.56,0.0,1235,315286,买盘
10:10:04,2.57,0.01,4401,1126856,买盘
10:10:07,2.57,0.0,1,257,买盘
10:10:19,2.56,-0.01,304,77824,卖盘
10:10:22,2.56,0.0,20,5120,卖盘
10:10:25,2.56,0.0,4,1024,卖盘
10:10:37,2.57,0.01,1,257,买盘
10:10:58,2.56,-0.01,10,2560,卖盘
10:11:07,2.56,0.0,740,190080,卖盘
10:11:13,2.57,0.01,6,1541,买盘
10:11:19,2.56,-0.01,720,184320,卖盘
10:11:25,2.57,0.01,6,1542,买盘
10:11:40,2.57,0.0,102,26212,买盘
10:11:52,2.56,-0.01,68,17408,卖盘
10:12:04,2.57,0.01,193,49600,买盘
10:12:07,2.57,0.0,4,1028,买盘
10:12:16,2.57,0.0,1575,404775,买盘
10:12:22,2.57,0.0,35,8995,买盘
10:12:25,2.56,-0.01,41,10530,卖盘
10:12:31,2.56,0.0,2,512,卖盘
10:12:34,2.57,0.01,18,4626,买盘
10:12:37,2.56,-0.01,1005,257285,卖盘
10:12:52,2.56,0.0,200,51200,卖盘
10:12:55,2.56,0.0,1,256,卖盘
10:13:07,2.56,0.0,334,85504,卖盘
10:13:10,2.56,0.0,51,13056,卖盘
10:13:13,2.56,0.0,20,5120,卖盘
10:13:16,2.56,0.0,20,5120,卖盘
10:13:19,2.56,0.0,1,256,卖盘
10:13:25,2.56,0.0,100,25600,卖盘
10:13:37,2.56,0.0,10,2560,卖盘
10:13:40,2.56,0.0,10,2560,卖盘
10:13:43,2.56,0.0,1499,383744,卖盘
10:13:46,2.56,0.0,15,3840,卖盘
10:13:55,2.56,0.0,1,256,卖盘
10:14:01,2.56,0.0,405,103680,卖盘
10:14:04,2.56,0.0,4,1024,卖盘
10:14:07,2.56,0.0,51,13056,卖盘
10:14:10,2.56,0.0,5,1280,卖盘
10:14:16,2.56,0.0,126,32282,卖盘
10:14:31,2.56,0.0,76,19456,卖盘
10:14:46,2.57,0.01,202,51914,买盘
10:14:55,2.56,-0.01,1,256,卖盘
10:14:58,2.57,0.01,963,246538,买盘
10:15:01,2.56,-0.01,46,11776,卖盘
10:15:04,2.56,0.0,18,4608,卖盘
10:15:16,2.57,0.01,1,257,买盘
10:15:19,2.57,0.0,5,1285,买盘
10:15:22,2.56,-0.01,1,256,卖盘
10:15:28,2.57,0.01,1,257,买盘
10:15:31,2.57,0.0,1,257,买盘
10:15:37,2.56,-0.01,50,12800,卖盘
10:15:49,2.56,0.0,1,256,卖盘
10:15:58,2.56,0.0,97,24832,卖盘
10:16:04,2.56,0.0,3,768,卖盘
10:16:10,2.56,0.0,100,25600,卖盘
10:16:16,2.56,0.0,1,256,卖盘
10:16:25,2.56,0.0,9,2304,卖盘
10:16:40,2.56,0.0,1,256,卖盘
10:16:43,2.56,0.0,48,12288,卖盘
10:16:46,2.56,0.0,1007,258792,卖盘
10:16:49,2.56,0.0,281,71936,卖盘
10:16:52,2.57,0.01,2,514,买盘
10:16:55,2.56,-0.01,220,56320,卖盘
10:17:01,2.56,0.0,20,5120,卖盘
10:17:04,2.56,0.0,1,256,卖盘
10:17:07,2.56,0.0,200,51200,卖盘
10:17:10,2.56,0.0,500,128000,卖盘
10:17:13,2.56,0.0,29,7424,卖盘
10:17:28,2.56,0.0,1,256,卖盘
10:17:31,2.56,0.0,83,21248,卖盘
10:17:34,2.56,0.0,171,43776,卖盘
10:17:37,2.56,0.0,44,11264,卖盘
10:17:40,2.56,0.0,40,10240,卖盘
10:17:43,2.56,0.0,88,22528,卖盘
10:17:46,2.56,0.0,13,3328,卖盘
10:17:49,2.56,0.0,33,8448,卖盘
10:17:52,2.56,0.0,1,256,卖盘
10:17:55,2.56,0.0,14,3584,卖盘
10:17:58,2.56,0.0,53,13568,卖盘
10:18:01,2.56,0.0,160,40960,卖盘
10:18:07,2.56,0.0,12,3072,卖盘
10:18:10,2.56,0.0,315,80640,卖盘
10:18:19,2.56,0.0,144,36864,卖盘
10:18:22,2.56,0.0,44,11264,卖盘
10:18:28,2.56,0.0,82,20992,卖盘
10:18:31,2.56,0.0,320,81920,卖盘
10:18:34,2.56,0.0,54,13824,卖盘
10:18:37,2.57,0.01,11,2826,买盘
10:18:40,2.56,-0.01,110,28160,卖盘
10:18:43,2.56,0.0,7,1792,卖盘
10:18:46,2.56,0.0,1,256,卖盘
10:19:04,2.56,0.0,562,143872,卖盘
10:19:07,2.55,-0.01,143,36566,卖盘
10:19:10,2.55,0.0,3,766,卖盘
10:19:19,2.55,0.0,10,2550,卖盘
10:19:31,2.55,0.0,33,8415,卖盘
10:19:52,2.55,0.0,39,9945,卖盘
10:19:58,2.55,0.0,101,25755,卖盘
10:20:01,2.55,0.0,2,510,卖盘
10:20:04,2.56,0.01,41,10496,买盘
10:20:07,2.55,-0.01,1321,336855,卖盘
10:20:10,2.55,0.0,130,33150,卖盘
10:20:13,2.55,0.0,240,61300,卖盘
10:20:25,2.55,0.0,57,14535,卖盘
10:20:28,2.55,0.0,1,255,卖盘
10:20:34,2.55,0.0,2,510,卖盘
10:20:37,2.56,0.01,105,26780,买盘
10:20:46,2.55,-0.01,142,36210,卖盘
10:20:52,2.56,0.01,295,75519,买盘
10:20:58,2.56,0.0,1005,256280,买盘
10:21:01,2.55,-0.01,81,20655,卖盘
10:21:22,2.55,0.0,29,7395,卖盘
10:21:31,2.55,0.0,250,63750,卖盘
10:21:34,2.55,0.0,39,9945,卖盘
10:21:40,2.55,0.0,20,5100,卖盘
10:21:43,2.55,0.0,430,109650,卖盘
10:21:52,2.55,0.0,2,510,卖盘
10:22:04,2.55,0.0,1,255,卖盘
10:22:07,2.55,0.0,84,21420,卖盘
10:22:10,2.55,0.0,157,40035,卖盘
10:22:13,2.55,0.0,117,29835,卖盘
10:22:16,2.55,0.0,100,25500,卖盘
10:22:22,2.56,0.01,82,20992,买盘
10:22:25,2.55,-0.01,1507,384292,卖盘
10:22:28,2.55,0.0,3,765,卖盘
10:22:43,2.55,0.0,180,45900,卖盘
10:22:46,2.55,0.0,355,90546,买盘
10:22:49,2.55,0.0,57,14491,买盘
10:22:52,2.55,0.0,100,25500,买盘
10:22:55,2.55,0.0,4,1020,中性盘
10:22:58,2.55,0.0,30,7650,卖盘
10:23:04,2.55,0.0,150,38250,卖盘
10:23:07,2.55,0.0,18,4590,卖盘
10:23:10,2.55,0.0,17,4335,中性盘
10:23:13,2.55,0.0,50,12750,买盘
10:23:19,2.55,0.0,60,15300,中性盘
10:23:22,2.55,0.0,40,10200,卖盘
10:23:28,2.55,0.0,4,1020,买盘
10:23:37,2.54,-0.01,30,7620,卖盘
10:23:40,2.55,0.01,16,4074,买盘
10:23:52,2.54,-0.01,51,12955,卖盘
10:23:58,2.54,0.0,254,64675,卖盘
10:24:01,2.55,0.01,156,39652,买盘
10:24:04,2.54,-0.01,305,77500,卖盘
10:24:10,2.54,0.0,6,1524,卖盘
10:24:13,2.54,0.0,812,206248,卖盘
10:24:25,2.54,0.0,5,1270,卖盘
10:24:37,2.54,0.0,126,32007,卖盘
10:24:40,2.54,0.0,40,10160,卖盘
10:24:43,2.54,0.0,140,35560,卖盘
10:24:46,2.54,0.0,26,6604,卖盘
10:24:55,2.54,0.0,270,68580,卖盘
10:24:58,2.54,0.0,139,35306,卖盘
10:25:01,2.54,0.0,1,254,卖盘
10:25:04,2.54,0.0,60,15240,卖盘
10:25:07,2.54,0.0,130,33020,卖盘
10:25:13,2.54,0.0,204,51816,卖盘
10:25:16,2.54,0.0,83,21082,卖盘
10:25:19,2.54,0.0,154,39116,卖盘
10:25:22,2.54,0.0,30,7620,卖盘
10:25:28,2.54,0.0,1,254,卖盘
10:25:31,2.55,0.01,8,2040,买盘
10:25:34,2.54,-0.01,40,10160,卖盘
10:25:37,2.54,0.0,5,1270,卖盘
10:25:40,2.54,0.0,100,25400,卖盘
10:25:46,2.54,0.0,140,35580,卖盘
10:25:52,2.54,0.0,16,4064,卖盘
10:25:55,2.54,0.0,201,51054,卖盘
10:25:58,2.54,0.0,280,71120,卖盘
10:26:01,2.54,0.0,10,2540,卖盘
10:26:04,2.54,0.0,229,58166,卖盘
10:26:10,2.54,0.0,36,9144,卖盘
10:26:16,2.54,0.0,279,70866,卖盘
10:26:19,2.55,0.01,50,12750,买盘
10:26:22,2.55,0.0,4,1020,买盘
10:26:25,2.55,0.0,553,140962,买盘
10:26:34,2.54,-0.01,389,98806,卖盘
10:26:40,2.54,0.0,93,23622,卖盘
10:26:43,2.54,0.0,100,25400,卖盘
10:26:46,2.54,0.0,1,254,卖盘
10:26:52,2.54,0.0,50,12700,卖盘
10:26:55,2.54,0.0,715,181610,卖盘
10:27:01,2.54,0.0,245,62230,卖盘
10:27:04,2.54,0.0,4660,1183640,卖盘
10:27:07,2.54,0.0,189,48006,卖盘
10:27:10,2.54,0.0,375,95249,买盘
10:27:13,2.54,0.0,87,22098,买盘
10:27:19,2.53,-0.01,635,160660,卖盘
10:27:22,2.53,0.0,33,8351,卖盘
10:27:25,2.53,0.0,795,201135,卖盘
10:27:28,2.53,0.0,50,12650,卖盘
10:27:37,2.53,0.0,436,110308,卖盘
10:27:40,2.53,0.0,60,15180,卖盘
10:27:49,2.53,0.0,51,12904,卖盘
10:27:52,2.54,0.01,180,45720,买盘
10:27:55,2.53,-0.01,55,13915,卖盘
10:27:58,2.53,0.0,105,26565,卖盘
10:28:01,2.53,0.0,20,5060,卖盘
10:28:04,2.53,0.0,1,253,卖盘
10:28:10,2.53,0.0,40,10120,卖盘
10:28:13,2.54,0.01,4,1016,买盘
10:28:22,2.55,0.01,7135,1811362,买盘
10:28:25,2.55,0.0,208,53040,买盘
10:28:58,2.54,-0.01,400,101600,卖盘
10:29:04,2.55,0.01,1929,491895,买盘
10:29:07,2.55,0.0,119,30386,卖盘
10:29:10,2.55,0.0,881,224655,卖盘
10:29:13,2.55,0.0,38,9690,卖盘
10:29:19,2.55,0.0,95,24225,卖盘
10:29:22,2.55,0.0,700,178500,卖盘
10:29:31,2.55,0.0,7,1785,买盘
10:29:34,2.55,0.0,1,255,买盘
10:29:37,2.55,0.0,1,255,买盘
10:29:49,2.55,0.0,2,510,买盘
10:29:52,2.54,-0.01,601,152655,卖盘
10:29:55,2.55,0.01,371,94604,买盘
10:30:07,2.54,-0.01,3,762,卖盘
10:30:10,2.54,0.0,900,228600,卖盘
10:30:19,2.54,0.0,1,254,卖盘
10:30:22,2.54,0.0,51,12954,卖盘
10:30:25,2.54,0.0,43,10922,卖盘
10:30:31,2.54,0.0,11,2803,卖盘
10:30:34,2.54,0.0,128,32512,卖盘
10:30:43,2.54,0.0,10,2540,卖盘
10:30:49,2.55,0.01,5,1271,买盘
10:30:55,2.54,-0.01,175,44450,卖盘
10:31:01,2.54,0.0,190,48260,卖盘
10:31:10,2.54,0.0,1,254,卖盘
10:31:25,2.54,0.0,27,6858,卖盘
10:31:28,2.54,0.0,10,2540,卖盘
10:31:40,2.54,0.0,20,5080,卖盘
10:31:43,2.54,0.0,50,12700,卖盘
10:31:49,2.54,0.0,1,254,卖盘
10:31:52,2.54,0.0,7,1778,卖盘
10:32:01,2.55,0.01,2,509,买盘
10:32:04,2.54,-0.01,406,103124,卖盘
10:32:07,2.54,0.0,2,508,卖盘
10:32:16,2.54,0.0,100,25400,卖盘
10:32:25,2.55,0.01,211,53632,买盘
10:32:28,2.54,-0.01,97,24638,卖盘
10:32:34,2.54,0.0,38,9652,卖盘
10:32:37,2.54,0.0,593,150622,卖盘
10:32:40,2.54,0.0,1,254,卖盘
10:32:43,2.54,0.0,154,39139,卖盘
10:32:46,2.54,0.0,193,49022,卖盘
10:32:49,2.54,0.0,1447,367538,卖盘
10:32:52,2.54,0.0,28,7112,卖盘
10:32:55,2.55,0.01,11,2804,买盘
10:32:58,2.54,-0.01,134,34036,卖盘
10:33:01,2.54,0.0,200,50800,卖盘
10:33:04,2.55,0.01,300,76400,买盘
10:33:07,2.54,-0.01,2,508,卖盘
10:33:10,2.54,0.0,25,6350,卖盘
10:33:13,2.54,0.0,329,83566,卖盘
10:33:16,2.54,0.0,96,24384,卖盘
10:33:19,2.54,0.0,223,56641,买盘
10:33:22,2.54,0.0,16,4064,买盘
10:33:28,2.54,0.0,8,2032,买盘
10:33:31,2.54,0.0,164,41656,买盘
10:33:37,2.54,0.0,249,63246,买盘
10:33:40,2.55,0.01,1551,394781,买盘
10:33:43,2.54,-0.01,5,1270,卖盘
10:33:55,2.54,0.0,128,32512,卖盘
10:34:04,2.54,0.0,57,14478,卖盘
10:34:07,2.54,0.0,400,101600,卖盘
10:34:19,2.54,0.0,1,254,卖盘
10:34:25,2.54,0.0,1,254,卖盘
10:34:28,2.54,0.0,100,25400,卖盘
10:34:40,2.54,0.0,52,13208,卖盘
10:34:43,2.54,0.0,1,254,卖盘
10:34:49,2.54,0.0,14,3556,卖盘
10:34:58,2.54,0.0,25,6350,卖盘
10:35:01,2.54,0.0,405,102870,卖盘
10:35:07,2.54,0.0,1,254,卖盘
10:35:10,2.54,0.0,200,50800,卖盘
10:35:13,2.55,0.01,10,2550,买盘
10:35:19,2.54,-0.01,1,254,卖盘
10:35:25,2.55,0.01,31,7905,买盘
10:35:28,2.54,-0.01,64,16258,卖盘
10:35:31,2.55,0.01,3,765,买盘
10:35:34,2.54,-0.01,4,1016,卖盘
10:35:43,2.54,0.0,1,254,卖盘
10:35:46,2.55,0.01,100,25500,买盘
10:35:49,2.54,-0.01,505,128275,卖盘
10:35:55,2.54,0.0,60,15240,卖盘
10:36:04,2.55,0.01,50,12750,买盘
10:36:31,2.54,-0.01,1,254,卖盘
10:36:40,2.55,0.01,15,3825,买盘
10:36:46,2.54,-0.01,30,7620,卖盘
10:36:55,2.55,0.01,1,255,买盘
10:36:58,2.55,0.0,197,50184,买盘
10:37:01,2.55,0.0,75,19125,买盘
10:37:04,2.54,-0.01,100,25400,卖盘
10:37:07,2.54,0.0,38,9654,卖盘
10:37:13,2.55,0.01,10,2550,买盘
10:37:19,2.54,-0.01,90,22860,卖盘
10:37:22,2.54,0.0,1,254,卖盘
10:37:49,2.54,0.0,1,254,卖盘
10:37:58,2.55,0.01,14,3570,买盘
10:38:13,2.54,-0.01,2,509,卖盘
10:38:19,2.55,0.01,50,12750,买盘
10:38:22,2.54,-0.01,211,53594,卖盘
10:38:28,2.55,0.01,40,10199,买盘
10:38:34,2.54,-0.01,100,25400,卖盘
10:38:37,2.54,0.0,1,254,卖盘
10:38:49,2.54,0.0,500,127000,卖盘
10:38:55,2.54,0.0,14,3556,卖盘
10:38:58,2.54,0.0,100,25400,卖盘
10:39:01,2.54,0.0,2,508,卖盘
10:39:16,2.54,0.0,49,12446,卖盘
10:39:22,2.54,0.0,353,89662,卖盘
10:39:25,2.54,0.0,169,42926,卖盘
10:39:31,2.54,0.0,2,508,卖盘
10:39:34,2.54,0.0,2197,558038,卖盘
10:39:37,2.54,0.0,41,10414,卖盘
10:39:40,2.54,0.0,1,254,卖盘
10:39:43,2.54,0.0,194,49276,卖盘
10:39:46,2.54,0.0,957,243078,卖盘
10:39:49,2.54,0.0,23,5842,卖盘
10:39:52,2.54,0.0,248,62992,卖盘
10:39:55,2.53,-0.01,6,1523,卖盘
10:39:58,2.54,0.01,57,14428,买盘
10:40:04,2.53,-0.01,25,6325,卖盘
10:40:07,2.53,0.0,150,37950,卖盘
10:40:13,2.53,0.0,7,1771,卖盘
10:40:16,2.54,0.01,11,2794,买盘
10:40:19,2.53,-0.01,1,253,卖盘
10:40:28,2.53,0.0,398,100768,卖盘
10:40:31,2.53,0.0,5,1265,卖盘
10:40:40,2.54,0.01,100,25400,买盘
10:40:46,2.53,-0.01,1,253,卖盘
10:40:52,2.53,0.0,100,25300,卖盘
10:40:55,2.54,0.01,1,254,买盘
10:41:01,2.54,0.0,1,254,买盘
10:41:07,2.53,-0.01,112,28336,卖盘
10:41:16,2.53,0.0,1,253,卖盘
10:41:25,2.54,0.01,361,91602,买盘
10:41:37,2.53,-0.01,20,5060,卖盘
10:41:43,2.53,0.0,1,253,卖盘
10:41:49,2.54,0.01,1,254,买盘
10:41:55,2.54,0.0,83,21082,买盘
10:42:01,2.54,0.0,221,56134,买盘
10:42:04,2.53,-0.01,8,2024,卖盘
10:42:07,2.54,0.01,6,1523,买盘
10:42:10,2.54,0.0,90,22860,买盘
10:42:13,2.54,0.0,20,5080,买盘
10:42:16,2.54,0.0,21,5334,买盘
10:42:22,2.53,-0.01,171,43264,卖盘
10:42:28,2.53,0.0,2,506,卖盘
10:42:31,2.53,0.0,201,50853,卖盘
10:42:37,2.53,0.0,100,25300,卖盘
10:42:43,2.54,0.01,10,2540,买盘
10:42:49,2.54,0.0,1,254,买盘
10:42:55,2.54,0.0,670,170180,买盘
10:42:58,2.54,0.0,1258,319532,买盘
10:43:01,2.54,0.0,5,1270,卖盘
10:43:04,2.54,0.0,28,7112,卖盘
10:43:07,2.54,0.0,244,61976,卖盘
10:43:19,2.54,0.0,1,254,卖盘
10:43:22,2.54,0.0,75,19050,卖盘
10:43:34,2.54,0.0,47,11938,卖盘
10:43:58,2.54,0.0,40,10160,卖盘
10:44:04,2.54,0.0,1,254,卖盘
10:44:31,2.54,0.0,58,14732,卖盘
10:44:40,2.54,0.0,100,25400,卖盘
10:44:49,2.55,0.01,55,14025,买盘
10:45:01,2.54,-0.01,100,25400,卖盘
10:45:13,2.54,0.0,91,23114,卖盘
10:45:22,2.54,0.0,1,254,卖盘
10:45:25,2.54,0.0,143,36359,卖盘
10:45:28,2.54,0.0,220,55880,卖盘
10:45:46,2.55,0.01,74,18870,买盘
10:45:49,2.54,-0.01,25,6350,卖盘
10:45:55,2.55,0.01,326,83130,买盘
10:46:01,2.54,-0.01,240,60960,卖盘
10:46:07,2.55,0.01,10,2550,买盘
10:46:10,2.55,0.0,11,2804,买盘
10:46:34,2.54,-0.01,91,23114,卖盘
10:46:52,2.54,0.0,4,1016,卖盘
10:47:01,2.54,0.0,1,254,卖盘
10:47:10,2.55,0.01,18,4590,买盘
10:47:16,2.55,0.0,1,255,买盘
10:47:19,2.55,0.0,1,255,买盘
10:47:22,2.54,-0.01,3,763,卖盘
10:47:49,2.55,0.01,2,510,买盘
10:47:52,2.55,0.0,18,4590,买盘
10:47:55,2.55,0.0,53,13514,买盘
10:47:58,2.55,0.0,12,3060,买盘
10:48:01,2.55,0.0,8,2040,买盘
10:48:07,2.55,0.0,20,5100,买盘
10:48:19,2.54,-0.01,1,254,卖盘
10:48:25,2.55,0.01,27,6885,买盘
10:48:31,2.54,-0.01,50,12700,卖盘
10:48:40,2.54,0.0,78,19812,卖盘
10:48:49,2.54,0.0,10,2540,卖盘
10:48:52,2.55,0.01,1,255,买盘
10:49:07,2.55,0.0,1,255,买盘
10:49:10,2.55,0.0,210,53550,买盘
10:49:13,2.55,0.0,11,2804,买盘
10:49:19,2.54,-0.01,1,254,卖盘
10:49:37,2.54,0.0,257,65278,卖盘
10:49:52,2.54,0.0,250,63500,卖盘
10:50:01,2.55,0.01,15,3825,买盘
10:50:07,2.54,-0.01,1,254,卖盘
10:50:31,2.54,0.0,1,254,卖盘
10:50:37,2.54,0.0,87,22098,卖盘
10:50:40,2.55,0.01,4,1020,买盘
10:50:49,2.54,-0.01,100,25400,卖盘
10:50:52,2.55,0.01,4,1020,买盘
10:50:55,2.54,-0.01,110,27940,卖盘
10:51:10,2.55,0.01,3,765,买盘
10:51:13,2.54,-0.01,4,1016,卖盘
10:51:16,2.55,0.01,1,255,买盘
10:51:22,2.55,0.0,4,1020,买盘
10:51:25,2.55,0.0,21,5354,买盘
10:51:52,2.54,-0.01,1,254,卖盘
10:51:55,2.54,0.0,646,164136,卖盘
10:51:58,2.54,0.0,14,3556,卖盘
10:52:04,2.55,0.01,4,1020,买盘
10:52:10,2.54,-0.01,100,25400,卖盘
10:52:19,2.54,0.0,8,2032,卖盘
10:52:28,2.55,0.01,1,255,买盘
10:52:43,2.54,-0.01,1,254,卖盘
10:52:49,2.55,0.01,121,30855,买盘
10:52:52,2.55,0.0,585,149175,买盘
10:52:55,2.55,0.0,11,2805,买盘
10:53:04,2.55,0.0,50,12750,买盘
10:53:07,2.54,-0.01,1,254,卖盘
10:53:10,2.55,0.01,20,5100,买盘
10:53:19,2.54,-0.01,3,762,卖盘
10:53:28,2.54,0.0,61,15494,卖盘
10:53:34,2.55,0.01,4,1020,买盘
10:53:43,2.55,0.0,61,15555,买盘
10:53:46,2.55,0.0,4,1020,买盘
10:53:52,2.55,0.0,132,33660,买盘
10:53:55,2.55,0.0,90,22949,买盘
10:54:04,2.55,0.0,226,57630,买盘
10:54:10,2.55,0.0,1,255,买盘
10:54:13,2.55,0.0,404,103020,买盘
10:54:16,2.55,0.0,5766,1470407,买盘
10:54:19,2.56,0.01,63,16125,买盘
10:54:37,2.56,0.0,388,99328,买盘
10:54:43,2.56,0.0,226,57856,买盘
10:54:49,2.56,0.0,1,256,买盘
10:55:01,2.56,0.0,472,120832,买盘
10:55:07,2.56,0.0,253,64768,买盘
10:55:19,2.55,-0.01,3,765,卖盘
10:55:25,2.55,0.0,8,2040,卖盘
10:55:37,2.56,0.01,1,256,买盘
10:55:40,2.56,0.0,28,7168,买盘
10:55:49,2.56,0.0,521,133376,买盘
10:55:52,2.56,0.0,598,153088,买盘
10:55:55,2.56,0.0,5,1280,买盘
10:56:07,2.56,0.0,154,39279,买盘
10:56:10,2.56,0.0,16,4096,买盘
10:56:13,2.56,0.0,1,256,买盘
10:56:16,2.56,0.0,9,2303,买盘
10:56:19,2.56,0.0,1,256,买盘
10:56:22,2.56,0.0,11,2813,买盘
10:56:28,2.56,0.0,8,2048,买盘
10:56:31,2.56,0.0,1,256,买盘
10:56:34,2.56,0.0,7,1792,买盘
10:56:40,2.56,0.0,6,1536,买盘
10:56:46,2.56,0.0,6,1536,买盘
10:56:49,2.56,0.0,41,10496,买盘
10:56:52,2.56,0.0,22,5632,买盘
10:56:55,2.56,0.0,1,256,买盘
10:56:58,2.56,0.0,200,51200,买盘
10:57:01,2.56,0.0,7,1792,买盘
10:57:07,2.55,-0.01,149,37995,卖盘
10:57:10,2.56,0.01,2,512,买盘
10:57:19,2.56,0.0,22,5630,买盘
10:57:43,2.56,0.0,78,19968,买盘
10:57:49,2.56,0.0,10,2560,买盘
10:57:52,2.55,-0.01,40,10200,卖盘
10:57:55,2.56,0.01,41,10495,买盘
10:58:01,2.55,-0.01,2,510,卖盘
10:58:07,2.56,0.01,40,10240,买盘
10:58:10,2.56,0.0,240,61440,买盘
10:58:13,2.56,0.0,4,1024,买盘
10:58:19,2.55,-0.01,26,6632,卖盘
10:58:22,2.56,0.01,1,256,买盘
10:58:25,2.56,0.0,5,1280,买盘
10:58:31,2.56,0.0,1,256,买盘
10:58:49,2.56,0.0,431,110336,买盘
10:59:04,2.56,0.0,121,30976,买盘
10:59:07,2.55,-0.01,30,7650,卖盘
10:59:10,2.55,0.0,114,29071,卖盘
10:59:19,2.55,0.0,3,765,卖盘
10:59:22,2.55,0.0,73,18673,卖盘
10:59:28,2.56,0.01,1,256,买盘
10:59:31,2.56,0.0,3,768,买盘
10:59:37,2.55,-0.01,1,255,卖盘
10:59:40,2.56,0.01,4,1024,买盘
10:59:46,2.56,0.0,1,256,买盘
11:00:01,2.55,-0.01,20,5100,卖盘
11:00:04,2.55,0.0,4,1023,卖盘
11:00:10,2.56,0.01,3,768,买盘
11:00:13,2.56,0.0,4,1024,买盘
11:00:16,2.56,0.0,2,512,买盘
11:00:19,2.55,-0.01,6,1533,卖盘
11:00:22,2.56,0.01,2,512,买盘
11:00:28,2.55,-0.01,1,255,卖盘
11:00:34,2.56,0.01,2,512,买盘
11:00:37,2.55,-0.01,10,2550,卖盘
11:00:40,2.56,0.01,2,512,买盘
11:00:49,2.56,0.0,957,244849,买盘
11:00:52,2.56,0.0,234,59903,买盘
11:00:55,2.56,0.0,2,512,买盘
11:00:58,2.56,0.0,3,768,买盘
11:01:01,2.56,0.0,1,256,买盘
11:01:04,2.56,0.0,2334,597504,买盘
11:01:07,2.56,0.0,307,78592,买盘
11:01:10,2.56,0.0,11,2816,买盘
11:01:16,2.56,0.0,3,768,买盘
11:01:19,2.55,-0.01,116,29693,卖盘
11:01:22,2.56,0.01,2154,551424,买盘
11:01:25,2.56,0.0,25,6400,卖盘
11:01:28,2.56,0.0,1,256,卖盘
11:01:46,2.57,0.01,40,10270,买盘
11:01:58,2.57,0.0,34,8738,买盘
11:02:34,2.57,0.0,55,14135,买盘
11:02:40,2.57,0.0,46,11822,买盘
11:02:43,2.57,0.0,500,128500,买盘
11:02:46,2.57,0.0,1900,488300,买盘
11:02:49,2.57,0.0,131,33667,买盘
11:03:04,2.57,0.0,20,5140,买盘
11:03:07,2.57,0.0,34,8738,买盘
11:03:13,2.57,0.0,503,129271,买盘
11:03:16,2.57,0.0,257,66049,买盘
11:03:19,2.56,-0.01,38,9728,卖盘
11:03:31,2.57,0.01,20,5140,买盘
11:03:43,2.57,0.0,20,5140,买盘
11:03:49,2.57,0.0,288,74016,买盘
11:04:10,2.56,-0.01,45,11545,卖盘
11:04:16,2.57,0.01,6,1542,买盘
11:04:40,2.57,0.0,34,8738,买盘
11:04:46,2.57,0.0,132,33922,买盘
11:05:07,2.56,-0.01,1,256,卖盘
11:05:10,2.57,0.01,17,4369,买盘
11:05:34,2.56,-0.01,34,8704,卖盘
11:05:49,2.56,0.0,214,54794,卖盘
11:05:52,2.56,0.0,48,12288,卖盘
11:06:01,2.56,0.0,1,256,卖盘
11:06:16,2.56,0.0,4,1024,卖盘
11:06:22,2.56,0.0,238,60928,卖盘
11:06:25,2.56,0.0,20,5120,卖盘
11:06:28,2.56,0.0,20,5120,卖盘
11:06:40,2.56,0.0,6,1536,卖盘
11:06:43,2.56,0.0,844,216064,卖盘
11:06:46,2.56,0.0,1601,409856,卖盘
11:06:49,2.56,0.0,533,136448,卖盘
11:06:52,2.56,0.0,25,6400,卖盘
11:06:55,2.56,0.0,121,30976,卖盘
11:06:58,2.56,0.0,21,5376,卖盘
11:07:25,2.55,-0.01,3,765,卖盘
11:07:31,2.55,0.0,1,255,卖盘
11:07:49,2.55,0.0,1,255,卖盘
11:07:52,2.55,0.0,57,14535,卖盘
11:07:55,2.55,0.0,1,255,卖盘
11:07:58,2.55,0.0,58,14790,卖盘
11:08:01,2.55,0.0,1,255,卖盘
11:08:10,2.56,0.01,100,25600,买盘
11:08:19,2.55,-0.01,1,255,卖盘
11:08:22,2.55,0.0,3,765,卖盘
11:08:34,2.56,0.01,73,18688,买盘
11:08:37,2.56,0.0,16,4096,买盘
11:08:55,2.56,0.0,300,76800,买盘
11:09:01,2.55,-0.01,1,255,卖盘
11:09:04,2.56,0.01,229,58580,买盘
11:09:13,2.55,-0.01,1,255,卖盘
11:09:22,2.55,0.0,45,11475,卖盘
11:09:25,2.56,0.01,3,768,买盘
11:09:28,2.56,0.0,46,11776,买盘
11:09:31,2.56,0.0,32,8192,买盘
11:09:43,2.55,-0.01,60,15300,卖盘
11:09:58,2.56,0.01,27,6912,买盘
11:10:01,2.55,-0.01,1,255,卖盘
11:10:07,2.56,0.01,49,12544,买盘
11:10:19,2.56,0.0,1,256,买盘
11:10:22,2.55,-0.01,3,765,卖盘
11:10:25,2.56,0.01,44,11264,买盘
11:10:28,2.56,0.0,2,511,买盘
11:10:37,2.56,0.0,33,8448,买盘
11:10:49,2.56,0.0,102,26112,买盘
11:10:55,2.56,0.0,1,256,买盘
11:11:01,2.56,0.0,100,25600,买盘
11:11:10,2.56,0.0,36,9186,买盘
11:11:13,2.56,0.0,5,1280,买盘
11:11:22,2.55,-0.01,2,510,卖盘
11:11:25,2.55,0.0,5,1275,卖盘
11:11:28,2.55,0.0,185,47175,卖盘
11:11:37,2.55,0.0,476,121380,卖盘
11:11:43,2.56,0.01,174,44406,买盘
11:12:04,2.55,-0.01,1,255,卖盘
11:12:22,2.55,0.0,3,765,卖盘
11:12:34,2.55,0.0,1,255,卖盘
11:12:43,2.56,0.01,10,2560,买盘
11:12:46,2.56,0.0,2,512,买盘
11:12:55,2.56,0.0,6,1536,买盘
11:12:58,2.56,0.0,2,512,买盘
11:13:01,2.56,0.0,1,256,买盘
11:13:07,2.56,0.0,8,2048,买盘
11:13:22,2.55,-0.01,45,11517,卖盘
11:13:31,2.55,0.0,8,2040,卖盘
11:13:40,2.55,0.0,244,62220,卖盘
11:13:49,2.56,0.01,4,1023,买盘
11:13:58,2.56,0.0,2,512,买盘
11:14:10,2.56,0.0,43,11008,买盘
11:14:13,2.56,0.0,12,3072,买盘
11:14:22,2.55,-0.01,6,1533,卖盘
11:14:37,2.55,0.0,1,255,卖盘
11:14:55,2.56,0.01,79,20224,买盘
11:15:01,2.55,-0.01,4,1020,卖盘
11:15:13,2.56,0.01,9,2304,买盘
11:15:22,2.55,-0.01,3,765,卖盘
11:15:31,2.55,0.0,1,255,卖盘
11:15:46,2.56,0.01,20,5120,买盘
11:15:58,2.55,-0.01,1,255,卖盘
11:16:40,2.56,0.01,20,5120,买盘
11:16:43,2.55,-0.01,5,1275,卖盘
11:16:49,2.55,0.0,1,255,卖盘
11:17:04,2.55,0.0,3,765,卖盘
11:17:13,2.55,0.0,1,255,卖盘
11:17:16,2.56,0.01,2,512,买盘
11:17:37,2.56,0.0,3,768,买盘
11:17:52,2.55,-0.01,24,6120,卖盘
11:17:55,2.56,0.01,3726,953856,买盘
11:17:58,2.56,0.0,18,4608,卖盘
11:18:22,2.56,0.0,4,1024,卖盘
11:18:37,2.57,0.01,100,25700,买盘
11:19:01,2.57,0.0,4,1028,买盘
11:19:07,2.56,-0.01,76,19456,卖盘
11:19:10,2.57,0.01,13,3341,买盘
11:19:13,2.56,-0.01,611,156439,卖盘
11:19:16,2.56,0.0,2,512,买盘
11:19:19,2.56,0.0,2,512,买盘
11:19:31,2.56,0.0,50,12800,买盘
11:19:34,2.56,0.0,30,7680,买盘
11:19:40,2.55,-0.01,1,255,卖盘
11:20:04,2.56,0.01,10,2560,买盘
11:20:34,2.55,-0.01,1,255,卖盘
11:20:49,2.55,0.0,1,255,卖盘
11:20:58,2.56,0.01,389,99584,买盘
11:21:01,2.56,0.0,172,44031,买盘
11:21:04,2.56,0.0,1,256,买盘
11:21:28,2.55,-0.01,1,255,卖盘
11:21:31,2.56,0.01,16,4096,买盘
11:21:58,2.55,-0.01,100,25500,卖盘
11:22:10,2.55,0.0,227,57885,卖盘
11:22:13,2.56,0.01,3,768,买盘
11:22:19,2.55,-0.01,1,255,卖盘
11:22:55,2.55,0.0,1,255,卖盘
11:23:19,2.56,0.01,54,13824,买盘
11:23:22,2.56,0.0,3,768,买盘
11:23:31,2.55,-0.01,100,25500,卖盘
11:23:37,2.55,0.0,2,510,卖盘
11:23:40,2.55,0.0,10,2550,卖盘
11:23:58,2.56,0.01,1,256,买盘
11:24:01,2.55,-0.01,1,255,卖盘
11:24:10,2.56,0.01,84,21504,买盘
11:24:22,2.56,0.0,5,1280,买盘
11:24:28,2.55,-0.01,11,2815,卖盘
11:24:55,2.55,0.0,1,255,卖盘
11:25:13,2.55,0.0,20,5100,卖盘
11:25:25,2.55,0.0,1,255,卖盘
11:25:37,2.55,0.0,1000,255000,卖盘
11:25:43,2.55,0.0,40,10200,卖盘
11:25:46,2.55,0.0,173,44115,卖盘
11:25:55,2.55,0.0,7,1785,卖盘
11:26:01,2.55,0.0,218,55590,卖盘
11:26:04,2.55,0.0,10,2550,卖盘
11:26:22,2.56,0.01,100,25600,买盘
11:26:43,2.55,-0.01,1,255,卖盘
11:26:46,2.55,0.0,3,765,卖盘
11:26:55,2.55,0.0,20,5100,卖盘
11:27:10,2.55,0.0,3,765,卖盘
11:27:13,2.55,0.0,165,42075,卖盘
11:27:37,2.55,0.0,2,510,卖盘
11:27:40,2.55,0.0,1,255,卖盘
11:27:52,2.55,0.0,40,10200,卖盘
11:27:58,2.55,0.0,213,54315,卖盘
11:28:01,2.56,0.01,133,33916,买盘
11:28:04,2.55,-0.01,8,2040,卖盘
11:28:22,2.56,0.01,3,768,买盘
11:28:25,2.55,-0.01,11,2805,卖盘
11:28:34,2.56,0.01,9,2304,买盘
11:28:58,2.56,0.0,1,256,买盘
11:29:01,2.56,0.0,12,3072,买盘
11:29:04,2.56,0.0,231,59136,买盘
11:29:16,2.55,-0.01,1,255,卖盘
11:29:28,2.55,0.0,122,31110,卖盘
11:29:34,2.56,0.01,2,512,买盘
11:29:40,2.56,0.0,2,512,买盘
11:29:49,2.55,-0.01,1,255,卖盘
11:29:52,2.56,0.01,71,18176,买盘
11:29:58,2.55,-0.01,4,1020,卖盘
13:00:01,2.55,0.0,459,117200,卖盘
13:00:04,2.55,0.0,231,58964,卖盘
13:00:07,2.55,0.0,885,225685,卖盘
13:00:10,2.55,0.0,315,80408,卖盘
13:00:13,2.55,0.0,60,15300,卖盘
13:00:25,2.55,0.0,40,10200,卖盘
13:00:52,2.56,0.01,1,256,买盘
13:01:04,2.56,0.0,1,256,买盘
13:01:10,2.55,-0.01,13,3315,卖盘
13:01:28,2.56,0.01,30,7680,买盘
13:01:43,2.56,0.0,10,2560,买盘
13:01:49,2.55,-0.01,800,204000,卖盘
13:02:04,2.55,0.0,4,1020,卖盘
13:02:19,2.55,0.0,300,76500,卖盘
13:02:40,2.56,0.01,6,1536,买盘
13:03:04,2.55,-0.01,3,765,卖盘
13:03:07,2.55,0.0,839,213945,卖盘
13:03:10,2.55,0.0,185,47175,卖盘
13:03:13,2.55,0.0,29,7395,卖盘
13:03:19,2.55,0.0,86,21930,卖盘
13:03:28,2.56,0.01,500,128000,买盘
13:03:40,2.55,-0.01,31,7905,卖盘
13:03:43,2.55,0.0,2638,672690,卖盘
13:03:46,2.55,0.0,554,140771,买盘
13:03:49,2.55,0.0,8,2040,买盘
13:03:58,2.55,0.0,2,510,买盘
13:04:01,2.55,0.0,66,16767,买盘
13:04:04,2.55,0.0,103,26262,买盘
13:04:46,2.55,0.0,212,54060,买盘
13:04:58,2.55,0.0,100,25500,买盘
13:05:04,2.54,-0.01,90,22860,卖盘
13:05:10,2.54,0.0,1,254,卖盘
13:05:22,2.54,0.0,85,21590,卖盘
13:05:25,2.54,0.0,50,12700,卖盘
13:05:46,2.54,0.0,14,3556,卖盘
13:05:49,2.55,0.01,427,108883,买盘
13:06:07,2.54,-0.01,13,3302,卖盘
13:06:16,2.55,0.01,4,1020,买盘
13:06:19,2.54,-0.01,2112,536448,卖盘
13:06:22,2.54,0.0,2,508,卖盘
13:06:37,2.55,0.01,30,7650,买盘
13:06:40,2.55,0.0,787,200685,买盘
13:06:46,2.54,-0.01,1,254,卖盘
13:06:58,2.55,0.01,1,255,买盘
13:07:01,2.54,-0.01,2,508,卖盘
13:07:10,2.54,0.0,45,11430,卖盘
13:07:13,2.54,0.0,20,5080,卖盘
13:07:25,2.54,0.0,97,24638,卖盘
13:07:31,2.55,0.01,2,510,买盘
13:07:34,2.54,-0.01,15,3821,卖盘
13:07:43,2.55,0.01,41,10455,买盘
13:07:46,2.54,-0.01,5,1270,卖盘
13:07:49,2.54,0.0,23,5842,卖盘
13:08:01,2.55,0.01,9,2295,买盘
13:08:04,2.54,-0.01,3,762,卖盘
13:08:19,2.55,0.01,3,765,买盘
13:08:31,2.54,-0.01,821,208534,卖盘
13:08:58,2.55,0.01,9,2295,买盘
13:09:04,2.55,0.0,16,4077,买盘
13:09:10,2.54,-0.01,52,13208,卖盘
13:09:31,2.54,0.0,19,4826,卖盘
13:09:43,2.55,0.01,6,1530,买盘
13:09:49,2.55,0.0,10,2550,买盘
13:09:52,2.55,0.0,95,24225,买盘
13:09:55,2.55,0.0,4,1020,买盘
13:10:01,2.55,0.0,118,30090,买盘
13:10:04,2.54,-0.01,3,762,卖盘
13:10:10,2.55,0.01,1423,362865,买盘
13:10:13,2.55,0.0,1976,503880,买盘
13:10:16,2.55,0.0,6,1530,卖盘
13:10:52,2.55,0.0,2,510,卖盘
13:10:58,2.55,0.0,822,209610,卖盘
13:11:04,2.55,0.0,3,765,卖盘
13:11:07,2.55,0.0,3098,789990,卖盘
13:11:10,2.55,0.0,51,13005,卖盘
13:11:25,2.56,0.01,4,1024,买盘
13:11:37,2.56,0.0,14,3584,买盘
13:11:40,2.56,0.0,13,3328,买盘
13:11:43,2.56,0.0,76,19456,买盘
13:11:46,2.56,0.0,1,256,买盘
13:12:43,2.55,-0.01,50,12750,卖盘
13:12:49,2.55,0.0,209,53295,卖盘
13:13:10,2.55,0.0,100,25500,卖盘
13:13:40,2.55,0.0,3,765,卖盘
13:13:49,2.55,0.0,58,14790,卖盘
13:13:55,2.55,0.0,2,510,卖盘
13:14:10,2.55,0.0,53,13515,卖盘
13:14:25,2.56,0.01,144,36864,买盘
13:14:28,2.56,0.0,102,26112,买盘
13:14:31,2.55,-0.01,30,7650,卖盘
13:14:40,2.55,0.0,215,54825,卖盘
13:14:52,2.55,0.0,50,12750,卖盘
13:15:01,2.55,0.0,25,6375,卖盘
13:15:16,2.56,0.01,6,1532,买盘
13:15:22,2.55,-0.01,10,2550,卖盘
13:15:25,2.55,0.0,6,1530,卖盘
13:15:34,2.55,0.0,200,51000,卖盘
13:15:46,2.55,0.0,48,12240,卖盘
13:15:55,2.55,0.0,2,510,卖盘
13:16:01,2.55,0.0,1,255,卖盘
13:16:04,2.55,0.0,10,2550,卖盘
13:16:25,2.56,0.01,1,256,买盘
13:16:28,2.55,-0.01,101,25755,卖盘
13:16:46,2.55,0.0,28,7140,卖盘
13:17:04,2.55,0.0,2,510,卖盘
13:17:07,2.55,0.0,50,12750,卖盘
13:17:10,2.55,0.0,114,29070,卖盘
13:17:13,2.55,0.0,29,7395,卖盘
13:17:16,2.55,0.0,1014,258570,卖盘
13:17:19,2.55,0.0,2732,696660,卖盘
13:17:22,2.55,0.0,47,11985,买盘
13:17:37,2.54,-0.01,104,26416,卖盘
13:17:49,2.54,0.0,113,28702,卖盘
13:18:01,2.54,0.0,1,254,卖盘
13:18:25,2.54,0.0,91,23114,卖盘
13:18:46,2.55,0.01,13,3315,买盘
13:18:55,2.55,0.0,100,25500,买盘
13:18:58,2.55,0.0,40,10200,买盘
13:19:01,2.55,0.0,1,255,买盘
13:19:04,2.54,-0.01,2,508,卖盘
13:19:13,2.55,0.01,1,255,买盘
13:19:43,2.55,0.0,1001,255255,买盘
13:19:49,2.55,0.0,87,22185,卖盘
13:19:52,2.55,0.0,45,11465,中性盘
13:19:55,2.55,0.0,62,15810,卖盘
13:19:58,2.55,0.0,26,6630,中性盘
13:20:01,2.55,0.0,7,1785,买盘
13:20:04,2.55,0.0,3,765,买盘
13:20:07,2.55,0.0,754,192169,买盘
13:20:10,2.55,0.0,200,51000,卖盘
13:20:13,2.55,0.0,153,39015,卖盘
13:20:16,2.55,0.0,20,5100,买盘
13:20:19,2.55,0.0,1,255,买盘
13:20:22,2.54,-0.01,60,15240,卖盘
13:20:28,2.55,0.01,152,38760,买盘
13:20:40,2.55,0.0,21,5355,买盘
13:20:49,2.54,-0.01,3,762,卖盘
13:20:55,2.55,0.01,149,37995,买盘
13:20:58,2.56,0.01,4,1024,买盘
13:21:01,2.55,-0.01,4,1020,卖盘
13:21:04,2.56,0.01,4,1024,买盘
13:21:07,2.55,-0.01,12,3060,卖盘
13:21:46,2.55,0.0,31,7905,卖盘
13:21:52,2.55,0.0,1,255,卖盘
13:22:04,2.55,0.0,1,255,卖盘
13:22:13,2.55,0.0,2627,669885,卖盘
13:22:16,2.55,0.0,7,1785,买盘
13:22:28,2.55,0.0,1,255,买盘
13:22:49,2.55,0.0,156,39780,买盘
13:22:58,2.56,0.01,1,256,买盘
13:23:01,2.55,-0.01,30,7650,卖盘
13:23:31,2.55,0.0,1,255,卖盘
13:23:34,2.55,0.0,40,10200,卖盘
13:23:43,2.56,0.01,35,8960,买盘
13:23:52,2.55,-0.01,40,10200,卖盘
13:24:04,2.55,0.0,11,2805,卖盘
13:24:16,2.55,0.0,20,5100,卖盘
13:24:22,2.56,0.01,20,5120,买盘
13:24:52,2.56,0.0,7,1792,买盘
13:25:04,2.55,-0.01,2,510,卖盘
13:26:01,2.55,0.0,1,255,卖盘
13:26:31,2.55,0.0,5,1275,卖盘
13:26:37,2.55,0.0,1064,271320,卖盘
13:26:43,2.55,0.0,207,52785,卖盘
13:26:55,2.55,0.0,77,19635,卖盘
13:27:01,2.55,0.0,356,90780,卖盘
13:27:04,2.55,0.0,1,255,卖盘
13:27:13,2.55,0.0,10,2550,卖盘
13:27:43,2.55,0.0,3,765,卖盘
13:27:52,2.55,0.0,49,12495,卖盘
13:27:58,2.55,0.0,30,7651,卖盘
13:28:01,2.55,0.0,6,1530,卖盘
13:28:04,2.56,0.01,3,766,买盘
13:28:10,2.55,-0.01,30,7650,卖盘
13:28:16,2.56,0.01,246,62976,买盘
13:28:19,2.55,-0.01,300,76500,卖盘
13:28:22,2.55,0.0,51,13005,卖盘
13:28:25,2.55,0.0,167,42585,卖盘
13:28:31,2.55,0.0,3,765,卖盘
13:28:34,2.55,0.0,67,17085,卖盘
13:29:04,2.55,0.0,1,255,卖盘
13:29:16,2.55,0.0,10,2550,卖盘
13:29:31,2.55,0.0,21,5375,卖盘
13:29:34,2.56,0.01,2,512,买盘
13:29:37,2.55,-0.01,50,12750,卖盘
13:29:40,2.55,0.0,44,11222,卖盘
13:29:55,2.56,0.01,1,256,买盘
13:30:01,2.55,-0.01,3428,874140,卖盘
13:30:04,2.55,0.0,1141,290955,卖盘
13:30:13,2.55,0.0,26,6630,买盘
13:31:04,2.54,-0.01,9,2286,卖盘
13:31:22,2.54,0.0,119,30226,卖盘
13:31:37,2.54,0.0,8,2032,卖盘
13:31:40,2.55,0.01,13,3315,买盘
13:32:04,2.54,-0.01,2,508,卖盘
13:32:37,2.54,0.0,500,127000,卖盘
13:32:43,2.55,0.01,2,510,买盘
13:33:04,2.54,-0.01,1,254,卖盘
13:33:10,2.54,0.0,752,191008,卖盘
13:33:13,2.55,0.01,110,27950,买盘
13:34:04,2.54,-0.01,2,508,卖盘
13:34:10,2.55,0.01,2,510,买盘
13:34:13,2.55,0.0,1,255,买盘
13:34:16,2.55,0.0,1,255,买盘
13:34:28,2.55,0.0,62,15756,买盘
13:34:40,2.55,0.0,41,10455,买盘
13:34:43,2.55,0.0,100,25500,买盘
13:34:52,2.55,0.0,9,2295,买盘
13:34:55,2.55,0.0,1908,486540,买盘
13:34:58,2.55,0.0,375,95625,买盘
13:35:04,2.55,0.0,1,255,卖盘
13:35:28,2.56,0.01,5,1280,买盘
13:35:31,2.55,-0.01,100,25500,卖盘
13:35:43,2.55,0.0,78,19890,卖盘
13:36:19,2.55,0.0,32,8160,卖盘
13:36:34,2.55,0.0,23,5865,卖盘
13:36:37,2.55,0.0,605,154275,卖盘
13:36:40,2.54,-0.01,1177,298995,卖盘
13:36:43,2.55,0.01,168,42840,买盘
13:36:46,2.55,0.0,27,6885,买盘
13:36:49,2.55,0.0,178,45390,买盘
13:36:55,2.55,0.0,1,255,买盘
13:37:01,2.54,-0.01,41,10414,卖盘
13:37:07,2.54,0.0,2,508,卖盘
13:37:10,2.55,0.01,1,255,买盘
13:37:13,2.54,-0.01,1,254,卖盘
13:37:16,2.55,0.01,1,255,买盘
13:37:19,2.54,-0.01,35,8890,卖盘
13:37:25,2.55,0.01,1,255,买盘
13:37:46,2.55,0.0,1,255,买盘
13:37:52,2.55,0.0,20,5100,买盘
13:38:01,2.55,0.0,20,5100,买盘
13:38:04,2.55,0.0,62,15810,买盘
13:38:43,2.54,-0.01,1,254,卖盘
13:38:55,2.55,0.01,20,5100,买盘
13:39:07,2.55,0.0,1,255,买盘
13:39:10,2.55,0.0,10,2550,买盘
13:39:25,2.55,0.0,1,255,买盘
13:39:28,2.54,-0.01,43,10922,卖盘
13:39:46,2.55,0.01,180,45900,买盘
13:40:22,2.55,0.0,20,5100,买盘
13:41:28,2.55,0.0,4,1020,买盘
13:41:31,2.55,0.0,144,36720,买盘
13:41:46,2.54,-0.01,100,25400,卖盘
13:42:04,2.54,0.0,140,35560,卖盘
13:42:13,2.55,0.01,1,255,买盘
13:42:28,2.55,0.0,52,13260,买盘
13:42:55,2.55,0.0,71,18105,买盘
13:42:58,2.55,0.0,23,5865,买盘
13:43:01,2.55,0.0,58,14790,买盘
13:43:16,2.55,0.0,1,255,买盘
13:43:19,2.55,0.0,109,27795,买盘
13:43:22,2.55,0.0,699,178245,买盘
13:43:25,2.55,0.0,18,4590,买盘
13:43:28,2.55,0.0,1,255,买盘
13:43:31,2.54,-0.01,500,127000,卖盘
13:43:37,2.54,0.0,364,92456,卖盘
13:43:49,2.54,0.0,500,127000,卖盘
13:44:01,2.55,0.01,102,26010,买盘
13:44:04,2.55,0.0,233,59415,买盘
13:44:07,2.55,0.0,20,5100,买盘
13:44:13,2.54,-0.01,8,2032,卖盘
13:44:34,2.54,0.0,9,2287,卖盘
13:44:46,2.55,0.01,2,510,买盘
13:45:04,2.54,-0.01,3,762,卖盘
13:45:13,2.55,0.01,2,510,买盘
13:45:16,2.55,0.0,92,23460,买盘
13:45:19,2.55,0.0,1,255,买盘
13:45:22,2.55,0.0,1,255,买盘
13:45:52,2.55,0.0,30,7650,买盘
13:46:04,2.54,-0.01,265,67310,卖盘
13:46:16,2.54,0.0,1,254,卖盘
13:46:22,2.55,0.01,49,12495,买盘
13:47:07,2.54,-0.01,12,3050,卖盘
13:47:10,2.55,0.01,96,24480,买盘
13:47:13,2.55,0.0,1,255,买盘
13:47:16,2.54,-0.01,8,2032,卖盘
13:47:28,2.54,0.0,31,7874,卖盘
13:47:34,2.54,0.0,11,2794,卖盘
13:47:49,2.55,0.01,8,2040,买盘
13:48:13,2.55,0.0,10,2550,买盘
13:48:58,2.55,0.0,17,4335,买盘
13:49:04,2.55,0.0,1,255,买盘
13:49:13,2.55,0.0,54,13770,买盘
13:49:22,2.54,-0.01,600,152400,卖盘
13:49:37,2.54,0.0,400,101600,卖盘
13:49:43,2.55,0.01,4,1020,买盘
13:50:01,2.55,0.0,2,510,买盘
13:50:10,2.55,0.0,1,255,买盘
13:50:13,2.54,-0.01,3,762,卖盘
13:50:16,2.55,0.01,10,2550,买盘
13:50:19,2.55,0.0,10,2550,买盘
13:50:28,2.55,0.0,100,25500,买盘
13:50:37,2.55,0.0,50,12750,买盘
13:50:40,2.55,0.0,1,255,买盘
13:50:43,2.55,0.0,4,1020,买盘
13:50:46,2.54,-0.01,84,21392,卖盘
13:50:49,2.55,0.01,2383,607665,买盘
13:50:58,2.56,0.01,91,23219,买盘
13:51:13,2.55,-0.01,5,1275,卖盘
13:51:52,2.56,0.01,1,256,买盘
13:51:58,2.56,0.0,20,5120,买盘
13:52:07,2.55,-0.01,44,11220,卖盘
13:52:25,2.55,0.0,100,25500,卖盘
13:52:28,2.55,0.0,90,22950,卖盘
13:52:49,2.56,0.01,79,20146,买盘
13:53:52,2.56,0.0,19,4864,买盘
13:53:55,2.56,0.0,4,1024,买盘
13:53:58,2.56,0.0,73,18688,买盘
13:54:01,2.56,0.0,63,16128,买盘
13:54:04,2.55,-0.01,70,17851,卖盘
13:54:13,2.56,0.01,43,11008,买盘
13:54:19,2.56,0.0,159,40704,买盘
13:54:22,2.56,0.0,1,256,买盘
13:54:37,2.56,0.0,30,7680,买盘
13:54:49,2.56,0.0,1,256,买盘
13:54:58,2.56,0.0,3,768,买盘
13:55:04,2.56,0.0,130,33280,买盘
13:55:07,2.56,0.0,400,102300,买盘
13:55:10,2.56,0.0,3,768,买盘
13:55:13,2.56,0.0,2,512,买盘
13:55:46,2.56,0.0,5,1280,买盘
13:55:58,2.56,0.0,28,7168,买盘
13:56:01,2.56,0.0,2,512,买盘
13:56:07,2.56,0.0,7,1792,买盘
13:56:10,2.56,0.0,322,82432,买盘
13:56:13,2.56,0.0,7,1792,买盘
13:56:16,2.56,0.0,30,7680,买盘
13:56:19,2.56,0.0,2,512,买盘
13:56:25,2.56,0.0,9,2304,买盘
13:56:31,2.56,0.0,5,1280,买盘
13:56:34,2.56,0.0,1,256,买盘
13:56:40,2.56,0.0,7,1792,买盘
13:56:43,2.56,0.0,797,203437,买盘
13:56:46,2.56,0.0,80,20480,买盘
13:56:52,2.56,0.0,2,512,买盘
13:56:58,2.56,0.0,14,3584,买盘
13:57:01,2.56,0.0,2,512,买盘
13:57:07,2.56,0.0,64,16384,买盘
13:57:10,2.56,0.0,4,1024,买盘
13:57:16,2.56,0.0,5,1280,买盘
13:57:25,2.55,-0.01,50,12750,卖盘
13:57:28,2.56,0.01,3,768,买盘
13:57:37,2.56,0.0,31,7936,买盘
13:57:40,2.55,-0.01,1,255,卖盘
13:57:58,2.56,0.01,33,8448,买盘
13:58:01,2.56,0.0,104,26624,买盘
13:58:04,2.56,0.0,3,768,买盘
13:58:07,2.56,0.0,15,3840,买盘
13:58:10,2.56,0.0,2,512,买盘
13:58:13,2.56,0.0,4,1024,买盘
13:58:16,2.56,0.0,23,5888,买盘
13:58:19,2.56,0.0,1,256,买盘
13:58:22,2.56,0.0,10,2560,买盘
13:58:34,2.56,0.0,10344,2648064,买盘
13:58:37,2.56,0.0,36,9251,卖盘
13:58:40,2.57,0.01,17,4369,买盘
13:58:46,2.57,0.0,5,1285,买盘
13:58:49,2.56,-0.01,4,1024,卖盘
13:58:58,2.57,0.01,8,2056,买盘
13:59:01,2.56,-0.01,7,1792,卖盘
13:59:07,2.57,0.01,186,47802,买盘
13:59:16,2.57,0.0,8,2056,买盘
13:59:19,2.57,0.0,1,257,买盘
13:59:22,2.57,0.0,8,2056,买盘
13:59:28,2.57,0.0,10,2570,买盘
13:59:31,2.57,0.0,25,6425,买盘
13:59:34,2.57,0.0,20,5140,买盘
13:59:40,2.57,0.0,8,2056,买盘
13:59:43,2.57,0.0,861,221277,买盘
13:59:46,2.57,0.0,21,5397,买盘
13:59:49,2.57,0.0,2,514,买盘
13:59:52,2.57,0.0,7,1799,买盘
14:00:07,2.57,0.0,1,257,买盘
14:00:13,2.57,0.0,2,514,买盘
14:00:19,2.57,0.0,5,1285,买盘
14:00:22,2.57,0.0,2,514,买盘
14:00:28,2.57,0.0,63,16191,买盘
14:00:31,2.57,0.0,27,6939,买盘
14:00:34,2.57,0.0,497,127729,买盘
14:00:37,2.57,0.0,28,7196,买盘
14:00:40,2.57,0.0,1,257,买盘
14:00:46,2.57,0.0,7761,1994577,买盘
14:00:52,2.57,0.0,33,8481,卖盘
14:00:55,2.58,0.01,210,54170,买盘
14:00:58,2.58,0.0,2,516,买盘
14:01:01,2.58,0.0,10,2580,买盘
14:01:04,2.58,0.0,1,258,买盘
14:01:07,2.58,0.0,2,516,买盘
14:01:13,2.57,-0.01,30,7710,卖盘
14:01:19,2.57,0.0,30,7710,卖盘
14:01:25,2.58,0.01,8,2064,买盘
14:01:28,2.57,-0.01,3,771,卖盘
14:01:34,2.58,0.01,95,24510,买盘
14:01:37,2.58,0.0,4,1032,买盘
14:01:40,2.58,0.0,280,71971,买盘
14:01:43,2.58,0.0,215,55470,买盘
14:01:46,2.58,0.0,306,78648,买盘
14:01:49,2.58,0.0,305,78690,买盘
14:01:52,2.58,0.0,14,3612,买盘
14:01:55,2.58,0.0,100,25800,买盘
14:01:58,2.58,0.0,54,13932,买盘
14:02:07,2.58,0.0,170,43860,买盘
14:02:25,2.58,0.0,1,258,买盘
14:02:37,2.58,0.0,25,6450,买盘
14:02:43,2.57,-0.01,20,5140,卖盘
14:02:46,2.58,0.01,4,1032,买盘
14:03:10,2.58,0.0,49,12640,买盘
14:03:22,2.58,0.0,5,1290,买盘
14:03:40,2.58,0.0,495,127710,买盘
14:03:49,2.58,0.0,69,17802,买盘
14:03:58,2.58,0.0,50,12900,买盘
14:04:04,2.57,-0.01,150,38550,卖盘
14:04:07,2.58,0.01,5,1290,买盘
14:04:10,2.58,0.0,4,1032,买盘
14:04:19,2.58,0.0,63,16254,买盘
14:04:22,2.58,0.0,5,1290,买盘
14:04:25,2.58,0.0,3,774,买盘
14:04:31,2.57,-0.01,1011,259827,卖盘
14:04:34,2.58,0.01,24,6192,买盘
14:04:37,2.57,-0.01,37,9509,卖盘
14:04:40,2.58,0.01,50,12900,买盘
14:04:52,2.58,0.0,95,24420,买盘
14:05:07,2.58,0.0,50,12900,买盘
14:05:37,2.58,0.0,5,1290,买盘
14:05:43,2.57,-0.01,33,8481,卖盘
14:05:46,2.57,0.0,100,25700,卖盘
14:05:58,2.58,0.01,2,516,买盘
14:06:10,2.57,-0.01,29,7453,卖盘
14:06:13,2.57,0.0,23,5911,卖盘
14:06:16,2.57,0.0,8,2056,卖盘
14:06:22,2.58,0.01,205,52690,买盘
14:06:43,2.58,0.0,10,2580,买盘
14:06:46,2.58,0.0,449,115842,买盘
14:06:52,2.56,-0.02,6674,1715207,卖盘
14:06:55,2.57,0.01,217,55769,买盘
14:06:58,2.57,0.0,10,2570,买盘
14:07:01,2.57,0.0,82,21074,买盘
14:07:04,2.57,0.0,174,44718,买盘
14:07:07,2.57,0.0,72,18504,买盘
14:07:10,2.57,0.0,76,19532,买盘
14:07:13,2.57,0.0,51,13111,卖盘
14:07:16,2.58,0.01,3,774,买盘
14:07:19,2.57,-0.01,31,7967,卖盘
14:07:22,2.57,0.0,185,47546,卖盘
14:07:25,2.58,0.01,13,3348,买盘
14:07:31,2.57,-0.01,52,13364,卖盘
14:07:34,2.57,0.0,57,14649,买盘
14:07:43,2.57,0.0,1,257,买盘
14:07:46,2.57,0.0,8,2056,买盘
14:07:55,2.57,0.0,5,1285,买盘
14:07:58,2.57,0.0,3,771,买盘
14:08:13,2.57,0.0,98,25186,买盘
14:08:16,2.57,0.0,840,215880,买盘
14:08:19,2.58,0.01,82,21097,买盘
14:08:34,2.57,-0.01,167,42919,卖盘
14:08:40,2.58,0.01,5,1290,买盘
14:08:46,2.57,-0.01,4,1028,卖盘
14:08:52,2.58,0.01,6,1548,买盘
14:09:10,2.58,0.0,31,7998,买盘
14:09:13,2.58,0.0,12,3085,买盘
14:09:25,2.58,0.0,35,9000,买盘
14:09:37,2.58,0.0,92,23736,买盘
14:09:46,2.57,-0.01,188,48316,卖盘
14:10:04,2.57,0.0,3,771,卖盘
14:10:07,2.57,0.0,7,1799,卖盘
14:10:13,2.57,0.0,135,34700,卖盘
14:10:28,2.57,0.0,18,4626,卖盘
14:10:34,2.58,0.01,102,26216,买盘
14:10:52,2.57,-0.01,355,91235,卖盘
14:10:58,2.58,0.01,5,1290,买盘
14:11:07,2.58,0.0,2,516,买盘
14:11:10,2.58,0.0,2,516,买盘
14:11:22,2.58,0.0,107,27506,买盘
14:11:43,2.58,0.0,5,1290,买盘
14:12:01,2.58,0.0,1769,456402,买盘
14:12:04,2.58,0.0,620,159960,买盘
14:12:10,2.58,0.0,239,61662,买盘
14:12:19,2.58,0.0,1,258,买盘
14:12:28,2.58,0.0,7,1806,买盘
14:12:40,2.57,-0.01,329,84553,卖盘
14:12:43,2.58,0.01,6,1548,买盘
14:12:55,2.58,0.0,40,10320,买盘
14:12:58,2.58,0.0,30,7740,买盘
14:13:07,2.58,0.0,12,3096,买盘
14:13:10,2.58,0.0,46,11868,买盘
14:13:13,2.58,0.0,6,1548,买盘
14:13:16,2.58,0.0,12,3096,买盘
14:13:22,2.58,0.0,50,12900,买盘
14:13:25,2.58,0.0,22,5666,买盘
14:13:28,2.58,0.0,92,23736,买盘
14:13:34,2.58,0.0,65,16770,买盘
14:13:52,2.58,0.0,39,10062,买盘
14:13:58,2.58,0.0,17,4386,买盘
14:14:01,2.57,-0.01,100,25700,卖盘
14:14:04,2.58,0.01,168,43344,买盘
14:14:28,2.58,0.0,34,8772,买盘
14:14:31,2.58,0.0,2,516,买盘
14:14:34,2.58,0.0,45,11610,买盘
14:14:37,2.58,0.0,4,1032,买盘
14:14:46,2.57,-0.01,36,9257,卖盘
14:14:55,2.58,0.01,1,258,买盘
14:15:01,2.57,-0.01,2,514,卖盘
14:15:04,2.58,0.01,50,12900,买盘
14:15:10,2.57,-0.01,0,2,卖盘
14:15:19,2.57,0.0,500,128500,卖盘
14:15:25,2.57,0.0,85,21845,卖盘
14:16:07,2.58,0.01,12,3086,买盘
14:16:10,2.58,0.0,23,5934,买盘
14:16:13,2.57,-0.01,8,2056,卖盘
14:16:28,2.58,0.01,1,258,买盘
14:16:37,2.57,-0.01,10,2570,卖盘
14:17:19,2.57,0.0,101,25957,卖盘
14:17:40,2.57,0.0,75,19275,卖盘
14:17:43,2.57,0.0,203,52171,卖盘
14:17:46,2.57,0.0,1,257,卖盘
14:17:55,2.58,0.01,32,8256,买盘
14:17:58,2.58,0.0,4,1032,买盘
14:18:01,2.57,-0.01,60,15420,卖盘
14:18:04,2.57,0.0,78,20046,卖盘
14:18:07,2.57,0.0,1628,418396,卖盘
14:18:10,2.57,0.0,342,87894,卖盘
14:18:13,2.57,0.0,85,21845,卖盘
14:18:16,2.57,0.0,6,1542,卖盘
14:18:19,2.57,0.0,46,11822,卖盘
14:18:22,2.57,0.0,100,25700,卖盘
14:18:25,2.57,0.0,47,12077,卖盘
14:18:28,2.57,0.0,616,158312,买盘
14:18:31,2.57,0.0,1,257,买盘
14:18:49,2.57,0.0,59,15124,买盘
14:19:01,2.56,-0.01,100,25600,卖盘
14:19:04,2.57,0.01,47,12079,买盘
14:19:34,2.56,-0.01,100,25600,卖盘
14:19:37,2.57,0.01,14,3598,买盘
14:19:52,2.56,-0.01,94,24064,卖盘
14:21:04,2.56,0.0,200,51200,卖盘
14:21:16,2.57,0.01,1311,336927,买盘
14:21:19,2.57,0.0,73,18761,买盘
14:21:22,2.57,0.0,1,257,买盘
14:21:25,2.56,-0.01,10,2569,卖盘
14:21:28,2.57,0.01,54,13868,买盘
14:21:31,2.57,0.0,27,6939,买盘
14:21:34,2.56,-0.01,3,768,卖盘
14:21:37,2.57,0.01,7,1799,买盘
14:22:34,2.57,0.0,10,2570,买盘
14:22:37,2.57,0.0,3,771,买盘
14:22:46,2.56,-0.01,1,256,卖盘
14:22:52,2.57,0.01,591,151887,买盘
14:22:55,2.56,-0.01,100,25600,卖盘
14:22:58,2.56,0.0,5,1280,卖盘
14:23:01,2.57,0.01,431,110767,买盘
14:23:07,2.57,0.0,10,2570,买盘
14:23:13,2.57,0.0,1,257,买盘
14:23:16,2.57,0.0,42,10794,买盘
14:23:28,2.57,0.0,1772,455404,买盘
14:23:31,2.57,0.0,1568,402976,买盘
14:23:34,2.57,0.0,250,64250,买盘
14:23:37,2.57,0.0,25,6425,买盘
14:23:43,2.57,0.0,90,23130,买盘
14:23:52,2.57,0.0,1,257,买盘
14:23:55,2.57,0.0,20,5140,买盘
14:24:01,2.57,0.0,317,81469,买盘
14:24:04,2.57,0.0,50,12850,买盘
14:24:07,2.57,0.0,101,25957,买盘
14:24:10,2.57,0.0,34,8741,卖盘
14:24:31,2.57,0.0,10,2570,买盘
14:24:34,2.57,0.0,50,12850,买盘
14:24:37,2.57,0.0,10,2570,买盘
14:24:46,2.57,0.0,2,514,买盘
14:24:49,2.57,0.0,33,8481,买盘
14:24:52,2.57,0.0,100,25700,中性盘
14:24:55,2.56,-0.01,30,7709,卖盘
14:25:04,2.57,0.01,4,1028,卖盘
14:25:07,2.57,0.0,3,771,卖盘
14:25:22,2.57,0.0,1,257,卖盘
14:25:31,2.57,0.0,74,19018,卖盘
14:25:46,2.57,0.0,26,6682,买盘
14:26:01,2.56,-0.01,213,54532,卖盘
14:26:04,2.57,0.01,35,8995,买盘
14:26:16,2.57,0.0,1,257,买盘
14:26:25,2.57,0.0,40,10280,买盘
14:26:43,2.57,0.0,62,15934,买盘
14:26:52,2.57,0.0,1,257,买盘
14:27:01,2.57,0.0,1,257,买盘
14:27:04,2.57,0.0,42,10794,买盘
14:27:22,2.57,0.0,11,2827,买盘
14:27:34,2.57,0.0,51,13107,买盘
14:27:37,2.57,0.0,200,51400,买盘
14:27:46,2.57,0.0,115,29555,买盘
14:28:01,2.57,0.0,2,514,买盘
14:28:07,2.57,0.0,1,257,买盘
14:28:19,2.57,0.0,2,514,买盘
14:29:01,2.57,0.0,1,257,买盘
14:29:07,2.56,-0.01,280,71797,卖盘
14:29:19,2.56,0.0,29,7424,卖盘
14:29:25,2.57,0.01,205,52685,买盘
14:29:28,2.56,-0.01,1,256,卖盘
14:29:31,2.57,0.01,94,24158,买盘
14:30:13,2.56,-0.01,1,256,卖盘
14:30:19,2.56,0.0,3,768,卖盘
14:30:28,2.56,0.0,1,256,卖盘
14:30:55,2.57,0.01,1,257,买盘
14:30:58,2.57,0.0,25,6425,买盘
14:31:28,2.56,-0.01,10,2560,卖盘
14:31:40,2.56,0.0,10,2560,卖盘
14:32:34,2.56,0.0,26,6656,卖盘
14:32:37,2.56,0.0,20,5120,卖盘
14:32:46,2.56,0.0,5,1280,卖盘
14:32:49,2.57,0.01,2,513,买盘
14:32:52,2.56,-0.01,5,1280,卖盘
14:33:01,2.57,0.01,5,1285,买盘
14:33:04,2.56,-0.01,2,512,卖盘
14:33:07,2.57,0.01,154,39578,买盘
14:33:13,2.56,-0.01,17,4352,卖盘
14:33:25,2.57,0.01,1,257,买盘
14:33:31,2.57,0.0,103,26471,买盘
14:33:46,2.56,-0.01,1,256,卖盘
14:34:04,2.56,0.0,49,12544,卖盘
14:34:07,2.56,0.0,62,15872,卖盘
14:34:28,2.56,0.0,3,768,卖盘
14:34:37,2.56,0.0,1,256,卖盘
14:34:55,2.57,0.01,122,31345,买盘
14:34:58,2.56,-0.01,12,3072,卖盘
14:35:01,2.57,0.01,2,514,买盘
14:35:04,2.56,-0.01,39,9984,卖盘
14:35:10,2.57,0.01,20,5140,买盘
14:35:19,2.56,-0.01,1,256,卖盘
14:35:40,2.57,0.01,10,2570,买盘
14:35:55,2.57,0.0,352,90464,买盘
14:36:07,2.57,0.0,40,10280,买盘
14:36:25,2.57,0.0,20,5140,买盘
14:36:43,2.57,0.0,7,1799,买盘
14:36:46,2.56,-0.01,9,2304,卖盘
14:36:49,2.57,0.01,4,1028,买盘
14:36:52,2.57,0.0,220,56540,买盘
14:36:55,2.56,-0.01,72,18432,卖盘
14:36:58,2.57,0.01,147,37779,买盘
14:37:13,2.57,0.0,20,5140,买盘
14:37:16,2.56,-0.01,1,256,卖盘
14:37:31,2.56,0.0,16,4096,卖盘
14:37:43,2.56,0.0,259,66304,卖盘
14:37:46,2.57,0.01,50,12850,买盘
14:37:58,2.57,0.0,1,257,买盘
14:38:01,2.57,0.0,300,77100,买盘
14:38:07,2.56,-0.01,9,2304,卖盘
14:38:10,2.56,0.0,5,1280,卖盘
14:38:19,2.57,0.01,16,4112,买盘
14:38:25,2.56,-0.01,36,9216,卖盘
14:38:28,2.57,0.01,45,11565,买盘
14:38:43,2.56,-0.01,201,51656,卖盘
14:39:01,2.57,0.01,45,11556,买盘
14:39:04,2.57,0.0,315,80890,买盘
14:39:10,2.57,0.0,1,257,买盘
14:39:13,2.56,-0.01,30,7680,卖盘
14:39:16,2.56,0.0,5,1280,卖盘
14:39:22,2.57,0.01,85,21845,买盘
14:39:28,2.57,0.0,10,2570,买盘
14:39:37,2.57,0.0,1,257,买盘
14:39:40,2.56,-0.01,3,768,卖盘
14:39:46,2.57,0.01,105,26885,买盘
14:39:49,2.57,0.0,100,25700,买盘
14:40:01,2.57,0.0,372,95604,买盘
14:40:04,2.57,0.0,68,17476,买盘
14:40:22,2.57,0.0,771,198147,买盘
14:40:28,2.57,0.0,47,12079,买盘
14:40:31,2.57,0.0,1,257,买盘
14:40:34,2.56,-0.01,9,2304,卖盘
14:40:37,2.56,0.0,58,14848,卖盘
14:40:43,2.56,0.0,3,768,卖盘
14:40:52,2.57,0.01,1,257,买盘
14:41:04,2.57,0.0,1385,355945,买盘
14:41:07,2.57,0.0,160,41120,买盘
14:41:13,2.57,0.0,786,202002,买盘
14:41:16,2.57,0.0,51,13107,买盘
14:41:19,2.57,0.0,39,10023,买盘
14:41:22,2.57,0.0,385,98945,买盘
14:41:25,2.57,0.0,386,99201,买盘
14:41:28,2.57,0.0,3099,796443,买盘
14:41:31,2.57,0.0,1577,405289,买盘
14:41:34,2.57,0.0,64,16448,买盘
14:41:37,2.57,0.0,118,30317,买盘
14:41:40,2.57,0.0,619,159083,买盘
14:41:43,2.57,0.0,459,117963,买盘
14:41:46,2.57,0.0,1298,333586,买盘
14:41:49,2.57,0.0,48,12336,买盘
14:41:52,2.57,0.0,2323,597766,买盘
14:41:55,2.57,0.0,71,18247,卖盘
14:42:01,2.57,0.0,100,25700,卖盘
14:42:07,2.57,0.0,42,10794,卖盘
14:42:13,2.57,0.0,6,1542,卖盘
14:42:40,2.58,0.01,40,10292,买盘
14:42:43,2.58,0.0,27,6966,买盘
14:42:52,2.58,0.0,20,5160,买盘
14:42:55,2.57,-0.01,160,41130,卖盘
14:43:01,2.58,0.01,11,2838,买盘
14:43:19,2.57,-0.01,117,30185,卖盘
14:43:22,2.58,0.01,1,258,买盘
14:43:25,2.57,-0.01,1,257,卖盘
14:43:28,2.58,0.01,1,258,买盘
14:43:31,2.58,0.0,11,2838,买盘
14:43:37,2.58,0.0,10,2580,买盘
14:43:40,2.58,0.0,7,1806,买盘
14:43:52,2.58,0.0,5,1290,买盘
14:43:55,2.58,0.0,8,2064,买盘
14:43:58,2.57,-0.01,2,514,卖盘
14:44:10,2.57,0.0,4,1028,卖盘
14:44:13,2.57,0.0,40,10280,卖盘
14:44:16,2.57,0.0,4,1028,卖盘
14:44:19,2.57,0.0,104,26729,卖盘
14:44:25,2.58,0.01,1081,277818,买盘
14:44:28,2.58,0.0,6049,1560622,买盘
14:44:31,2.58,0.0,5120,1320960,买盘
14:44:34,2.58,0.0,1296,334366,买盘
14:44:37,2.57,-0.01,317,81773,卖盘
14:44:40,2.57,0.0,10,2570,卖盘
14:44:43,2.58,0.01,204,52632,买盘
14:44:46,2.57,-0.01,500,128500,卖盘
14:44:49,2.59,0.02,6556,1696593,买盘
14:44:52,2.59,0.0,531,137529,买盘
14:44:55,2.6,0.01,3762,975114,买盘
14:44:58,2.6,0.0,1542,400518,买盘
14:45:01,2.61,0.01,5794,1506600,买盘
14:45:04,2.61,0.0,311,81171,买盘
14:45:07,2.61,0.0,929,242161,买盘
14:45:10,2.62,0.01,7779,2035403,买盘
14:45:13,2.61,-0.01,534,139779,卖盘
14:45:16,2.62,0.01,886,232112,买盘
14:45:19,2.62,0.0,41,10742,买盘
14:45:22,2.61,-0.01,711,185888,卖盘
14:45:25,2.61,0.0,737,192531,卖盘
14:45:28,2.62,0.01,12713,3339312,买盘
14:45:31,2.66,0.04,6264,1660653,买盘
14:45:34,2.69,0.03,11919,3193133,买盘
14:45:37,2.7,0.01,2522,678727,买盘
14:45:40,2.73,0.03,5433,1467599,买盘
14:45:43,2.75,0.02,6544,1790246,买盘
14:45:46,2.72,-0.03,4947,1351966,卖盘
14:45:49,2.73,0.01,1854,506345,买盘
14:45:52,2.77,0.04,4089,1127973,买盘
14:45:55,2.77,0.0,6720,1846292,卖盘
14:45:58,2.78,0.01,3073,848921,买盘
14:46:01,2.78,0.0,3505,976095,买盘
14:46:04,2.73,-0.05,3089,857815,卖盘
14:46:07,2.71,-0.02,1522,413630,卖盘
14:46:10,2.7,-0.01,1949,527056,卖盘
14:46:13,2.71,0.01,1156,312467,买盘
14:46:16,2.71,0.0,2830,766811,买盘
14:46:19,2.71,0.0,4429,1199852,买盘
14:46:22,2.71,0.0,2641,714685,买盘
14:46:25,2.71,0.0,2766,749355,中性盘
14:46:28,2.71,0.0,4577,1241274,卖盘
14:46:31,2.71,0.0,3069,830969,卖盘
14:46:34,2.7,-0.01,1741,470157,卖盘
14:46:37,2.71,0.01,5846,1581552,买盘
14:46:40,2.7,-0.01,912,245922,买盘
14:46:43,2.69,-0.01,3097,837259,卖盘
14:46:46,2.7,0.01,3380,912089,中性盘
14:46:49,2.7,0.0,3431,926683,买盘
14:46:52,2.71,0.01,2084,563227,买盘
14:46:55,2.71,0.0,1788,483554,买盘
14:46:58,2.7,-0.01,5979,1615191,卖盘
14:47:01,2.75,0.05,24327,6631730,买盘
14:47:04,2.73,-0.02,5949,1630009,买盘
14:47:07,2.77,0.04,3692,1015510,买盘
14:47:10,2.76,-0.01,2971,822169,卖盘
14:47:13,2.77,0.01,9388,2606817,买盘
14:47:16,2.8,0.03,10357,2891648,买盘
14:47:19,2.84,0.04,19843,5621135,买盘
14:47:22,2.84,0.0,16917,4804041,买盘
14:47:25,2.84,0.0,2298,652272,买盘
14:47:28,2.84,0.0,3368,956512,卖盘
14:47:31,2.84,0.0,3563,1011892,卖盘
14:47:34,2.84,0.0,2256,640704,卖盘
14:47:37,2.84,0.0,1094,310696,卖盘
14:47:40,2.84,0.0,860,244240,卖盘
14:47:43,2.84,0.0,11851,3365684,卖盘
14:47:46,2.84,0.0,1036,294227,卖盘
14:47:49,2.84,0.0,1220,346480,卖盘
14:47:52,2.84,0.0,367,104228,卖盘
14:47:55,2.84,0.0,2630,746920,卖盘
14:47:58,2.84,0.0,692,196528,卖盘
14:48:01,2.84,0.0,1641,466044,卖盘
14:48:04,2.84,0.0,866,245944,卖盘
14:48:07,2.84,0.0,777,220668,卖盘
14:48:10,2.84,0.0,437,124108,卖盘
14:48:13,2.84,0.0,1142,324328,卖盘
14:48:16,2.84,0.0,1498,425432,卖盘
14:48:19,2.84,0.0,2417,686428,卖盘
14:48:22,2.84,0.0,1815,515460,卖盘
14:48:25,2.84,0.0,3408,967872,卖盘
14:48:28,2.84,0.0,1250,354858,卖盘
14:48:31,2.84,0.0,1420,403280,卖盘
14:48:34,2.84,0.0,10527,2989668,卖盘
14:48:37,2.84,0.0,3648,1036032,卖盘
14:48:40,2.84,0.0,1911,542724,卖盘
14:48:43,2.84,0.0,8321,2363022,卖盘
14:48:46,2.84,0.0,655,186020,卖盘
14:48:49,2.84,0.0,1414,401576,卖盘
14:48:52,2.84,0.0,5494,1560296,卖盘
14:48:55,2.84,0.0,875,248500,卖盘
14:48:58,2.84,0.0,2641,750044,卖盘
14:49:01,2.84,0.0,411,116724,卖盘
14:49:04,2.84,0.0,352,99968,卖盘
14:49:07,2.84,0.0,670,190280,卖盘
14:49:10,2.84,0.0,1177,334268,卖盘
14:49:13,2.84,0.0,169,47996,卖盘
14:49:16,2.84,0.0,2798,794632,卖盘
14:49:19,2.84,0.0,1487,422308,卖盘
14:49:22,2.84,0.0,426,120984,卖盘
14:49:25,2.84,0.0,302,85768,卖盘
14:49:28,2.84,0.0,402,114168,卖盘
14:49:31,2.84,0.0,908,257872,卖盘
14:49:34,2.84,0.0,217,61628,卖盘
14:49:37,2.84,0.0,97,27548,卖盘
14:49:40,2.84,0.0,1373,389932,卖盘
14:49:43,2.84,0.0,634,180056,卖盘
14:49:46,2.84,0.0,493,140012,卖盘
14:49:49,2.84,0.0,5228,1484752,卖盘
14:49:52,2.84,0.0,760,215840,卖盘
14:49:55,2.84,0.0,359,101956,卖盘
14:49:58,2.84,0.0,1159,329156,卖盘
14:50:01,2.84,0.0,294,83496,卖盘
14:50:04,2.84,0.0,1048,297632,卖盘
14:50:07,2.84,0.0,357,101388,卖盘
14:50:10,2.84,0.0,103,29252,卖盘
14:50:13,2.84,0.0,287,81508,卖盘
14:50:16,2.84,0.0,526,149384,卖盘
14:50:19,2.84,0.0,82,23288,卖盘
14:50:22,2.84,0.0,5520,1567680,卖盘
14:50:25,2.84,0.0,741,210444,卖盘
14:50:28,2.84,0.0,60,17040,卖盘
14:50:31,2.84,0.0,395,112180,卖盘
14:50:34,2.84,0.0,433,122972,卖盘
14:50:37,2.84,0.0,4486,1274024,卖盘
14:50:40,2.84,0.0,40,11360,卖盘
14:50:43,2.84,0.0,608,172672,卖盘
14:50:46,2.84,0.0,708,201072,卖盘
14:50:52,2.84,0.0,517,146828,卖盘
14:50:55,2.84,0.0,2035,577940,卖盘
14:50:58,2.84,0.0,140,39760,卖盘
14:51:01,2.84,0.0,414,117576,卖盘
14:51:04,2.84,0.0,265,75260,卖盘
14:51:07,2.84,0.0,412,117008,卖盘
14:51:10,2.84,0.0,168,47712,卖盘
14:51:13,2.84,0.0,269,76396,卖盘
14:51:16,2.84,0.0,2585,734140,卖盘
14:51:19,2.84,0.0,1040,295360,卖盘
14:51:22,2.84,0.0,70,19880,卖盘
14:51:25,2.84,0.0,356,101104,卖盘
14:51:28,2.84,0.0,264,74976,卖盘
14:51:31,2.84,0.0,2219,630196,卖盘
14:51:34,2.84,0.0,2134,606056,卖盘
14:51:37,2.84,0.0,144,40896,卖盘
14:51:40,2.84,0.0,404,114736,卖盘
14:51:43,2.84,0.0,2171,616564,卖盘
14:51:46,2.84,0.0,39,11076,卖盘
14:51:49,2.84,0.0,295,83780,卖盘
14:51:52,2.84,0.0,130,36920,卖盘
14:51:55,2.84,0.0,53,15052,卖盘
14:51:58,2.84,0.0,1366,387944,卖盘
14:52:01,2.84,0.0,87,24708,卖盘
14:52:04,2.84,0.0,56,15904,卖盘
14:52:07,2.84,0.0,277,78668,卖盘
14:52:10,2.84,0.0,145,41180,卖盘
14:52:13,2.84,0.0,75,21300,卖盘
14:52:16,2.84,0.0,211,59924,卖盘
14:52:19,2.84,0.0,77,21868,卖盘
14:52:22,2.84,0.0,30,8520,卖盘
14:52:25,2.84,0.0,103,29252,卖盘
14:52:28,2.84,0.0,40,11360,卖盘
14:52:31,2.84,0.0,43,12212,卖盘
14:52:34,2.84,0.0,52,14768,卖盘
14:52:37,2.84,0.0,29,8236,卖盘
14:52:40,2.84,0.0,570,161880,卖盘
14:52:43,2.84,0.0,85,24140,卖盘
14:52:46,2.84,0.0,60,17040,卖盘
14:52:49,2.84,0.0,156,44304,卖盘
14:52:52,2.84,0.0,101,28684,卖盘
14:52:55,2.84,0.0,22,6248,卖盘
14:52:58,2.84,0.0,127,36068,卖盘
14:53:01,2.84,0.0,143,40612,卖盘
14:53:04,2.84,0.0,425,120700,卖盘
14:53:07,2.84,0.0,214,60776,卖盘
14:53:10,2.84,0.0,160,45440,卖盘
14:53:13,2.84,0.0,130,36920,卖盘
14:53:16,2.84,0.0,83,23572,卖盘
14:53:19,2.84,0.0,31,8804,卖盘
14:53:22,2.84,0.0,60,17040,卖盘
14:53:25,2.84,0.0,1390,394760,卖盘
14:53:28,2.84,0.0,14,3976,卖盘
14:53:31,2.84,0.0,463,131492,卖盘
14:53:34,2.84,0.0,133,37772,卖盘
14:53:37,2.84,0.0,194,55096,卖盘
14:53:40,2.84,0.0,304,86336,卖盘
14:53:43,2.84,0.0,82,23288,卖盘
14:53:46,2.84,0.0,1343,381412,卖盘
14:53:52,2.84,0.0,159,45156,卖盘
14:53:55,2.84,0.0,174,49416,卖盘
14:53:58,2.84,0.0,226,64184,卖盘
14:54:01,2.84,0.0,11,3124,卖盘
14:54:04,2.84,0.0,244,69296,卖盘
14:54:07,2.84,0.0,60,17040,卖盘
14:54:10,2.84,0.0,134,38056,卖盘
14:54:13,2.84,0.0,177,50268,卖盘
14:54:16,2.84,0.0,212,60208,卖盘
14:54:19,2.84,0.0,81,23004,卖盘
14:54:22,2.84,0.0,153,43452,卖盘
14:54:25,2.84,0.0,200,56800,卖盘
14:54:28,2.84,0.0,111,31524,卖盘
14:54:31,2.84,0.0,231,65604,卖盘
14:54:34,2.84,0.0,126,35784,卖盘
14:54:37,2.84,0.0,80,22720,卖盘
14:54:40,2.84,0.0,239,67876,卖盘
14:54:43,2.84,0.0,650,184600,卖盘
14:54:46,2.84,0.0,293,83212,卖盘
14:54:49,2.84,0.0,10,2840,卖盘
14:54:52,2.84,0.0,112,31808,卖盘
14:54:55,2.84,0.0,245,69580,卖盘
14:54:58,2.84,0.0,292,82928,卖盘
14:55:01,2.84,0.0,148,42032,卖盘
14:55:04,2.84,0.0,1116,316944,卖盘
14:55:07,2.84,0.0,125,35500,卖盘
14:55:10,2.84,0.0,38,10792,卖盘
14:55:13,2.84,0.0,2,568,卖盘
14:55:16,2.84,0.0,129,36636,卖盘
14:55:19,2.84,0.0,279,79236,卖盘
14:55:22,2.84,0.0,230,65320,卖盘
14:55:25,2.84,0.0,142,40328,卖盘
14:55:28,2.84,0.0,26,7384,卖盘
14:55:31,2.84,0.0,5,1420,卖盘
14:55:34,2.84,0.0,62,17608,卖盘
14:55:37,2.84,0.0,80,22720,卖盘
14:55:40,2.84,0.0,1078,306152,卖盘
14:55:43,2.84,0.0,589,167276,卖盘
14:55:46,2.84,0.0,446,126664,卖盘
14:55:49,2.84,0.0,70,19880,卖盘
14:55:52,2.84,0.0,37,10508,卖盘
14:55:55,2.84,0.0,5,1420,卖盘
14:55:58,2.84,0.0,53,15052,卖盘
14:56:01,2.84,0.0,223,63332,卖盘
14:56:07,2.84,0.0,100,28400,卖盘
14:56:10,2.84,0.0,555,157620,卖盘
14:56:13,2.84,0.0,95,26980,卖盘
14:56:16,2.84,0.0,55,15620,卖盘
14:56:22,2.84,0.0,93,26412,卖盘
14:56:25,2.84,0.0,25,7100,卖盘
14:56:28,2.84,0.0,144,40896,卖盘
14:56:34,2.84,0.0,24,6816,卖盘
14:56:37,2.84,0.0,4,1136,卖盘
14:56:40,2.84,0.0,100,28400,卖盘
14:56:43,2.84,0.0,1593,452412,卖盘
14:56:46,2.84,0.0,135,38340,卖盘
14:56:49,2.84,0.0,83,23572,卖盘
14:56:52,2.84,0.0,75,21300,卖盘
14:56:55,2.84,0.0,219,62196,卖盘
14:56:58,2.84,0.0,200,56800,卖盘
15:00:01,2.84,0.0,19228,5460760,卖盘
