成交时间,成交价格,价格变动,成交量,成交金额,性质
09:25:02,6.95,0.0,9536,6627520,卖盘
09:30:02,6.95,0.0,1299,903249,卖盘
09:30:05,6.96,0.01,4788,3336775,买盘
09:30:08,7.0,0.04,7186,5046782,买盘
09:30:11,7.0,0.0,3618,2534354,卖盘
09:30:14,7.0,0.0,3195,2247704,卖盘
09:30:17,7.0,0.0,3558,2495907,卖盘
09:30:20,7.02,0.02,3392,2389495,中性盘
09:30:23,7.03,0.01,5471,3844581,买盘
09:30:26,7.1,0.07,3804,2691561,买盘
09:30:29,7.07,-0.03,2211,1568248,卖盘
09:30:32,7.1,0.03,4077,2888083,买盘
09:30:35,7.1,0.0,5322,3784336,买盘
09:30:38,7.16,0.06,3114,2226375,买盘
09:30:41,7.18,0.02,4749,3410126,买盘
09:30:44,7.18,0.0,2960,2128459,卖盘
09:30:47,7.2,0.02,2548,1835042,买盘
09:30:50,7.21,0.01,3833,2765161,中性盘
09:30:53,7.24,0.03,4502,3256513,买盘
09:30:56,7.27,0.03,21173,15405119,买盘
09:30:59,7.28,0.01,8104,5898948,买盘
09:31:02,7.28,0.0,4087,2975336,卖盘
09:31:05,7.28,0.0,2277,1657656,卖盘
09:31:08,7.28,0.0,2895,2107560,卖盘
09:31:11,7.28,0.0,2882,2098096,卖盘
09:31:14,7.28,0.0,2429,1768312,卖盘
09:31:17,7.28,0.0,3090,2249520,卖盘
09:31:20,7.28,0.0,4205,3061240,卖盘
09:31:23,7.28,0.0,12853,9356984,卖盘
09:31:26,7.28,0.0,4223,3074344,卖盘
09:31:29,7.28,0.0,4926,3586128,卖盘
09:31:32,7.28,0.0,3514,2558192,卖盘
09:31:35,7.28,0.0,4915,3578120,卖盘
09:31:38,7.28,0.0,6047,4402216,卖盘
09:31:41,7.28,0.0,14648,10663645,卖盘
09:31:44,7.27,-0.01,7430,5401796,卖盘
09:31:47,7.26,-0.01,16273,11843612,卖盘
09:31:50,7.23,-0.03,1266,916615,卖盘
09:31:53,7.21,-0.02,1629,1176401,卖盘
09:31:56,7.18,-0.03,2640,1900023,卖盘
09:31:59,7.18,0.0,1670,1199513,卖盘
09:32:02,7.19,0.01,5303,3805728,买盘
09:32:05,7.18,-0.01,1293,927278,中性盘
09:32:08,7.2,0.02,3693,2655307,买盘
09:32:11,7.23,0.03,2063,1486972,买盘
09:32:14,7.21,-0.02,3329,2406294,卖盘
09:32:17,7.23,0.02,2694,1946552,买盘
09:32:20,7.25,0.02,2285,1649777,买盘
09:32:23,7.2,-0.05,3099,2233759,卖盘
09:32:26,7.2,0.0,1639,1181508,买盘
09:32:29,7.2,0.0,1065,766476,买盘
09:32:32,7.2,0.0,1828,1314199,卖盘
09:32:35,7.18,-0.02,3729,2682243,卖盘
09:32:38,7.16,-0.02,1019,731809,卖盘
09:32:41,7.16,0.0,975,698607,卖盘
09:32:44,7.17,0.01,843,603895,买盘
09:32:47,7.18,0.01,999,716160,买盘
09:32:50,7.16,-0.02,1286,921215,卖盘
09:32:53,7.18,0.02,549,393582,买盘
09:32:56,7.16,-0.02,2486,1784914,卖盘
09:32:59,7.16,0.0,380,272047,买盘
09:33:02,7.15,-0.01,2754,1976365,卖盘
09:33:05,7.15,0.0,972,693965,卖盘
09:33:08,7.09,-0.06,1503,1067352,卖盘
09:33:11,7.1,0.01,990,701874,买盘
09:33:14,7.11,0.01,3504,2494844,买盘
09:33:17,7.1,-0.01,1049,745156,卖盘
09:33:20,7.1,0.0,2007,1424713,买盘
09:33:23,7.1,0.0,1068,758540,买盘
09:33:26,7.1,0.0,682,484361,卖盘
09:33:29,7.09,-0.01,1315,932910,卖盘
09:33:32,7.09,0.0,638,452759,买盘
09:33:35,7.07,-0.02,2146,1521049,卖盘
09:33:38,7.07,0.0,329,233054,卖盘
09:33:41,7.07,0.0,1760,1244796,卖盘
09:33:44,7.07,0.0,1062,750876,卖盘
09:33:47,7.07,0.0,750,530159,买盘
09:33:50,7.07,0.0,3264,2307010,买盘
09:33:53,7.1,0.03,2884,2045034,买盘
09:33:56,7.12,0.02,685,487044,买盘
09:33:59,7.12,0.0,1109,789411,买盘
09:34:02,7.12,0.0,573,407973,买盘
09:34:05,7.12,0.0,1230,876338,卖盘
09:34:08,7.12,0.0,1319,939610,卖盘
09:34:11,7.1,-0.02,1751,1245797,卖盘
09:34:14,7.11,0.01,2302,1635704,买盘
09:34:17,7.13,0.02,2961,2108232,买盘
09:34:20,7.14,0.01,1718,1226237,买盘
09:34:23,7.16,0.02,2090,1494712,买盘
09:34:26,7.16,0.0,1483,1061803,买盘
09:34:29,7.16,0.0,1176,842400,卖盘
09:34:32,7.2,0.04,1594,1144389,买盘
09:34:35,7.2,0.0,815,586119,买盘
09:34:38,7.18,-0.02,1261,907844,卖盘
09:34:41,7.2,0.02,926,666680,买盘
09:34:44,7.18,-0.02,1234,889515,卖盘
09:34:47,7.2,0.02,818,588476,买盘
09:34:50,7.2,0.0,3705,2666946,买盘
09:34:53,7.18,-0.02,574,413131,卖盘
09:34:56,7.17,-0.01,558,401172,卖盘
09:34:59,7.17,0.0,648,465318,卖盘
09:35:02,7.19,0.02,290,208385,买盘
09:35:05,7.18,-0.01,1769,1268104,中性盘
09:35:08,7.19,0.01,1154,828775,买盘
09:35:11,7.19,0.0,1693,1215699,买盘
09:35:14,7.16,-0.03,1074,769911,卖盘
09:35:17,7.19,0.03,684,490748,买盘
09:35:20,7.19,0.0,763,548101,买盘
09:35:23,7.16,-0.03,367,263012,卖盘
09:35:26,7.17,0.01,401,287472,中性盘
09:35:29,7.17,0.0,831,595100,卖盘
09:35:32,7.17,0.0,407,291370,买盘
09:35:35,7.16,-0.01,198,141852,卖盘
09:35:38,7.17,0.01,876,627840,买盘
09:35:41,7.17,0.0,550,394534,卖盘
09:35:44,7.18,0.01,930,667647,买盘
09:35:47,7.2,0.02,2981,2144070,买盘
09:35:50,7.2,0.0,1338,962776,买盘
09:35:53,7.2,0.0,1084,780289,买盘
09:35:56,7.2,0.0,2427,1747136,买盘
09:35:59,7.2,0.0,1433,1032314,卖盘
09:36:02,7.22,0.02,4064,2928597,买盘
09:36:05,7.21,-0.01,9619,6944662,卖盘
09:36:08,7.22,0.01,2581,1863051,买盘
09:36:11,7.22,0.0,562,405494,买盘
09:36:14,7.2,-0.02,981,707657,卖盘
09:36:17,7.2,0.0,2102,1512941,卖盘
09:36:20,7.2,0.0,2750,1981318,买盘
09:36:23,7.2,0.0,373,268339,买盘
09:36:26,7.2,0.0,649,466585,买盘
09:36:29,7.19,-0.01,268,192892,中性盘
09:36:32,7.19,0.0,192,138077,卖盘
09:36:35,7.19,0.0,498,358184,卖盘
09:36:38,7.19,0.0,750,539082,买盘
09:36:41,7.19,0.0,689,495144,买盘
09:36:44,7.19,0.0,633,455000,卖盘
09:36:47,7.17,-0.02,87,62416,卖盘
09:36:50,7.17,0.0,412,295570,卖盘
09:36:53,7.17,0.0,1401,1004534,卖盘
09:36:56,7.17,0.0,352,252314,买盘
09:36:59,7.18,0.01,937,672124,买盘
09:37:02,7.18,0.0,727,522061,卖盘
09:37:05,7.18,0.0,379,272122,卖盘
09:37:08,7.2,0.02,2009,1444610,买盘
09:37:11,7.24,0.04,9349,6748254,买盘
09:37:14,7.25,0.01,1987,1439913,买盘
09:37:17,7.26,0.01,2115,1533495,买盘
09:37:20,7.26,0.0,3822,2776558,买盘
09:37:23,7.25,-0.01,3354,2435727,卖盘
09:37:26,7.25,0.0,26543,19317403,卖盘
09:37:29,7.26,0.01,16321,11878888,买盘
09:37:32,7.28,0.02,14668,10677125,买盘
09:37:35,7.28,0.0,705,513240,卖盘
09:37:38,7.28,0.0,820,596960,卖盘
09:37:41,7.28,0.0,1781,1296568,卖盘
09:37:44,7.28,0.0,1484,1080352,卖盘
09:37:47,7.28,0.0,1199,872872,卖盘
09:37:50,7.28,0.0,1281,932568,卖盘
09:37:53,7.28,0.0,11302,8227856,卖盘
09:37:56,7.28,0.0,1201,874328,卖盘
09:37:59,7.28,0.0,763,555464,卖盘
09:38:02,7.28,0.0,1671,1216488,卖盘
09:38:05,7.28,0.0,749,545272,卖盘
09:38:08,7.28,0.0,315,229320,卖盘
09:38:11,7.28,0.0,2790,2031120,卖盘
09:38:14,7.28,0.0,10600,7716800,卖盘
09:38:17,7.28,0.0,2196,1598688,卖盘
09:38:20,7.28,0.0,1420,1033760,卖盘
09:38:23,7.28,0.0,1339,974792,卖盘
09:38:26,7.28,0.0,2811,2046408,卖盘
09:38:29,7.28,0.0,1711,1245608,卖盘
09:38:32,7.28,0.0,2613,1901973,卖盘
09:38:35,7.28,0.0,828,602784,卖盘
09:38:38,7.28,0.0,501,364728,卖盘
09:38:41,7.28,0.0,540,393120,卖盘
09:38:44,7.28,0.0,404,294112,卖盘
09:38:47,7.28,0.0,167,121576,卖盘
09:38:50,7.28,0.0,226,164528,卖盘
09:38:53,7.28,0.0,221,160888,卖盘
09:38:56,7.28,0.0,394,286832,卖盘
09:38:59,7.28,0.0,2688,1956864,卖盘
09:39:02,7.28,0.0,402,292656,卖盘
09:39:05,7.28,0.0,231,168168,卖盘
09:39:08,7.28,0.0,619,450632,卖盘
09:39:11,7.28,0.0,35,25480,卖盘
09:39:14,7.28,0.0,10359,7541352,卖盘
09:39:17,7.28,0.0,611,444808,卖盘
09:39:20,7.28,0.0,428,311584,卖盘
09:39:23,7.28,0.0,199,144872,卖盘
09:39:26,7.28,0.0,280,203840,卖盘
09:39:29,7.28,0.0,10277,7481656,卖盘
09:39:32,7.28,0.0,266,193648,卖盘
09:39:35,7.28,0.0,701,510328,卖盘
09:39:38,7.28,0.0,11476,8354528,卖盘
09:39:41,7.28,0.0,2475,1801800,卖盘
09:39:44,7.28,0.0,7785,5667480,卖盘
09:39:47,7.28,0.0,15381,11197368,卖盘
09:39:50,7.22,-0.06,6819,4948110,卖盘
09:39:53,7.21,-0.01,1799,1297255,卖盘
09:39:56,7.22,0.01,344,248220,买盘
09:39:59,7.21,-0.01,1247,900394,卖盘
09:40:02,7.23,0.02,2033,1471248,买盘
09:40:05,7.22,-0.01,6037,4377420,卖盘
09:40:08,7.24,0.02,999,725023,买盘
09:40:11,7.24,0.0,851,616248,卖盘
09:40:14,7.22,-0.02,4101,2958191,卖盘
09:40:17,7.2,-0.02,1348,969510,中性盘
09:40:20,7.15,-0.05,1036,742469,卖盘
09:40:23,7.16,0.01,680,486718,中性盘
09:40:26,7.16,0.0,3486,2500091,买盘
09:40:29,7.14,-0.02,975,698182,卖盘
09:40:32,7.16,0.02,614,439357,买盘
09:40:35,7.16,0.0,431,308428,买盘
09:40:38,7.15,-0.01,2354,1686073,卖盘
09:40:41,7.16,0.01,1047,748997,买盘
09:40:44,7.16,0.0,406,290726,卖盘
09:40:47,7.17,0.01,684,490216,买盘
09:40:50,7.17,0.0,759,544430,卖盘
09:40:53,7.17,0.0,2205,1579738,卖盘
09:40:56,7.17,0.0,739,529891,买盘
09:40:59,7.16,-0.01,946,678176,中性盘
09:41:02,7.15,-0.01,1854,1325985,卖盘
09:41:05,7.16,0.01,3999,2858895,买盘
09:41:08,7.17,0.01,1984,1423079,买盘
09:41:11,7.18,0.01,1294,929046,买盘
09:41:14,7.14,-0.04,10872,7781927,卖盘
09:41:17,7.15,0.01,913,653427,买盘
09:41:20,7.15,0.0,975,696607,卖盘
09:41:23,7.15,0.0,1464,1047049,卖盘
09:41:26,7.15,0.0,1721,1230908,买盘
09:41:29,7.15,0.0,534,381858,买盘
09:41:32,7.15,0.0,937,670262,买盘
09:41:35,7.15,0.0,1664,1189790,卖盘
09:41:38,7.16,0.01,356,254789,买盘
09:41:41,7.15,-0.01,530,379248,卖盘
09:41:44,7.16,0.01,2216,1584672,买盘
09:41:47,7.17,0.01,576,412293,买盘
09:41:50,7.17,0.0,925,662425,买盘
09:41:53,7.15,-0.02,1331,953695,卖盘
09:41:56,7.14,-0.01,2014,1440420,卖盘
09:41:59,7.14,0.0,2069,1477460,卖盘
09:42:02,7.15,0.01,778,555527,买盘
09:42:05,7.14,-0.01,345,246449,卖盘
09:42:08,7.15,0.01,294,210139,买盘
09:42:11,7.15,0.0,1100,785618,买盘
09:42:14,7.13,-0.02,717,511904,卖盘
09:42:17,7.13,0.0,620,442392,卖盘
09:42:20,7.13,0.0,350,249603,卖盘
09:42:23,7.13,0.0,431,307501,卖盘
09:42:26,7.14,0.01,601,429036,买盘
09:42:29,7.14,0.0,135,96396,卖盘
09:42:32,7.14,0.0,247,176412,卖盘
09:42:35,7.15,0.01,312,222839,买盘
09:42:38,7.15,0.0,298,212848,买盘
09:42:41,7.15,0.0,1283,916713,买盘
09:42:44,7.14,-0.01,390,278820,卖盘
09:42:47,7.14,0.0,264,188684,卖盘
09:42:50,7.14,0.0,943,673499,卖盘
09:42:53,7.14,0.0,374,267318,卖盘
09:42:56,7.14,0.0,198,141466,卖盘
09:42:59,7.13,-0.01,410,292751,卖盘
09:43:02,7.12,-0.01,1155,823340,卖盘
09:43:05,7.12,0.0,1032,735326,卖盘
09:43:08,7.11,-0.01,1350,959728,卖盘
09:43:11,7.11,0.0,497,353274,买盘
09:43:14,7.11,0.0,539,383300,买盘
09:43:17,7.12,0.01,165,117379,买盘
09:43:20,7.12,0.0,443,315316,卖盘
09:43:23,7.12,0.0,43,30623,买盘
09:43:26,7.12,0.0,130,92667,卖盘
09:43:29,7.12,0.0,243,173155,卖盘
09:43:32,7.12,0.0,260,185183,卖盘
09:43:35,7.12,0.0,161,114718,卖盘
09:43:38,7.12,0.0,334,237990,卖盘
09:43:41,7.12,0.0,216,153792,买盘
09:43:44,7.12,0.0,1036,736720,卖盘
09:43:47,7.11,-0.01,309,219757,买盘
09:43:50,7.11,0.0,74,52658,卖盘
09:43:53,7.11,0.0,401,284996,卖盘
09:43:56,7.11,0.0,58,41238,买盘
09:43:59,7.11,0.0,1283,911287,买盘
09:44:02,7.1,-0.01,2139,1518308,卖盘
09:44:05,7.08,-0.02,644,456144,卖盘
09:44:08,7.07,-0.01,1077,762609,卖盘
09:44:11,7.07,0.0,251,177495,卖盘
09:44:14,7.08,0.01,178,125854,买盘
09:44:17,7.08,0.0,218,154258,买盘
09:44:20,7.1,0.02,976,691665,买盘
09:44:23,7.1,0.0,187,132774,卖盘
09:44:26,7.1,0.0,572,406150,卖盘
09:44:29,7.1,0.0,373,265015,卖盘
09:44:32,7.1,0.0,523,371461,买盘
09:44:35,7.1,0.0,260,184590,买盘
09:44:38,7.11,0.01,609,432578,买盘
09:44:41,7.1,-0.01,179,127092,卖盘
09:44:44,7.1,0.0,225,159702,卖盘
09:44:47,7.1,0.0,355,252098,买盘
09:44:50,7.1,0.0,324,230119,卖盘
09:44:53,7.11,0.01,371,263591,买盘
09:44:56,7.1,-0.01,316,224381,卖盘
09:44:59,7.1,0.0,191,135664,卖盘
09:45:02,7.11,0.01,352,250224,买盘
09:45:05,7.11,0.0,203,144353,卖盘
09:45:08,7.14,0.03,1337,953132,买盘
09:45:11,7.16,0.02,1870,1337033,买盘
09:45:14,7.15,-0.01,364,260668,卖盘
09:45:17,7.15,0.0,1234,883111,卖盘
09:45:20,7.16,0.01,577,413039,卖盘
09:45:23,7.12,-0.04,1002,715644,卖盘
09:45:26,7.13,0.01,349,249100,买盘
09:45:29,7.15,0.02,361,257679,买盘
09:45:32,7.13,-0.02,107,76291,卖盘
09:45:35,7.14,0.01,464,331377,买盘
09:45:38,7.14,0.0,795,567372,买盘
09:45:41,7.14,0.0,47,33551,买盘
09:45:44,7.15,0.01,220,157143,买盘
09:45:47,7.14,-0.01,45,32130,卖盘
09:45:50,7.15,0.01,526,375824,买盘
09:45:53,7.15,0.0,362,258800,买盘
09:45:56,7.14,-0.01,1214,867040,卖盘
09:45:59,7.14,0.0,292,208481,买盘
09:46:02,7.13,-0.01,1142,814477,卖盘
09:46:05,7.13,0.0,515,367052,买盘
09:46:08,7.14,0.01,268,191093,买盘
09:46:11,7.13,-0.01,135,96282,中性盘
09:46:14,7.13,0.0,280,199701,卖盘
09:46:17,7.14,0.01,423,301629,买盘
09:46:20,7.13,-0.01,539,384570,卖盘
09:46:23,7.13,0.0,400,285150,卖盘
09:46:26,7.13,0.0,614,437531,买盘
09:46:29,7.11,-0.02,1327,943890,卖盘
09:46:32,7.11,0.0,900,639384,卖盘
09:46:35,7.11,0.0,574,407716,买盘
09:46:38,7.11,0.0,369,262044,买盘
09:46:41,7.11,0.0,280,198840,买盘
09:46:44,7.11,0.0,384,272715,买盘
09:46:47,7.11,0.0,256,181863,买盘
09:46:50,7.11,0.0,503,357170,买盘
09:46:53,7.11,0.0,254,180507,买盘
09:46:56,7.1,-0.01,134,95232,卖盘
09:46:59,7.11,0.01,103,73233,买盘
09:47:02,7.11,0.0,53,37659,买盘
09:47:05,7.11,0.0,180,127975,买盘
09:47:08,7.11,0.0,280,198850,买盘
09:47:11,7.1,-0.01,414,294246,卖盘
09:47:14,7.11,0.01,267,189599,买盘
09:47:17,7.11,0.0,598,424862,买盘
09:47:20,7.1,-0.01,165,117150,卖盘
09:47:23,7.1,0.0,244,173224,买盘
09:47:26,7.09,-0.01,733,519808,卖盘
09:47:29,7.08,-0.01,1887,1336364,卖盘
09:47:32,7.07,-0.01,343,242756,卖盘
09:47:35,7.07,0.0,309,218723,卖盘
09:47:38,7.08,0.01,293,207328,买盘
09:47:41,7.07,-0.01,415,293510,卖盘
09:47:44,7.08,0.01,783,553339,买盘
09:47:47,7.06,-0.02,194,137057,卖盘
09:47:50,7.06,0.0,465,328909,卖盘
09:47:53,7.08,0.02,71,50207,买盘
09:47:56,7.06,-0.02,583,411580,卖盘
09:47:59,7.05,-0.01,828,584527,卖盘
09:48:02,7.06,0.01,201,141872,买盘
09:48:05,7.07,0.01,67,47366,买盘
09:48:08,7.07,0.0,319,225427,卖盘
09:48:11,7.07,0.0,276,195089,买盘
09:48:14,7.07,0.0,128,90463,买盘
09:48:17,7.07,0.0,269,190175,买盘
09:48:20,7.07,0.0,915,646278,买盘
09:48:23,7.06,-0.01,391,275955,卖盘
09:48:26,7.05,-0.01,707,499177,卖盘
09:48:29,7.05,0.0,626,441561,卖盘
09:48:32,7.05,0.0,275,194039,卖盘
09:48:35,7.05,0.0,1108,781399,卖盘
09:48:38,7.05,0.0,495,349132,卖盘
09:48:41,7.05,0.0,215,151602,卖盘
09:48:44,7.04,-0.01,289,203776,卖盘
09:48:47,7.06,0.02,381,268540,买盘
09:48:50,7.06,0.0,219,154425,买盘
09:48:53,7.05,-0.01,155,109404,卖盘
09:48:56,7.06,0.01,144,101662,买盘
09:48:59,7.06,0.0,100,70570,卖盘
09:49:02,7.06,0.0,233,164628,买盘
09:49:05,7.06,0.0,560,395006,买盘
09:49:08,7.06,0.0,119,83932,买盘
09:49:11,7.06,0.0,355,250367,买盘
09:49:14,7.06,0.0,284,200465,卖盘
09:49:17,7.06,0.0,108,76248,买盘
09:49:20,7.06,0.0,161,113711,卖盘
09:49:23,7.06,0.0,655,462432,买盘
09:49:26,7.06,0.0,253,178710,卖盘
09:49:29,7.07,0.01,92,65002,买盘
09:49:32,7.06,-0.01,175,123617,卖盘
09:49:35,7.07,0.01,153,108137,买盘
09:49:38,7.07,0.0,203,143371,买盘
09:49:41,7.07,0.0,225,159069,买盘
09:49:44,7.07,0.0,305,215780,买盘
09:49:47,7.08,0.01,189,133725,买盘
09:49:50,7.07,-0.01,259,183183,卖盘
09:49:53,7.07,0.0,174,123143,买盘
09:49:56,7.06,-0.01,733,518754,卖盘
09:49:59,7.08,0.02,100,70774,买盘
09:50:02,7.07,-0.01,65,45973,卖盘
09:50:05,7.05,-0.02,1944,1372421,卖盘
09:50:08,7.05,0.0,496,349963,卖盘
09:50:11,7.06,0.01,111,78347,买盘
09:50:14,7.06,0.0,617,435102,买盘
09:50:17,7.07,0.01,193,136325,买盘
09:50:20,7.06,-0.01,447,315642,卖盘
09:50:23,7.06,0.0,138,97486,买盘
09:50:26,7.06,0.0,125,88174,买盘
09:50:29,7.05,-0.01,361,254527,卖盘
09:50:32,7.06,0.01,62,43743,买盘
09:50:35,7.05,-0.01,144,101538,卖盘
09:50:38,7.05,0.0,34,23986,卖盘
09:50:41,7.06,0.01,79,55750,买盘
09:50:44,7.05,-0.01,267,188449,卖盘
09:50:47,7.06,0.01,716,504846,买盘
09:50:50,7.06,0.0,133,93830,买盘
09:50:53,7.06,0.0,352,248189,买盘
09:50:56,7.06,0.0,59,41602,买盘
09:50:59,7.05,-0.01,332,234298,买盘
09:51:02,7.05,0.0,346,243990,买盘
09:51:05,7.06,0.01,1260,889433,买盘
09:51:08,7.06,0.0,1362,962340,买盘
09:51:11,7.06,0.0,1121,793450,卖盘
09:51:14,7.06,0.0,82,57903,卖盘
09:51:17,7.08,0.02,155,109704,买盘
09:51:20,7.08,0.0,173,122413,卖盘
09:51:23,7.09,0.01,536,380020,买盘
09:51:26,7.1,0.01,130,92181,买盘
09:51:29,7.1,0.0,66,46837,买盘
09:51:32,7.1,0.0,279,197899,买盘
09:51:35,7.1,0.0,189,134092,买盘
09:51:38,7.08,-0.02,228,161610,卖盘
09:51:41,7.09,0.01,159,112616,买盘
09:51:44,7.09,0.0,153,108446,买盘
09:51:47,7.09,0.0,247,175037,买盘
09:51:50,7.09,0.0,224,158764,买盘
09:51:53,7.08,-0.01,722,511861,卖盘
09:51:56,7.09,0.01,212,150298,买盘
09:51:59,7.1,0.01,85,60274,买盘
09:52:02,7.09,-0.01,189,134053,卖盘
09:52:05,7.07,-0.02,656,464473,卖盘
09:52:08,7.05,-0.02,1500,1060254,卖盘
09:52:11,7.06,0.01,128,90351,买盘
09:52:14,7.06,0.0,221,155982,买盘
09:52:17,7.06,0.0,389,274434,买盘
09:52:20,7.06,0.0,177,124960,买盘
09:52:23,7.06,0.0,92,64952,买盘
09:52:26,7.06,0.0,754,531844,卖盘
09:52:29,7.06,0.0,130,91787,买盘
09:52:32,7.05,-0.01,254,179307,卖盘
09:52:35,7.06,0.01,355,250430,买盘
09:52:38,7.06,0.0,24,16936,买盘
09:52:41,7.06,0.0,81,57154,买盘
09:52:44,7.06,0.0,380,268259,买盘
09:52:47,7.06,0.0,361,254831,买盘
09:52:50,7.06,0.0,24,16944,卖盘
09:52:53,7.06,0.0,428,302168,卖盘
09:52:56,7.06,0.0,229,161672,买盘
09:52:59,7.06,0.0,15,10590,买盘
09:53:02,7.05,-0.01,1195,842584,卖盘
09:53:05,7.04,-0.01,1062,747810,卖盘
09:53:08,7.04,0.0,642,452372,卖盘
09:53:11,7.04,0.0,36,25359,卖盘
09:53:14,7.05,0.01,78,54951,买盘
09:53:17,7.04,-0.01,95,66881,卖盘
09:53:20,7.04,0.0,309,217547,买盘
09:53:23,7.04,0.0,130,91520,买盘
09:53:26,7.04,0.0,290,204141,卖盘
09:53:29,7.04,0.0,35,24630,买盘
09:53:32,7.04,0.0,31,21814,买盘
09:53:35,7.04,0.0,203,142847,买盘
09:53:38,7.04,0.0,118,82958,买盘
09:53:41,7.04,0.0,192,135168,买盘
09:53:44,7.04,0.0,867,610206,卖盘
09:53:47,7.04,0.0,200,140674,卖盘
09:53:50,7.04,0.0,165,116027,卖盘
09:53:53,7.03,-0.01,21,14764,卖盘
09:53:56,7.04,0.01,317,223147,买盘
09:53:59,7.03,-0.01,164,115294,卖盘
09:54:02,7.03,0.0,214,150478,卖盘
09:54:05,7.03,0.0,658,462610,卖盘
09:54:08,7.03,0.0,293,206093,卖盘
09:54:11,7.03,0.0,371,260915,卖盘
09:54:14,7.03,0.0,506,355518,买盘
09:54:17,7.02,-0.01,64,44955,卖盘
09:54:20,7.02,0.0,774,543351,卖盘
09:54:23,7.02,0.0,41,28782,买盘
09:54:26,7.01,-0.01,136,95451,卖盘
09:54:29,7.02,0.01,144,101045,买盘
09:54:32,7.02,0.0,115,80693,买盘
09:54:35,7.02,0.0,304,213338,卖盘
09:54:38,7.02,0.0,317,222494,买盘
09:54:41,7.02,0.0,113,79266,买盘
09:54:44,7.02,0.0,91,63832,买盘
09:54:47,7.02,0.0,61,42807,买盘
09:54:50,7.01,-0.01,1049,735396,卖盘
09:54:53,7.02,0.01,272,190702,买盘
09:54:56,7.01,-0.01,781,547482,卖盘
09:54:59,7.02,0.01,391,274200,买盘
09:55:02,7.01,-0.01,827,579425,卖盘
09:55:05,7.01,0.0,168,117814,买盘
09:55:08,7.01,0.0,37,25940,卖盘
09:55:11,7.01,0.0,166,116442,卖盘
09:55:14,7.02,0.01,916,642887,买盘
09:55:17,7.02,0.0,540,379632,买盘
09:55:20,7.03,0.01,329,230781,买盘
09:55:23,7.04,0.01,34,23908,买盘
09:55:26,7.04,0.0,97,68278,买盘
09:55:29,7.04,0.0,192,135102,买盘
09:55:32,7.04,0.0,386,271566,买盘
09:55:35,7.03,-0.01,70,49186,中性盘
09:55:38,7.03,0.0,82,57646,买盘
09:55:41,7.03,0.0,434,305088,买盘
09:55:44,7.03,0.0,130,91387,买盘
09:55:47,7.03,0.0,26,18278,买盘
09:55:50,7.03,0.0,45,31655,卖盘
09:55:53,7.04,0.01,309,217586,买盘
09:55:56,7.04,0.0,277,194872,买盘
09:55:59,7.04,0.0,72,50678,买盘
09:56:02,7.03,-0.01,828,582161,卖盘
09:56:05,7.02,-0.01,1505,1057832,卖盘
09:56:08,7.03,0.01,233,163753,买盘
09:56:11,7.03,0.0,134,94181,买盘
09:56:14,7.03,0.0,61,42883,买盘
09:56:17,7.02,-0.01,37,26005,卖盘
09:56:20,7.03,0.01,114,80056,买盘
09:56:23,7.03,0.0,120,84360,买盘
09:56:26,7.02,-0.01,250,175664,卖盘
09:56:29,7.03,0.01,285,200250,买盘
09:56:32,7.02,-0.01,74,51955,卖盘
09:56:35,7.03,0.01,216,151678,买盘
09:56:38,7.02,-0.01,178,124972,卖盘
09:56:41,7.01,-0.01,1320,925694,卖盘
09:56:44,7.0,-0.01,5368,3758194,卖盘
09:56:47,7.0,0.0,68,47575,买盘
09:56:50,7.0,0.0,377,263857,买盘
09:56:53,7.0,0.0,52,36370,买盘
09:56:56,6.99,-0.01,445,311395,卖盘
09:56:59,7.0,0.01,123,86062,买盘
09:57:02,6.99,-0.01,694,486007,卖盘
09:57:05,7.01,0.02,131,91822,买盘
09:57:08,7.03,0.02,857,601743,买盘
09:57:11,7.05,0.02,1374,968509,买盘
09:57:14,7.05,0.0,162,114308,卖盘
09:57:17,7.06,0.01,311,219690,买盘
09:57:20,7.06,0.0,381,268736,买盘
09:57:23,7.06,0.0,183,129311,买盘
09:57:26,7.06,0.0,121,85407,卖盘
09:57:29,7.06,0.0,315,222447,卖盘
09:57:32,7.07,0.01,505,357154,买盘
09:57:35,7.07,0.0,388,274017,卖盘
09:57:38,7.07,0.0,323,228435,卖盘
09:57:41,7.07,0.0,324,229066,买盘
09:57:44,7.07,0.0,166,117377,卖盘
09:57:47,7.08,0.01,357,252651,买盘
09:57:50,7.08,0.0,337,238464,买盘
09:57:53,7.07,-0.01,199,140875,卖盘
09:57:56,7.09,0.02,148,104903,买盘
09:57:59,7.08,-0.01,484,343153,卖盘
09:58:02,7.08,0.0,86,60875,买盘
09:58:05,7.07,-0.01,1598,1130596,卖盘
09:58:08,7.04,-0.03,826,583703,卖盘
09:58:11,7.04,0.0,70,49280,买盘
09:58:14,7.04,0.0,36,25344,买盘
09:58:17,7.05,0.01,221,155776,买盘
09:58:20,7.04,-0.01,21,14786,卖盘
09:58:23,7.04,0.0,309,217592,卖盘
09:58:26,7.04,0.0,228,160512,买盘
09:58:29,7.04,0.0,80,56275,买盘
09:58:32,7.04,0.0,568,399871,买盘
09:58:35,7.03,-0.01,357,251004,卖盘
09:58:38,7.03,0.0,75,52734,买盘
09:58:41,7.03,0.0,64,44989,买盘
09:58:44,7.03,0.0,31,21778,买盘
09:58:47,7.03,0.0,70,49210,买盘
09:58:50,7.02,-0.01,720,505301,卖盘
09:58:53,7.0,-0.02,174,121968,卖盘
09:58:56,7.01,0.01,89,62375,买盘
09:58:59,7.01,0.0,39,27323,买盘
09:59:02,7.01,0.0,161,112861,卖盘
09:59:05,7.02,0.01,1652,1158033,买盘
09:59:08,7.01,-0.01,279,195330,中性盘
09:59:11,7.01,0.0,61,42708,买盘
09:59:14,7.0,-0.01,313,219163,买盘
09:59:17,7.01,0.01,101,70762,买盘
09:59:20,7.01,0.0,631,442325,买盘
09:59:23,7.01,0.0,719,503693,卖盘
09:59:26,7.01,0.0,134,93904,买盘
09:59:29,7.0,-0.01,521,364918,卖盘
09:59:32,7.01,0.01,399,279317,买盘
09:59:35,7.0,-0.01,249,174434,卖盘
09:59:38,7.0,0.0,220,154047,卖盘
09:59:41,7.0,0.0,293,205010,买盘
09:59:44,7.0,0.0,204,142772,买盘
09:59:47,7.0,0.0,598,418600,买盘
09:59:50,6.99,-0.01,843,589637,卖盘
09:59:53,7.0,0.01,842,588865,买盘
09:59:56,7.0,0.0,123,86100,买盘
09:59:59,7.0,0.0,42,29400,买盘
10:00:02,7.0,0.0,414,289605,买盘
10:00:05,6.99,-0.01,251,175482,卖盘
10:00:08,7.0,0.01,151,105581,买盘
10:00:11,7.0,0.0,127,88831,买盘
10:00:14,7.0,0.0,727,508681,买盘
10:00:17,7.0,0.0,150,105000,卖盘
10:00:20,7.0,0.0,255,178565,卖盘
10:00:23,7.01,0.01,352,246652,买盘
10:00:26,7.02,0.01,253,177695,买盘
10:00:29,7.02,0.0,66,46387,卖盘
10:00:32,7.03,0.01,111,77993,买盘
10:00:35,7.03,0.0,155,108977,中性盘
10:00:38,7.03,0.0,117,82328,卖盘
10:00:41,7.04,0.01,899,632063,买盘
10:00:44,7.04,0.0,376,264412,买盘
10:00:47,7.04,0.0,540,380070,买盘
10:00:50,7.04,0.0,227,159715,卖盘
10:00:53,7.04,0.0,186,130898,买盘
10:00:56,7.04,0.0,155,109094,买盘
10:00:59,7.01,-0.03,426,299106,卖盘
10:01:02,7.0,-0.01,611,428250,卖盘
10:01:05,7.0,0.0,547,382921,卖盘
10:01:08,7.01,0.01,346,242250,买盘
10:01:11,7.01,0.0,94,65847,买盘
10:01:14,7.01,0.0,191,133762,买盘
10:01:17,7.01,0.0,420,294415,买盘
10:01:20,7.01,0.0,162,113613,卖盘
10:01:23,7.02,0.01,28,19650,中性盘
10:01:26,7.01,-0.01,111,77857,卖盘
10:01:29,7.02,0.01,61,42822,买盘
10:01:32,7.01,-0.01,309,216767,卖盘
10:01:35,7.02,0.01,237,166279,买盘
10:01:38,7.01,-0.01,40,28054,卖盘
10:01:41,7.02,0.01,11,7722,买盘
10:01:44,7.01,-0.01,21,14734,卖盘
10:01:47,7.02,0.01,354,248401,买盘
10:01:50,7.02,0.0,510,358020,卖盘
10:01:53,7.02,0.0,60,42120,买盘
10:01:56,7.01,-0.01,19,13319,卖盘
10:01:59,7.02,0.01,245,171990,买盘
10:02:02,7.02,0.0,169,118489,卖盘
10:02:05,7.01,-0.01,990,693917,卖盘
10:02:08,7.01,0.0,849,594426,买盘
10:02:11,7.0,-0.01,689,482277,卖盘
10:02:14,6.99,-0.01,147,102896,卖盘
10:02:17,7.0,0.01,55,38478,买盘
10:02:20,7.0,0.0,256,179197,买盘
10:02:23,7.01,0.01,260,182009,买盘
10:02:26,7.0,-0.01,72,50404,卖盘
10:02:29,7.01,0.01,44,30802,买盘
10:02:32,7.01,0.0,232,162605,买盘
10:02:35,7.01,0.0,256,179456,买盘
10:02:38,7.01,0.0,50,35051,卖盘
10:02:41,7.01,0.0,29,20329,卖盘
10:02:44,7.02,0.01,38,26671,买盘
10:02:47,7.01,-0.01,43,30167,卖盘
10:02:50,7.02,0.01,530,371560,买盘
10:02:53,7.02,0.0,88,61697,买盘
10:02:56,7.01,-0.01,257,180199,卖盘
10:02:59,7.01,0.0,88,61701,买盘
10:03:02,7.01,0.0,252,176647,买盘
10:03:05,7.0,-0.01,528,370084,卖盘
10:03:08,7.0,0.0,930,651440,卖盘
10:03:11,7.01,0.01,235,164740,买盘
10:03:14,7.0,-0.01,75,52552,卖盘
10:03:17,7.0,0.0,100,70000,卖盘
10:03:20,7.01,0.01,168,117602,买盘
10:03:23,7.01,0.0,116,81249,买盘
10:03:26,7.0,-0.01,231,161762,卖盘
10:03:29,7.0,0.0,146,102222,买盘
10:03:32,7.0,0.0,1483,1037097,卖盘
10:03:35,7.0,0.0,65,45500,买盘
10:03:38,7.0,0.0,104,72801,卖盘
10:03:41,7.0,0.0,83,58084,卖盘
10:03:44,7.0,0.0,94,65807,买盘
10:03:47,7.0,0.0,113,79093,卖盘
10:03:50,7.0,0.0,27,18907,卖盘
10:03:53,7.0,0.0,199,139310,卖盘
10:03:56,7.0,0.0,141,98743,卖盘
10:03:59,7.01,0.01,62,43401,买盘
10:04:02,7.01,0.0,774,542531,买盘
10:04:05,7.01,0.0,231,161961,卖盘
10:04:08,7.01,0.0,97,68005,卖盘
10:04:11,7.01,0.0,199,139620,卖盘
10:04:14,7.01,0.0,50,35075,卖盘
10:04:17,7.01,0.0,242,169649,卖盘
10:04:20,7.0,-0.01,87,60932,卖盘
10:04:23,7.0,0.0,160,112002,卖盘
10:04:26,7.01,0.01,26,18226,买盘
10:04:29,7.01,0.0,108,75678,买盘
10:04:32,7.01,0.0,58,40658,买盘
10:04:35,7.0,-0.01,445,311772,卖盘
10:04:38,7.0,0.0,26,18216,卖盘
10:04:41,7.0,0.0,94,65811,卖盘
10:04:44,7.01,0.01,32,22401,买盘
10:04:47,7.01,0.0,1022,715503,买盘
10:04:50,7.01,0.0,350,245081,买盘
10:04:53,7.0,-0.01,164,114926,卖盘
10:04:56,7.01,0.01,149,104448,买盘
10:04:59,7.01,0.0,175,122620,买盘
10:05:02,7.0,-0.01,74,51815,中性盘
10:05:05,7.01,0.01,290,203450,买盘
10:05:08,7.01,0.0,155,108644,买盘
10:05:11,7.02,0.01,210,147211,买盘
10:05:14,7.01,-0.01,171,119864,中性盘
10:05:17,7.01,0.0,36,25215,买盘
10:05:20,7.01,0.0,49,34348,买盘
10:05:23,7.01,0.0,31,21731,买盘
10:05:26,7.01,0.0,165,115652,买盘
10:05:29,7.01,0.0,46,32246,卖盘
10:05:32,7.02,0.01,163,114323,买盘
10:05:35,7.02,0.0,281,197043,买盘
10:05:38,7.02,0.0,149,104516,买盘
10:05:41,7.02,0.0,268,188028,买盘
10:05:44,7.02,0.0,201,141047,买盘
10:05:47,7.02,0.0,46,32292,买盘
10:05:50,7.02,0.0,286,200503,买盘
10:05:53,7.02,0.0,342,240052,买盘
10:05:56,7.02,0.0,88,61764,买盘
10:05:59,7.02,0.0,15,10528,买盘
10:06:02,7.02,0.0,186,130560,买盘
10:06:05,7.02,0.0,97,68060,买盘
10:06:08,7.02,0.0,68,47686,买盘
10:06:11,7.02,0.0,272,190893,买盘
10:06:14,7.02,0.0,199,139686,买盘
10:06:17,7.01,-0.01,206,144498,卖盘
10:06:20,7.02,0.01,276,193711,买盘
10:06:23,7.02,0.0,187,131250,买盘
10:06:26,7.0,-0.02,181,126878,卖盘
10:06:29,7.01,0.01,101,70781,中性盘
10:06:32,7.0,-0.01,79,55365,卖盘
10:06:35,7.02,0.02,751,527035,买盘
10:06:38,7.02,0.0,48,33696,卖盘
10:06:41,7.02,0.0,38,26692,卖盘
10:06:44,7.02,0.0,104,73106,卖盘
10:06:47,7.02,0.0,788,553176,卖盘
10:06:50,7.02,0.0,250,175662,买盘
10:06:53,7.02,0.0,75,52641,卖盘
10:06:56,7.02,0.0,61,42813,买盘
10:06:59,7.02,0.0,47,32982,买盘
10:07:02,7.01,-0.01,91,63805,卖盘
10:07:05,7.0,-0.01,859,601344,卖盘
10:07:08,6.99,-0.01,711,497322,卖盘
10:07:11,7.0,0.01,103,72058,买盘
10:07:14,6.99,-0.01,87,60883,卖盘
10:07:17,7.0,0.01,283,197848,买盘
10:07:20,6.99,-0.01,38,26591,卖盘
10:07:23,7.0,0.01,60,41970,买盘
10:07:26,6.99,-0.01,909,634921,卖盘
10:07:29,6.99,0.0,106,74040,买盘
10:07:32,6.99,0.0,128,89447,买盘
10:07:35,6.99,0.0,44,30734,买盘
10:07:38,6.99,0.0,196,137001,买盘
10:07:41,6.99,0.0,135,94339,买盘
10:07:44,6.98,-0.01,309,215718,卖盘
10:07:47,6.99,0.01,451,314825,买盘
10:07:50,6.98,-0.01,528,368690,卖盘
10:07:53,6.98,0.0,107,74699,卖盘
10:07:56,6.98,0.0,546,381113,卖盘
10:07:59,6.99,0.01,212,148018,买盘
10:08:02,6.98,-0.01,83,57943,卖盘
10:08:05,6.98,0.0,118,82442,卖盘
10:08:08,6.99,0.01,121,84526,买盘
10:08:11,7.01,0.02,1057,739640,买盘
10:08:14,7.01,0.0,222,155402,中性盘
10:08:17,7.02,0.01,1121,786865,买盘
10:08:20,7.02,0.0,38,26666,卖盘
10:08:23,7.03,0.01,338,237210,买盘
10:08:26,7.03,0.0,182,127917,买盘
10:08:29,7.03,0.0,213,149700,买盘
10:08:32,7.02,-0.01,166,116609,卖盘
10:08:35,7.01,-0.01,218,152922,卖盘
10:08:38,7.01,0.0,126,88363,卖盘
10:08:41,7.01,0.0,140,98155,卖盘
10:08:44,7.02,0.01,164,115049,买盘
10:08:47,7.02,0.0,9,6314,买盘
10:08:50,7.02,0.0,16,11221,买盘
10:08:53,7.02,0.0,90,63180,买盘
10:08:56,7.01,-0.01,122,85572,卖盘
10:08:59,7.01,0.0,400,280400,卖盘
10:09:02,7.0,-0.01,85,59536,卖盘
10:09:05,7.01,0.01,9,6306,买盘
10:09:08,7.01,0.0,35,24535,买盘
10:09:11,6.99,-0.02,466,326044,卖盘
10:09:14,6.99,0.0,131,91577,卖盘
10:09:17,7.0,0.01,80,55985,买盘
10:09:20,7.0,0.0,21,14693,中性盘
10:09:23,7.0,0.0,91,63701,买盘
10:09:26,7.0,0.0,89,62300,卖盘
10:09:29,7.01,0.01,35,24524,买盘
10:09:32,7.01,0.0,16,11216,买盘
10:09:35,7.01,0.0,158,110639,买盘
10:09:38,7.0,-0.01,194,135852,卖盘
10:09:41,7.0,0.0,127,88981,卖盘
10:09:44,7.01,0.01,2,1402,买盘
10:09:47,7.01,0.0,166,116263,买盘
10:09:50,7.0,-0.01,41,28700,卖盘
10:09:53,7.0,0.0,14,9802,卖盘
10:09:56,7.01,0.01,85,59577,买盘
10:09:59,7.01,0.0,50,35050,买盘
10:10:02,7.0,-0.01,148,103734,卖盘
10:10:05,7.0,0.0,568,397958,卖盘
10:10:08,7.01,0.01,41,28713,买盘
10:10:11,7.01,0.0,119,83356,买盘
10:10:14,7.01,0.0,51,35751,买盘
10:10:17,7.0,-0.01,103,72130,卖盘
10:10:20,6.99,-0.01,606,424016,卖盘
10:10:23,6.99,0.0,121,84601,卖盘
10:10:26,7.0,0.01,104,72796,买盘
10:10:29,6.99,-0.01,22,15378,卖盘
10:10:32,7.0,0.01,69,48294,买盘
10:10:35,6.99,-0.01,124,86676,卖盘
10:10:38,7.0,0.01,102,71340,买盘
10:10:41,6.99,-0.01,478,334035,卖盘
10:10:44,6.99,0.0,40,27960,买盘
10:10:47,6.99,0.0,36,25153,买盘
10:10:50,6.99,0.0,13,9087,买盘
10:10:53,6.99,0.0,207,144693,卖盘
10:10:56,6.98,-0.01,157,109673,卖盘
10:10:59,6.98,0.0,127,88706,卖盘
10:11:02,6.99,0.01,54,37695,买盘
10:11:05,6.99,0.0,4,2796,买盘
10:11:08,6.99,0.0,92,64308,买盘
10:11:11,6.99,0.0,41,28654,买盘
10:11:14,6.99,0.0,25,17475,买盘
10:11:17,6.99,0.0,298,208301,买盘
10:11:20,6.99,0.0,23,16079,卖盘
10:11:23,6.99,0.0,9,6291,卖盘
10:11:26,6.99,0.0,56,39144,卖盘
10:11:29,7.0,0.01,681,476700,买盘
10:11:32,7.0,0.0,218,152600,买盘
10:11:35,7.0,0.0,162,113400,买盘
10:11:38,7.0,0.0,3,2100,卖盘
10:11:41,7.01,0.01,266,186456,买盘
10:11:44,7.01,0.0,116,81266,买盘
10:11:47,7.01,0.0,167,117062,买盘
10:11:50,7.01,0.0,248,173659,买盘
10:11:53,7.01,0.0,48,33640,买盘
10:11:56,7.01,0.0,252,176604,买盘
10:11:59,7.01,0.0,132,92525,买盘
10:12:02,7.01,0.0,137,95986,买盘
10:12:05,7.01,0.0,33,23133,买盘
10:12:08,7.01,0.0,7,4907,买盘
10:12:11,6.99,-0.02,672,469868,卖盘
10:12:14,6.99,0.0,341,238282,买盘
10:12:17,6.98,-0.01,1101,768558,卖盘
10:12:20,6.98,0.0,910,635186,卖盘
10:12:23,6.98,0.0,918,640518,卖盘
10:12:26,6.97,-0.01,162,112952,卖盘
10:12:29,6.98,0.01,377,263111,买盘
10:12:32,6.98,0.0,59,41154,买盘
10:12:35,6.97,-0.01,153,106702,卖盘
10:12:38,6.97,0.0,1,697,卖盘
10:12:41,6.97,0.0,190,132448,卖盘
10:12:44,6.98,0.01,747,521226,买盘
10:12:47,6.97,-0.01,139,96939,卖盘
10:12:50,6.98,0.01,100,69720,买盘
10:12:53,6.97,-0.01,74,51583,卖盘
10:12:56,6.98,0.01,249,173776,买盘
10:12:59,6.97,-0.01,83,57861,卖盘
10:13:02,6.98,0.01,58,40477,买盘
10:13:05,6.96,-0.02,1743,1214483,卖盘
10:13:08,6.95,-0.01,2526,1757803,卖盘
10:13:11,6.95,0.0,273,189894,卖盘
10:13:14,6.96,0.01,85,59089,买盘
10:13:17,6.95,-0.01,137,95304,卖盘
10:13:20,6.96,0.01,314,218544,买盘
10:13:23,6.96,0.0,185,128647,卖盘
10:13:26,6.96,0.0,140,97494,卖盘
10:13:29,6.97,0.01,44,30631,买盘
10:13:32,6.96,-0.01,138,96048,卖盘
10:13:35,6.96,0.0,72,50120,卖盘
10:13:38,6.96,0.0,188,130848,买盘
10:13:41,6.97,0.01,320,222712,买盘
10:13:44,6.96,-0.01,20,13920,卖盘
10:13:47,6.96,0.0,372,258904,卖盘
10:13:50,6.96,0.0,111,77256,买盘
10:13:53,6.96,0.0,212,147400,买盘
10:13:56,6.96,0.0,234,162846,买盘
10:13:59,6.96,0.0,69,47988,买盘
10:14:02,6.96,0.0,296,205765,买盘
10:14:05,6.96,0.0,137,95303,买盘
10:14:08,6.96,0.0,289,200967,买盘
10:14:11,6.96,0.0,108,75082,买盘
10:14:14,6.96,0.0,96,66776,买盘
10:14:17,6.95,-0.01,23,15985,卖盘
10:14:20,6.96,0.01,32,22247,买盘
10:14:23,6.95,-0.01,116,80707,卖盘
10:14:26,6.95,0.0,39,27108,卖盘
10:14:29,6.95,0.0,422,293314,卖盘
10:14:32,6.95,0.0,55,38227,卖盘
10:14:35,6.95,0.0,357,248115,卖盘
10:14:38,6.96,0.01,859,597025,买盘
10:14:41,6.95,-0.01,1347,936971,卖盘
10:14:44,6.96,0.01,353,245584,买盘
10:14:47,6.95,-0.01,10,6950,卖盘
10:14:50,6.95,0.0,176,122360,卖盘
10:14:53,6.95,0.0,19,13206,卖盘
10:14:56,6.96,0.01,28,19485,买盘
10:14:59,6.95,-0.01,760,528200,卖盘
10:15:02,6.95,0.0,154,107030,买盘
10:15:05,6.94,-0.01,118,81948,卖盘
10:15:08,6.95,0.01,115,79919,买盘
10:15:11,6.94,-0.01,89,61790,卖盘
10:15:14,6.95,0.01,174,120829,买盘
10:15:17,6.94,-0.01,716,496935,卖盘
10:15:20,6.94,0.0,411,285254,买盘
10:15:23,6.95,0.01,116,80543,买盘
10:15:26,6.94,-0.01,81,56206,卖盘
10:15:29,6.94,0.0,48,33312,买盘
10:15:32,6.93,-0.01,132,91538,卖盘
10:15:35,6.93,0.0,96,66617,卖盘
10:15:38,6.94,0.01,223,154764,买盘
10:15:41,6.95,0.01,225,156179,买盘
10:15:44,6.95,0.0,114,79128,买盘
10:15:47,6.94,-0.01,17,11808,卖盘
10:15:50,6.94,0.0,233,161752,卖盘
10:15:53,6.94,0.0,102,70730,买盘
10:15:56,6.94,0.0,226,156833,买盘
10:15:59,6.94,0.0,82,56838,买盘
10:16:02,6.94,0.0,203,140686,买盘
10:16:05,6.93,-0.01,140,97021,卖盘
10:16:08,6.94,0.01,124,85956,买盘
10:16:11,6.94,0.0,95,65860,买盘
10:16:14,6.93,-0.01,160,110920,卖盘
10:16:17,6.94,0.01,162,112336,买盘
10:16:20,6.94,0.0,271,187958,买盘
10:16:23,6.93,-0.01,64,44373,卖盘
10:16:26,6.93,0.0,260,180180,卖盘
10:16:29,6.94,0.01,44,30472,买盘
10:16:32,6.94,0.0,46,31902,买盘
10:16:35,6.93,-0.01,424,293854,卖盘
10:16:38,6.94,0.01,167,115851,买盘
10:16:41,6.93,-0.01,161,111634,卖盘
10:16:44,6.93,0.0,235,162875,卖盘
10:16:47,6.93,0.0,9,6237,卖盘
10:16:50,6.94,0.01,193,133756,买盘
10:16:53,6.94,0.0,33,22881,买盘
10:16:56,6.94,0.0,311,215803,买盘
10:16:59,6.94,0.0,32,22208,卖盘
10:17:02,6.94,0.0,644,446938,卖盘
10:17:05,6.94,0.0,40,27766,买盘
10:17:08,6.94,0.0,109,75598,买盘
10:17:11,6.93,-0.01,123,85259,卖盘
10:17:14,6.93,0.0,25,17325,卖盘
10:17:17,6.93,0.0,100,69328,卖盘
10:17:20,6.93,0.0,18,12484,卖盘
10:17:23,6.94,0.01,73,50644,买盘
10:17:26,6.94,0.0,81,56194,买盘
10:17:29,6.94,0.0,206,142913,买盘
10:17:32,6.94,0.0,5,3468,买盘
10:17:35,6.94,0.0,65,45110,买盘
10:17:38,6.93,-0.01,21,14569,卖盘
10:17:41,6.94,0.01,44,30536,买盘
10:17:44,6.94,0.0,1,694,买盘
10:17:47,6.93,-0.01,112,77719,卖盘
10:17:50,6.93,0.0,16,11088,卖盘
10:17:53,6.94,0.01,44,30536,买盘
10:17:56,6.94,0.0,129,89505,买盘
10:17:59,6.94,0.0,24,16648,买盘
10:18:02,6.94,0.0,101,70064,买盘
10:18:05,6.94,0.0,23,15956,买盘
10:18:08,6.93,-0.01,146,101178,卖盘
10:18:11,6.94,0.01,415,287651,买盘
10:18:14,6.93,-0.01,44,30492,卖盘
10:18:17,6.94,0.01,59,40935,买盘
10:18:20,6.93,-0.01,19,13167,卖盘
10:18:23,6.93,0.0,30,20790,卖盘
10:18:26,6.93,0.0,27,18731,卖盘
10:18:29,6.94,0.01,69,47821,买盘
10:18:32,6.94,0.0,35,24270,买盘
10:18:35,6.92,-0.02,203,140691,卖盘
10:18:38,6.93,0.01,55,38105,中性盘
10:18:41,6.93,0.0,68,47123,买盘
10:18:44,6.93,0.0,76,52669,卖盘
10:18:47,6.93,0.0,31,21486,卖盘
10:18:50,6.92,-0.01,129,89392,卖盘
10:18:53,6.93,0.01,156,108188,买盘
10:18:56,6.93,0.0,19,13167,买盘
10:18:59,6.93,0.0,68,47124,卖盘
10:19:02,6.93,0.0,312,215975,卖盘
10:19:05,6.93,0.0,281,194617,买盘
10:19:08,6.92,-0.01,157,108707,卖盘
10:19:11,6.93,0.01,848,587609,买盘
10:19:14,6.93,0.0,33,22869,卖盘
10:19:17,6.94,0.01,131,90786,买盘
10:19:20,6.94,0.0,139,96408,买盘
10:19:23,6.93,-0.01,32,22185,卖盘
10:19:26,6.93,0.0,107,74065,卖盘
10:19:29,6.92,-0.01,36,24932,卖盘
10:19:32,6.93,0.01,32,22170,买盘
10:19:35,6.93,0.0,18,12474,买盘
10:19:38,6.93,0.0,73,50579,买盘
10:19:41,6.93,0.0,255,176477,买盘
10:19:44,6.93,0.0,46,31868,买盘
10:19:47,6.92,-0.01,120,83091,卖盘
10:19:50,6.91,-0.01,151,104485,卖盘
10:19:53,6.92,0.01,35,24220,买盘
10:19:56,6.92,0.0,126,87192,买盘
10:19:59,6.91,-0.01,38,26288,卖盘
10:20:02,6.92,0.01,165,114134,卖盘
10:20:05,6.91,-0.01,129,89213,卖盘
10:20:08,6.92,0.01,362,250533,买盘
10:20:11,6.92,0.0,263,181996,买盘
10:20:14,6.92,0.0,209,144628,买盘
10:20:17,6.92,0.0,220,152203,买盘
10:20:20,6.92,0.0,9,6228,买盘
10:20:23,6.92,0.0,19,13149,卖盘
10:20:26,6.92,0.0,14,9689,卖盘
10:20:29,6.93,0.01,5,3465,买盘
10:20:32,6.93,0.0,46,31858,买盘
10:20:35,6.93,0.0,154,106672,买盘
10:20:38,6.93,0.0,315,218255,买盘
10:20:41,6.93,0.0,22,15235,买盘
10:20:44,6.93,0.0,14,9702,买盘
10:20:47,6.92,-0.01,33,22854,卖盘
10:20:50,6.92,0.0,240,166311,卖盘
10:20:53,6.93,0.01,225,155922,买盘
10:20:56,6.93,0.0,59,40880,买盘
10:20:59,6.93,0.0,150,103850,买盘
10:21:02,6.92,-0.01,178,123205,卖盘
10:21:05,6.93,0.01,200,138408,买盘
10:21:08,6.92,-0.01,392,271264,卖盘
10:21:11,6.92,0.0,60,41520,买盘
10:21:14,6.92,0.0,18,12456,买盘
10:21:17,6.92,0.0,218,150720,买盘
10:21:20,6.92,0.0,228,157648,买盘
10:21:23,6.91,-0.01,125,86421,卖盘
10:21:26,6.92,0.01,101,69847,买盘
10:21:29,6.92,0.0,28,19376,买盘
10:21:32,6.91,-0.01,18,12438,卖盘
10:21:35,6.91,0.0,257,177621,卖盘
10:21:38,6.91,0.0,124,85716,卖盘
10:21:41,6.91,0.0,91,62883,卖盘
10:21:44,6.91,0.0,180,124434,卖盘
10:21:47,6.92,0.01,101,69892,买盘
10:21:50,6.91,-0.01,8,5529,卖盘
10:21:53,6.92,0.01,2,1384,买盘
10:21:56,6.91,-0.01,58,40078,卖盘
10:21:59,6.92,0.01,14,9688,买盘
10:22:02,6.92,0.0,104,71910,买盘
10:22:05,6.92,0.0,56,38751,买盘
10:22:08,6.92,0.0,177,122351,买盘
10:22:11,6.91,-0.01,154,106423,卖盘
10:22:14,6.91,0.0,163,112641,卖盘
10:22:17,6.92,0.01,45,31125,买盘
10:22:20,6.91,-0.01,67,46297,卖盘
10:22:23,6.92,0.01,30,20758,买盘
10:22:26,6.92,0.0,62,42845,买盘
10:22:29,6.91,-0.01,30,20750,卖盘
10:22:32,6.91,0.0,91,62971,卖盘
10:22:35,6.91,0.0,215,148765,卖盘
10:22:38,6.91,0.0,248,171368,卖盘
10:22:41,6.91,0.0,71,49081,卖盘
10:22:44,6.92,0.01,191,131982,买盘
10:22:47,6.92,0.0,78,53914,买盘
10:22:50,6.91,-0.01,142,98130,卖盘
10:22:53,6.91,0.0,84,58084,卖盘
10:22:56,6.92,0.01,1,692,买盘
10:22:59,6.91,-0.01,44,30404,卖盘
10:23:02,6.92,0.01,20,13840,买盘
10:23:05,6.91,-0.01,234,161704,卖盘
10:23:08,6.9,-0.01,261,180255,卖盘
10:23:11,6.9,0.0,98,67620,卖盘
10:23:14,6.91,0.01,62,42807,买盘
10:23:17,6.9,-0.01,74,51060,卖盘
10:23:20,6.91,0.01,43,29713,买盘
10:23:23,6.91,0.0,74,51134,买盘
10:23:26,6.9,-0.01,209,144399,卖盘
10:23:29,6.91,0.01,40,27640,买盘
10:23:32,6.91,0.0,58,40069,买盘
10:23:35,6.9,-0.01,38,26220,卖盘
10:23:38,6.91,0.01,110,75979,买盘
10:23:41,6.91,0.0,102,70467,买盘
10:23:44,6.91,0.0,22,15189,买盘
10:23:47,6.91,0.0,40,27632,买盘
10:23:50,6.9,-0.01,22,15195,卖盘
10:23:53,6.9,0.0,94,64874,卖盘
10:23:56,6.9,0.0,369,254620,卖盘
10:23:59,6.9,0.0,128,88324,卖盘
10:24:02,6.9,0.0,52,35880,卖盘
10:24:05,6.91,0.01,41,28292,买盘
10:24:08,6.9,-0.01,114,78670,卖盘
10:24:11,6.9,0.0,324,223609,卖盘
10:24:14,6.9,0.0,167,115362,卖盘
10:24:17,6.91,0.01,153,105615,买盘
10:24:20,6.91,0.0,282,194862,买盘
10:24:23,6.91,0.0,155,107241,卖盘
10:24:26,6.92,0.01,67,46317,买盘
10:24:29,6.9,-0.02,94,64880,卖盘
10:24:32,6.91,0.01,84,58044,买盘
10:24:35,6.91,0.0,138,95358,买盘
10:24:38,6.91,0.0,39,26949,买盘
10:24:41,6.91,0.0,73,50443,卖盘
10:24:44,6.91,0.0,140,96673,卖盘
10:24:47,6.91,0.0,43,29713,买盘
10:24:50,6.91,0.0,63,43533,买盘
10:24:53,6.91,0.0,46,31773,买盘
10:24:56,6.91,0.0,24,16584,买盘
10:24:59,6.91,0.0,119,82189,买盘
10:25:02,6.91,0.0,52,35932,买盘
10:25:05,6.9,-0.01,94,64860,卖盘
10:25:08,6.91,0.01,127,87733,买盘
10:25:11,6.9,-0.01,62,42793,卖盘
10:25:14,6.91,0.01,124,85684,买盘
10:25:17,6.9,-0.01,140,96600,卖盘
10:25:20,6.9,0.0,88,60779,卖盘
10:25:23,6.9,0.0,19,13113,卖盘
10:25:26,6.91,0.01,24,16584,买盘
10:25:29,6.9,-0.01,45,31070,卖盘
10:25:32,6.9,0.0,5,3450,卖盘
10:25:35,6.9,0.0,58,40070,卖盘
10:25:38,6.9,0.0,50,34500,卖盘
10:25:41,6.91,0.01,55,38005,买盘
10:25:44,6.9,-0.01,30,20700,卖盘
10:25:47,6.91,0.01,127,87757,买盘
10:25:50,6.91,0.0,84,58000,买盘
10:25:53,6.91,0.0,75,51825,买盘
10:25:56,6.9,-0.01,243,167723,卖盘
10:25:59,6.91,0.01,93,64188,买盘
10:26:02,6.91,0.0,73,50426,买盘
10:26:05,6.91,0.0,150,103550,买盘
10:26:08,6.91,0.0,679,469107,买盘
10:26:11,6.91,0.0,377,260287,买盘
10:26:14,6.91,0.0,200,138200,买盘
10:26:17,6.91,0.0,50,34548,买盘
10:26:20,6.91,0.0,174,120231,买盘
10:26:23,6.91,0.0,620,428467,买盘
10:26:26,6.91,0.0,11,7601,卖盘
10:26:29,6.91,0.0,1,691,卖盘
10:26:32,6.92,0.01,16,11072,买盘
10:26:35,6.92,0.0,3,2076,买盘
10:26:38,6.91,-0.01,492,340461,卖盘
10:26:41,6.92,0.01,302,208984,买盘
10:26:44,6.92,0.0,19,13144,买盘
10:26:47,6.92,0.0,82,56743,买盘
10:26:50,6.92,0.0,60,41520,买盘
10:26:53,6.92,0.0,278,192376,买盘
10:26:56,6.92,0.0,13,8996,买盘
10:26:59,6.92,0.0,52,35984,卖盘
10:27:02,6.92,0.0,248,171617,卖盘
10:27:05,6.92,0.0,320,221440,买盘
10:27:08,6.92,0.0,156,107932,买盘
10:27:11,6.91,-0.01,120,83020,卖盘
10:27:14,6.92,0.01,15,10380,买盘
10:27:17,6.91,-0.01,116,80218,卖盘
10:27:20,6.92,0.01,127,87884,买盘
10:27:23,6.92,0.0,2,1383,买盘
10:27:26,6.92,0.0,122,84404,买盘
10:27:29,6.91,-0.01,24,16603,卖盘
10:27:32,6.92,0.01,389,269066,买盘
10:27:35,6.92,0.0,39,26984,买盘
10:27:38,6.91,-0.01,22,15222,卖盘
10:27:41,6.92,0.01,93,64341,买盘
10:27:44,6.91,-0.01,25,17282,卖盘
10:27:47,6.91,0.0,165,114032,卖盘
10:27:50,6.9,-0.01,1628,1124227,卖盘
10:27:53,6.9,0.0,2420,1669360,卖盘
10:27:56,6.9,0.0,122,84068,买盘
10:27:59,6.9,0.0,24,16538,买盘
10:28:02,6.89,-0.01,6,4134,中性盘
10:28:05,6.89,0.0,164,113022,卖盘
10:28:08,6.88,-0.01,115,79171,卖盘
10:28:11,6.9,0.02,94,64775,买盘
10:28:14,6.9,0.0,228,157235,买盘
10:28:17,6.89,-0.01,61,42029,卖盘
10:28:20,6.89,0.0,44,30279,买盘
10:28:23,6.89,0.0,67,46163,买盘
10:28:26,6.88,-0.01,42,28925,卖盘
10:28:29,6.89,0.01,8,5512,买盘
10:28:32,6.88,-0.01,64,44035,卖盘
10:28:35,6.89,0.01,22,15145,买盘
10:28:38,6.89,0.0,134,92326,买盘
10:28:41,6.89,0.0,29,19973,卖盘
10:28:44,6.89,0.0,58,39935,买盘
10:28:47,6.89,0.0,57,39273,买盘
10:28:50,6.89,0.0,12,8268,买盘
10:28:53,6.89,0.0,131,90259,卖盘
10:28:56,6.9,0.01,42,28950,买盘
10:28:59,6.89,-0.01,99,68211,卖盘
10:29:02,6.89,0.0,61,42058,卖盘
10:29:05,6.89,0.0,156,107484,卖盘
10:29:08,6.9,0.01,80,55166,买盘
10:29:11,6.89,-0.01,106,73039,卖盘
10:29:14,6.89,0.0,23,15847,买盘
10:29:17,6.89,0.0,147,101291,卖盘
10:29:20,6.89,0.0,87,59951,卖盘
10:29:23,6.89,0.0,1,689,卖盘
10:29:26,6.9,0.01,16,11028,买盘
10:29:29,6.89,-0.01,85,58565,卖盘
10:29:32,6.9,0.01,59,40661,买盘
10:29:35,6.9,0.0,130,89675,买盘
10:29:38,6.9,0.0,33,22765,买盘
10:29:41,6.89,-0.01,172,118553,卖盘
10:29:44,6.89,0.0,75,51675,卖盘
10:29:50,6.9,0.01,5,3450,买盘
10:29:53,6.9,0.0,42,28980,买盘
10:29:56,6.89,-0.01,561,386586,卖盘
10:29:59,6.89,0.0,67,46163,卖盘
10:30:02,6.88,-0.01,1151,793140,卖盘
10:30:05,6.88,0.0,433,298312,卖盘
10:30:08,6.89,0.01,10,6890,买盘
10:30:11,6.89,0.0,18,12400,买盘
10:30:14,6.88,-0.01,52,35803,卖盘
10:30:17,6.89,0.01,39,26847,买盘
10:30:20,6.88,-0.01,565,388725,卖盘
10:30:23,6.87,-0.01,1525,1048990,卖盘
10:30:26,6.86,-0.01,268,184132,卖盘
10:30:29,6.86,0.0,109,74801,卖盘
10:30:32,6.86,0.0,63,43218,卖盘
10:30:35,6.85,-0.01,488,334723,卖盘
10:30:38,6.85,0.0,217,148655,卖盘
10:30:41,6.85,0.0,32,21921,卖盘
10:30:44,6.84,-0.01,348,238413,卖盘
10:30:47,6.85,0.01,919,629515,买盘
10:30:50,6.85,0.0,177,121148,买盘
10:30:53,6.84,-0.01,42,28769,卖盘
10:30:56,6.85,0.01,30,20550,卖盘
10:30:59,6.85,0.0,35,23975,卖盘
10:31:02,6.85,0.0,234,160291,卖盘
10:31:05,6.85,0.0,34,23290,卖盘
10:31:08,6.85,0.0,121,82893,卖盘
10:31:11,6.85,0.0,119,81515,卖盘
10:31:14,6.84,-0.01,167,114394,卖盘
10:31:17,6.85,0.01,6,4110,买盘
10:31:20,6.85,0.0,31,21234,买盘
10:31:23,6.84,-0.01,159,108758,卖盘
10:31:26,6.84,0.0,170,116282,卖盘
10:31:29,6.84,0.0,492,336528,卖盘
10:31:32,6.84,0.0,44,30096,买盘
10:31:35,6.83,-0.01,550,375717,卖盘
10:31:38,6.83,0.0,171,116815,卖盘
10:31:41,6.83,0.0,147,100450,卖盘
10:31:44,6.83,0.0,311,212489,卖盘
10:31:47,6.83,0.0,30,20490,卖盘
10:31:50,6.84,0.01,51,34844,买盘
10:31:53,6.84,0.0,47,32138,买盘
10:31:56,6.84,0.0,102,69753,买盘
10:31:59,6.84,0.0,36,24624,卖盘
10:32:02,6.83,-0.01,187,127747,卖盘
10:32:05,6.84,0.01,22,15046,买盘
10:32:08,6.83,-0.01,1102,752032,卖盘
10:32:11,6.84,0.01,265,181031,买盘
10:32:14,6.83,-0.01,21,14343,买盘
10:32:17,6.82,-0.01,19,12975,卖盘
10:32:20,6.82,0.0,39,26605,卖盘
10:32:23,6.83,0.01,1438,982939,买盘
10:32:26,6.83,0.0,136,92942,卖盘
10:32:29,6.83,0.0,57,38946,卖盘
10:32:32,6.83,0.0,364,248612,买盘
10:32:35,6.83,0.0,115,78545,买盘
10:32:38,6.83,0.0,31,21172,买盘
10:32:41,6.82,-0.01,27,18429,卖盘
10:32:47,6.82,0.0,346,236313,卖盘
10:32:50,6.83,0.01,58,39614,买盘
10:32:53,6.83,0.0,182,124253,卖盘
10:32:56,6.83,0.0,30,20490,买盘
10:32:59,6.83,0.0,26,17758,买盘
10:33:02,6.83,0.0,38,25953,买盘
10:33:05,6.82,-0.01,13,8878,卖盘
10:33:08,6.82,0.0,60,40956,卖盘
10:33:11,6.83,0.01,345,235487,买盘
10:33:14,6.83,0.0,162,110646,买盘
10:33:17,6.83,0.0,28,19124,卖盘
10:33:20,6.83,0.0,107,73081,卖盘
10:33:26,6.83,0.0,46,31428,卖盘
10:33:29,6.83,0.0,15,10245,卖盘
10:33:32,6.84,0.01,125,85383,买盘
10:33:35,6.84,0.0,151,103234,买盘
10:33:38,6.84,0.0,962,657892,买盘
10:33:41,6.83,-0.01,252,172358,卖盘
10:33:44,6.84,0.01,727,497268,买盘
10:33:47,6.84,0.0,29,19836,卖盘
10:33:50,6.85,0.01,229,156710,买盘
10:33:53,6.85,0.0,58,39690,买盘
10:33:56,6.85,0.0,335,229462,买盘
10:33:59,6.85,0.0,140,95850,买盘
10:34:02,6.85,0.0,300,205306,买盘
10:34:05,6.84,-0.01,158,108228,卖盘
10:34:08,6.84,0.0,94,64360,卖盘
10:34:11,6.85,0.01,22,15060,买盘
10:34:14,6.84,-0.01,531,363235,卖盘
10:34:17,6.85,0.01,105,71925,买盘
10:34:20,6.84,-0.01,17,11638,卖盘
10:34:23,6.84,0.0,32,21915,卖盘
10:34:26,6.85,0.01,81,55457,买盘
10:34:29,6.85,0.0,580,397290,买盘
10:34:32,6.84,-0.01,302,206856,卖盘
10:34:35,6.86,0.02,76,52086,买盘
10:34:38,6.85,-0.01,4,2740,卖盘
10:34:41,6.85,0.0,79,54169,卖盘
10:34:44,6.85,0.0,15,10280,卖盘
10:34:47,6.86,0.01,51,34986,买盘
10:34:50,6.85,-0.01,507,347556,卖盘
10:34:53,6.85,0.0,39,26715,买盘
10:34:56,6.85,0.0,15,10275,买盘
10:34:59,6.85,0.0,217,148645,买盘
10:35:02,6.85,0.0,99,67802,买盘
10:35:05,6.85,0.0,341,233585,买盘
10:35:14,6.86,0.01,14,9604,买盘
10:35:17,6.86,0.0,21,14406,买盘
10:35:20,6.86,0.0,133,91238,买盘
10:35:23,6.88,0.02,61,41939,买盘
10:35:29,6.88,0.0,358,246172,买盘
10:35:32,6.88,0.0,254,174743,买盘
10:35:35,6.88,0.0,330,227040,卖盘
10:35:38,6.88,0.0,33,22711,买盘
10:35:41,6.89,0.01,522,359368,买盘
10:35:44,6.89,0.0,141,97130,买盘
10:35:47,6.89,0.0,125,86089,买盘
10:35:50,6.89,0.0,220,151553,买盘
10:35:53,6.89,0.0,622,428383,买盘
10:35:56,6.89,0.0,61,42020,买盘
10:35:59,6.89,0.0,151,104039,买盘
10:36:02,6.9,0.01,192,132296,买盘
10:36:05,6.9,0.0,110,75874,买盘
10:36:08,6.9,0.0,416,287040,买盘
10:36:11,6.9,0.0,158,109049,卖盘
10:36:14,6.9,0.0,1271,876668,卖盘
10:36:17,6.91,0.01,1633,1127302,买盘
10:36:20,6.91,0.0,853,589768,卖盘
10:36:23,6.91,0.0,93,64218,中性盘
10:36:26,6.91,0.0,164,113291,买盘
10:36:29,6.9,-0.01,15,10350,卖盘
10:36:32,6.9,0.0,311,214572,买盘
10:36:35,6.9,0.0,57,39328,买盘
10:36:38,6.9,0.0,68,46920,买盘
10:36:41,6.9,0.0,74,51060,买盘
10:36:44,6.9,0.0,264,182152,买盘
10:36:47,6.9,0.0,305,210442,买盘
10:36:50,6.9,0.0,11,7590,买盘
10:36:53,6.9,0.0,67,46230,买盘
10:36:56,6.9,0.0,95,65550,买盘
10:36:59,6.9,0.0,65,44850,卖盘
10:37:02,6.9,0.0,188,129811,卖盘
10:37:05,6.9,0.0,213,146981,卖盘
10:37:08,6.89,-0.01,85,58613,卖盘
10:37:11,6.89,0.0,121,83417,卖盘
10:37:14,6.89,0.0,402,276978,卖盘
10:37:17,6.89,0.0,133,91572,买盘
10:37:20,6.88,-0.01,134,92192,卖盘
10:37:23,6.88,0.0,17,11696,买盘
10:37:26,6.88,0.0,113,77741,买盘
10:37:29,6.88,0.0,29,19952,买盘
10:37:32,6.87,-0.01,329,226027,卖盘
10:37:35,6.87,0.0,3,2061,买盘
10:37:38,6.87,0.0,7,4809,买盘
10:37:41,6.87,0.0,13,8931,买盘
10:37:44,6.86,-0.01,16,10987,卖盘
10:37:47,6.86,0.0,90,61748,卖盘
10:37:50,6.86,0.0,162,111136,卖盘
10:37:53,6.86,0.0,81,55566,卖盘
10:37:56,6.86,0.0,64,43904,卖盘
10:37:59,6.86,0.0,263,180622,卖盘
10:38:02,6.86,0.0,542,371810,买盘
10:38:05,6.86,0.0,33,22638,买盘
10:38:08,6.86,0.0,7,4802,买盘
10:38:11,6.86,0.0,254,174094,买盘
10:38:14,6.86,0.0,17,11662,买盘
10:38:17,6.85,-0.01,40,27439,卖盘
10:38:20,6.86,0.01,37,25382,买盘
10:38:26,6.85,-0.01,90,61693,卖盘
10:38:29,6.86,0.01,174,119364,买盘
10:38:35,6.85,-0.01,14,9600,卖盘
10:38:38,6.86,0.01,1,686,买盘
10:38:41,6.86,0.0,311,213346,买盘
10:38:44,6.85,-0.01,1354,927500,卖盘
10:38:47,6.86,0.01,305,209230,买盘
10:38:50,6.86,0.0,5,3430,买盘
10:38:53,6.86,0.0,6,4116,买盘
10:38:56,6.86,0.0,61,41846,买盘
10:38:59,6.86,0.0,25,17147,买盘
10:39:02,6.85,-0.01,240,164431,卖盘
10:39:05,6.85,0.0,349,239070,卖盘
10:39:08,6.85,0.0,103,70563,卖盘
10:39:11,6.85,0.0,101,69185,卖盘
10:39:14,6.85,0.0,530,363390,卖盘
10:39:17,6.85,0.0,68,46637,卖盘
10:39:20,6.85,0.0,343,235237,卖盘
10:39:26,6.86,0.01,101,69286,买盘
10:39:29,6.86,0.0,14,9604,买盘
10:39:32,6.86,0.0,20,13720,买盘
10:39:35,6.85,-0.01,49,33568,卖盘
10:39:38,6.86,0.01,11,7539,买盘
10:39:41,6.85,-0.01,13,8906,卖盘
10:39:44,6.85,0.0,95,65129,卖盘
10:39:47,6.86,0.01,26,17835,买盘
10:39:50,6.86,0.0,164,112390,买盘
10:39:53,6.86,0.0,20,13714,买盘
10:39:56,6.85,-0.01,41,28100,卖盘
10:39:59,6.85,0.0,247,169195,卖盘
10:40:02,6.85,0.0,124,84899,买盘
10:40:05,6.85,0.0,39,26715,买盘
10:40:08,6.85,0.0,103,70555,买盘
10:40:11,6.85,0.0,24,16440,买盘
10:40:14,6.85,0.0,22,15060,买盘
10:40:17,6.84,-0.01,104,71171,卖盘
10:40:20,6.84,0.0,669,457596,卖盘
10:40:26,6.84,0.0,8,5472,买盘
10:40:29,6.84,0.0,7,4788,买盘
10:40:32,6.83,-0.01,15,10245,卖盘
10:40:35,6.84,0.01,3,2052,买盘
10:40:38,6.83,-0.01,16,10939,卖盘
10:40:41,6.83,0.0,225,153875,卖盘
10:40:44,6.84,0.01,47,32147,买盘
10:40:47,6.83,-0.01,8,5464,卖盘
10:40:50,6.83,0.0,47,32111,卖盘
10:40:53,6.84,0.01,21,14364,买盘
10:40:56,6.84,0.0,44,30096,买盘
10:40:59,6.83,-0.01,6,4101,卖盘
10:41:02,6.84,0.01,7,4788,买盘
10:41:05,6.83,-0.01,30,20508,卖盘
10:41:08,6.84,0.01,13,8889,买盘
10:41:11,6.84,0.0,56,38304,买盘
10:41:14,6.84,0.0,12,8208,买盘
10:41:17,6.84,0.0,157,107388,买盘
10:41:23,6.84,0.0,175,119563,买盘
10:41:26,6.83,-0.01,52,35556,卖盘
10:41:29,6.84,0.01,5,3420,买盘
10:41:35,6.84,0.0,140,95760,买盘
10:41:38,6.84,0.0,33,22572,买盘
10:41:41,6.84,0.0,59,40356,买盘
10:41:44,6.84,0.0,79,54036,买盘
10:41:47,6.84,0.0,16,10929,买盘
10:41:50,6.84,0.0,32,21888,买盘
10:41:53,6.84,0.0,70,47880,买盘
10:41:56,6.84,0.0,5,3420,买盘
10:41:59,6.82,-0.02,1003,685066,卖盘
10:42:02,6.83,0.01,100,68300,买盘
10:42:05,6.83,0.0,15,10245,买盘
10:42:08,6.83,0.0,68,46444,买盘
10:42:11,6.83,0.0,27,18441,买盘
10:42:14,6.83,0.0,18,12294,买盘
10:42:17,6.83,0.0,26,17758,买盘
10:42:20,6.83,0.0,39,26611,买盘
10:42:23,6.83,0.0,375,256125,买盘
10:42:26,6.83,0.0,8,5464,买盘
10:42:29,6.83,0.0,52,35496,买盘
10:42:32,6.83,0.0,12,8196,买盘
10:42:35,6.83,0.0,85,58055,买盘
10:42:38,6.83,0.0,3,2049,买盘
10:42:41,6.83,0.0,103,70349,买盘
10:42:44,6.83,0.0,323,220609,买盘
10:42:47,6.83,0.0,502,342866,买盘
10:42:50,6.83,0.0,139,94937,买盘
10:42:53,6.83,0.0,39,26637,买盘
10:42:56,6.83,0.0,345,235643,买盘
10:43:02,6.84,0.01,22,15048,买盘
10:43:05,6.83,-0.01,184,125818,卖盘
10:43:08,6.83,0.0,34,23226,卖盘
10:43:11,6.84,0.01,15,10260,买盘
10:43:14,6.85,0.01,262,179238,买盘
10:43:20,6.84,-0.01,8,5472,卖盘
10:43:23,6.85,0.01,3,2055,买盘
10:43:26,6.85,0.0,64,43811,买盘
10:43:29,6.85,0.0,8,5480,买盘
10:43:32,6.85,0.0,26,17810,买盘
10:43:35,6.85,0.0,233,159605,卖盘
10:43:38,6.85,0.0,363,248313,买盘
10:43:41,6.84,-0.01,102,69784,卖盘
10:43:44,6.84,0.0,127,86868,买盘
10:43:47,6.84,0.0,251,171884,卖盘
10:43:50,6.84,0.0,9,6156,买盘
10:43:53,6.84,0.0,11,7524,买盘
10:43:56,6.84,0.0,94,64246,买盘
10:43:59,6.84,0.0,21,14364,买盘
10:44:02,6.84,0.0,234,159941,买盘
10:44:05,6.84,0.0,74,50616,买盘
10:44:08,6.84,0.0,115,78660,买盘
10:44:11,6.84,0.0,76,51954,卖盘
10:44:14,6.85,0.01,2,1370,买盘
10:44:17,6.85,0.0,1,685,买盘
10:44:23,6.85,0.0,5,3425,买盘
10:44:26,6.85,0.0,80,54800,买盘
10:44:29,6.85,0.0,105,71924,买盘
10:44:32,6.85,0.0,152,104120,买盘
10:44:41,6.86,0.01,120,82320,买盘
10:44:44,6.87,0.01,67,46029,买盘
10:44:47,6.87,0.0,23,15798,买盘
10:44:50,6.87,0.0,53,36397,买盘
10:44:53,6.86,-0.01,802,550174,卖盘
10:44:56,6.87,0.01,77,52897,买盘
10:44:59,6.87,0.0,1255,860978,买盘
10:45:02,6.87,0.0,70,48059,买盘
10:45:05,6.87,0.0,191,131160,买盘
10:45:08,6.87,0.0,128,87859,买盘
10:45:11,6.86,-0.01,13,8928,中性盘
10:45:14,6.87,0.01,21,14427,买盘
10:45:17,6.87,0.0,51,35036,买盘
10:45:20,6.86,-0.01,11,7546,卖盘
10:45:23,6.86,0.0,310,212631,卖盘
10:45:26,6.87,0.01,483,331356,买盘
10:45:29,6.86,-0.01,33,22638,卖盘
10:45:32,6.86,0.0,203,139260,卖盘
10:45:35,6.86,0.0,718,492553,卖盘
10:45:38,6.86,0.0,1,686,买盘
10:45:41,6.86,0.0,193,132398,买盘
10:45:44,6.86,0.0,4,2744,买盘
10:45:47,6.86,0.0,129,88494,买盘
10:45:50,6.86,0.0,52,35672,买盘
10:45:53,6.86,0.0,46,31556,买盘
10:45:56,6.86,0.0,204,139944,卖盘
10:45:59,6.86,0.0,16,10976,买盘
10:46:02,6.86,0.0,14,9614,卖盘
10:46:05,6.86,0.0,10,6869,卖盘
10:46:08,6.86,0.0,1,686,卖盘
10:46:11,6.86,0.0,1,686,卖盘
10:46:14,6.86,0.0,35,24010,卖盘
10:46:17,6.86,0.0,21,14406,买盘
10:46:20,6.85,-0.01,82,56204,卖盘
10:46:23,6.85,0.0,570,390465,卖盘
10:46:26,6.85,0.0,467,319903,卖盘
10:46:29,6.85,0.0,154,105590,卖盘
10:46:32,6.85,0.0,91,62340,卖盘
10:46:35,6.86,0.01,64,43897,买盘
10:46:38,6.86,0.0,107,73402,买盘
10:46:41,6.86,0.0,143,98098,买盘
10:46:44,6.86,0.0,2,1372,买盘
10:46:47,6.86,0.0,257,176302,买盘
10:46:50,6.86,0.0,25,17150,买盘
10:46:53,6.86,0.0,44,30184,买盘
10:46:56,6.86,0.0,3,2058,买盘
10:46:59,6.86,0.0,20,13720,买盘
10:47:02,6.86,0.0,108,74088,买盘
10:47:05,6.86,0.0,63,43218,买盘
10:47:08,6.85,-0.01,50,34282,卖盘
10:47:11,6.86,0.01,535,367008,买盘
10:47:14,6.86,0.0,2,1372,卖盘
10:47:17,6.87,0.01,118,81066,买盘
10:47:23,6.87,0.0,25,17175,买盘
10:47:26,6.86,-0.01,62,42539,卖盘
10:47:29,6.87,0.01,17,11679,买盘
10:47:38,6.87,0.0,56,38472,买盘
10:47:41,6.87,0.0,29,19923,买盘
10:47:44,6.87,0.0,4,2748,买盘
10:47:50,6.87,0.0,67,46029,买盘
10:47:53,6.87,0.0,3,2061,买盘
10:47:56,6.87,0.0,617,423379,买盘
10:47:59,6.87,0.0,7,4806,买盘
10:48:02,6.88,0.01,207,142237,买盘
10:48:05,6.86,-0.02,206,141321,卖盘
10:48:08,6.86,0.0,290,198934,买盘
10:48:11,6.86,0.0,86,58996,买盘
10:48:14,6.85,-0.01,27,18508,卖盘
10:48:20,6.86,0.01,41,28115,买盘
10:48:23,6.86,0.0,22,15092,买盘
10:48:26,6.86,0.0,58,39788,买盘
10:48:29,6.86,0.0,4,2744,买盘
10:48:32,6.85,-0.01,14,9590,卖盘
10:48:35,6.86,0.01,118,80907,买盘
10:48:41,6.86,0.0,21,14406,买盘
10:48:44,6.86,0.0,91,62426,买盘
10:48:47,6.86,0.0,295,202124,买盘
10:48:50,6.85,-0.01,182,124700,卖盘
10:48:53,6.84,-0.01,1558,1067185,卖盘
10:48:56,6.84,0.0,6,4108,卖盘
10:48:59,6.84,0.0,149,101938,卖盘
10:49:02,6.84,0.0,776,530784,卖盘
10:49:05,6.83,-0.01,96,65608,卖盘
10:49:08,6.84,0.01,11,7524,买盘
10:49:11,6.84,0.0,16,10943,买盘
10:49:14,6.84,0.0,148,101103,买盘
10:49:17,6.83,-0.01,107,73148,卖盘
10:49:20,6.84,0.01,33,22560,买盘
10:49:23,6.83,-0.01,6,4098,卖盘
10:49:26,6.84,0.01,6,4104,买盘
10:49:29,6.83,-0.01,47,32119,卖盘
10:49:35,6.84,0.01,130,88919,买盘
10:49:38,6.83,-0.01,20,13660,卖盘
10:49:41,6.83,0.0,24,16398,卖盘
10:49:47,6.83,0.0,2,1366,卖盘
10:49:50,6.83,0.0,50,34150,卖盘
10:49:53,6.83,0.0,72,49193,卖盘
10:49:56,6.84,0.01,1,684,买盘
10:50:02,6.84,0.0,29,19831,买盘
10:50:05,6.83,-0.01,1,683,卖盘
10:50:08,6.84,0.01,1,684,买盘
10:50:11,6.84,0.0,2,1368,买盘
10:50:14,6.84,0.0,8,5472,买盘
10:50:17,6.84,0.0,35,23925,买盘
10:50:20,6.83,-0.01,12,8206,卖盘
10:50:23,6.84,0.01,4,2736,买盘
10:50:26,6.84,0.0,330,225690,买盘
10:50:29,6.84,0.0,210,143599,买盘
10:50:32,6.84,0.0,73,49932,卖盘
10:50:35,6.84,0.0,2,1368,卖盘
10:50:38,6.84,0.0,4,2736,卖盘
10:50:44,6.84,0.0,204,139537,卖盘
10:50:47,6.84,0.0,29,19836,卖盘
10:50:50,6.84,0.0,11,7524,卖盘
10:50:53,6.84,0.0,151,103284,卖盘
10:50:56,6.84,0.0,129,88237,买盘
10:50:59,6.85,0.01,44,30126,买盘
10:51:02,6.84,-0.01,20,13680,卖盘
10:51:05,6.84,0.0,59,40335,卖盘
10:51:08,6.84,0.0,25,17100,买盘
10:51:11,6.84,0.0,1,684,买盘
10:51:17,6.84,0.0,45,30780,买盘
10:51:20,6.83,-0.01,1024,699395,卖盘
10:51:23,6.84,0.01,31,21201,买盘
10:51:29,6.84,0.0,23,15732,买盘
10:51:32,6.84,0.0,6,4104,买盘
10:51:35,6.83,-0.01,744,508152,卖盘
10:51:38,6.83,0.0,205,140015,买盘
10:51:41,6.83,0.0,116,79218,买盘
10:51:44,6.83,0.0,23,15706,买盘
10:51:53,6.84,0.01,71,48513,买盘
10:51:56,6.84,0.0,25,17093,买盘
10:51:59,6.83,-0.01,175,119684,卖盘
10:52:05,6.84,0.01,13,8892,买盘
10:52:08,6.84,0.0,13,8892,买盘
10:52:11,6.84,0.0,2,1368,买盘
10:52:14,6.84,0.0,149,101916,买盘
10:52:17,6.84,0.0,3,2052,卖盘
10:52:29,6.85,0.01,10,6850,买盘
10:52:32,6.85,0.0,1,685,买盘
10:52:35,6.84,-0.01,19,13001,卖盘
10:52:38,6.85,0.01,141,96577,买盘
10:52:41,6.85,0.0,34,23290,买盘
10:52:44,6.85,0.0,50,34250,买盘
10:52:47,6.85,0.0,13,8905,买盘
10:52:50,6.85,0.0,25,17125,买盘
10:52:53,6.84,-0.01,80,54788,卖盘
10:52:56,6.84,0.0,57,38988,卖盘
10:52:59,6.85,0.01,1,685,买盘
10:53:02,6.85,0.0,28,19180,买盘
10:53:05,6.85,0.0,38,26023,买盘
10:53:08,6.85,0.0,189,129465,买盘
10:53:14,6.85,0.0,13,8916,卖盘
10:53:17,6.85,0.0,7,4795,卖盘
10:53:20,6.85,0.0,10,6850,卖盘
10:53:23,6.86,0.01,16,10976,买盘
10:53:26,6.85,-0.01,5,3427,卖盘
10:53:29,6.85,0.0,16,10973,卖盘
10:53:32,6.85,0.0,16,10961,卖盘
10:53:35,6.86,0.01,66,45276,买盘
10:53:38,6.86,0.0,54,37044,买盘
10:53:41,6.85,-0.01,1789,1225463,卖盘
10:53:44,6.85,0.0,15,10275,买盘
10:53:47,6.85,0.0,182,124672,买盘
10:53:50,6.85,0.0,4,2740,卖盘
10:53:56,6.86,0.01,67,45962,买盘
10:53:59,6.86,0.0,1,686,买盘
10:54:02,6.86,0.0,129,88461,买盘
10:54:05,6.85,-0.01,81,55485,卖盘
10:54:08,6.85,0.0,2,1370,卖盘
10:54:11,6.86,0.01,1,686,买盘
10:54:14,6.86,0.0,40,27437,买盘
10:54:17,6.86,0.0,333,228437,买盘
10:54:20,6.86,0.0,52,35672,买盘
10:54:23,6.86,0.0,14,9604,买盘
10:54:26,6.86,0.0,40,27440,买盘
10:54:29,6.86,0.0,8,5488,买盘
10:54:32,6.86,0.0,12,8232,买盘
10:54:35,6.86,0.0,1,686,买盘
10:54:38,6.86,0.0,39,26754,买盘
10:54:41,6.86,0.0,75,51445,买盘
10:54:44,6.86,0.0,25,17150,买盘
10:54:47,6.86,0.0,37,25382,卖盘
10:54:50,6.86,0.0,62,42542,卖盘
10:54:53,6.86,0.0,10,6860,卖盘
10:54:56,6.87,0.01,58,39845,买盘
10:54:59,6.87,0.0,22,15114,买盘
10:55:02,6.87,0.0,10,6870,买盘
10:55:05,6.87,0.0,10,6870,买盘
10:55:08,6.87,0.0,5,3435,买盘
10:55:11,6.87,0.0,69,47403,买盘
10:55:14,6.87,0.0,44,30227,买盘
10:55:17,6.87,0.0,388,266555,买盘
10:55:20,6.87,0.0,32,21984,卖盘
10:55:23,6.88,0.01,608,418037,买盘
10:55:26,6.88,0.0,209,143777,买盘
10:55:29,6.88,0.0,24,16508,买盘
10:55:32,6.88,0.0,19,13072,买盘
10:55:35,6.89,0.01,115,79144,买盘
10:55:38,6.88,-0.01,3,2064,卖盘
10:55:41,6.89,0.01,74,50986,买盘
10:55:44,6.89,0.0,61,42022,买盘
10:55:47,6.89,0.0,146,100573,买盘
10:55:50,6.88,-0.01,421,289848,卖盘
10:55:53,6.87,-0.01,116,79799,卖盘
10:55:56,6.88,0.01,3,2064,买盘
10:55:59,6.88,0.0,20,13760,买盘
10:56:02,6.88,0.0,789,542505,买盘
10:56:05,6.88,0.0,42,28896,买盘
10:56:08,6.88,0.0,27,18576,买盘
10:56:11,6.88,0.0,224,154112,买盘
10:56:14,6.88,0.0,38,26144,买盘
10:56:20,6.88,0.0,3,2064,买盘
10:56:23,6.87,-0.01,66,45362,卖盘
10:56:26,6.87,0.0,260,178626,卖盘
10:56:29,6.87,0.0,9,6183,买盘
10:56:32,6.87,0.0,613,421132,买盘
10:56:35,6.88,0.01,16,11002,买盘
10:56:38,6.87,-0.01,157,107907,卖盘
10:56:41,6.86,-0.01,652,447272,卖盘
10:56:44,6.85,-0.01,982,672667,卖盘
10:56:47,6.84,-0.01,282,192888,卖盘
10:56:50,6.85,0.01,36,24646,买盘
10:56:53,6.85,0.0,33,22605,买盘
10:56:56,6.85,0.0,5,3425,买盘
10:56:59,6.85,0.0,10,6850,买盘
10:57:02,6.87,0.02,108,74047,买盘
10:57:05,6.84,-0.03,9,6158,卖盘
10:57:08,6.85,0.01,6,4110,卖盘
10:57:11,6.85,0.0,3,2055,卖盘
10:57:14,6.86,0.01,32,21952,买盘
10:57:17,6.86,0.0,18,12348,买盘
10:57:20,6.85,-0.01,20,13709,卖盘
10:57:23,6.86,0.01,25,17150,买盘
10:57:26,6.86,0.0,40,27440,买盘
10:57:29,6.86,0.0,92,63112,买盘
10:57:35,6.85,-0.01,40,27400,卖盘
10:57:38,6.86,0.01,5,3430,买盘
10:57:41,6.86,0.0,10,6860,买盘
10:57:53,6.86,0.0,6,4116,买盘
10:57:56,6.86,0.0,66,45276,买盘
10:57:59,6.86,0.0,2,1372,买盘
10:58:05,6.86,0.0,34,23324,买盘
10:58:08,6.86,0.0,17,11662,卖盘
10:58:11,6.86,0.0,27,18522,买盘
10:58:14,6.86,0.0,20,13720,买盘
10:58:17,6.86,0.0,63,43205,买盘
10:58:20,6.86,0.0,1,686,买盘
10:58:23,6.87,0.01,393,269637,买盘
10:58:26,6.86,-0.01,35,24010,卖盘
10:58:29,6.86,0.0,16,10976,买盘
10:58:32,6.86,0.0,7,4802,买盘
10:58:35,6.86,0.0,2,1371,买盘
10:58:38,6.86,0.0,70,48019,买盘
10:58:41,6.86,0.0,38,26068,卖盘
10:58:47,6.86,0.0,21,14406,买盘
10:58:50,6.86,0.0,62,42532,买盘
10:58:53,6.86,0.0,165,113190,买盘
10:58:59,6.86,0.0,5,3430,卖盘
10:59:02,6.87,0.01,41,28128,买盘
10:59:05,6.87,0.0,33,22648,买盘
10:59:08,6.87,0.0,3,2060,买盘
10:59:11,6.87,0.0,78,53556,买盘
10:59:14,6.87,0.0,15,10295,买盘
10:59:17,6.87,0.0,106,72723,买盘
10:59:20,6.86,-0.01,87,59682,卖盘
10:59:23,6.86,0.0,12,8232,买盘
10:59:26,6.86,0.0,7,4802,买盘
10:59:29,6.86,0.0,18,12345,买盘
10:59:32,6.87,0.01,29,19898,买盘
10:59:38,6.87,0.0,72,49397,买盘
10:59:41,6.87,0.0,33,22667,买盘
10:59:44,6.86,-0.01,21,14413,卖盘
10:59:47,6.87,0.01,36,24726,买盘
10:59:50,6.87,0.0,31,21297,买盘
10:59:53,6.87,0.0,24,16488,买盘
10:59:56,6.87,0.0,84,57708,买盘
10:59:59,6.88,0.01,3,2063,买盘
11:00:02,6.87,-0.01,152,104424,卖盘
11:00:05,6.88,0.01,212,145820,买盘
11:00:08,6.87,-0.01,1,687,卖盘
11:00:11,6.88,0.01,619,425775,买盘
11:00:14,6.87,-0.01,17,11684,卖盘
11:00:17,6.87,0.0,274,188474,卖盘
11:00:20,6.88,0.01,7,4816,买盘
11:00:23,6.88,0.0,195,134162,买盘
11:00:26,6.88,0.0,64,44024,买盘
11:00:29,6.88,0.0,238,163742,买盘
11:00:32,6.88,0.0,18,12384,买盘
11:00:35,6.88,0.0,280,192640,卖盘
11:00:44,6.88,0.0,7,4816,买盘
11:00:47,6.88,0.0,35,24079,买盘
11:00:50,6.88,0.0,267,183688,买盘
11:00:53,6.88,0.0,5,3440,买盘
11:00:56,6.88,0.0,64,44038,卖盘
11:00:59,6.88,0.0,13,8944,买盘
11:01:02,6.87,-0.01,160,109949,卖盘
11:01:05,6.87,0.0,961,660217,卖盘
11:01:08,6.86,-0.01,300,206059,卖盘
11:01:11,6.86,0.0,248,170463,卖盘
11:01:14,6.87,0.01,11,7557,买盘
11:01:17,6.87,0.0,92,63204,买盘
11:01:38,6.88,0.01,73,50224,买盘
11:01:41,6.88,0.0,23,15809,买盘
11:01:44,6.88,0.0,120,82560,买盘
11:01:47,6.88,0.0,294,202272,买盘
11:01:50,6.88,0.0,4,2752,卖盘
11:01:53,6.88,0.0,4,2752,卖盘
11:01:56,6.88,0.0,19,13081,卖盘
11:01:59,6.88,0.0,113,77744,卖盘
11:02:02,6.88,0.0,98,67424,买盘
11:02:05,6.88,0.0,8,5504,买盘
11:02:08,6.88,0.0,19,13072,买盘
11:02:11,6.88,0.0,6,4128,卖盘
11:02:14,6.88,0.0,1,688,卖盘
11:02:17,6.89,0.01,7,4823,买盘
11:02:23,6.89,0.0,38,26182,买盘
11:02:26,6.89,0.0,27,18603,买盘
11:02:29,6.89,0.0,60,41340,买盘
11:02:32,6.89,0.0,35,24115,买盘
11:02:35,6.89,0.0,23,15847,买盘
11:02:38,6.89,0.0,23,15846,买盘
11:02:41,6.89,0.0,48,33061,买盘
11:02:44,6.89,0.0,29,19977,买盘
11:02:47,6.89,0.0,194,133666,买盘
11:02:50,6.9,0.01,184,126799,买盘
11:02:53,6.9,0.0,20,13800,买盘
11:02:56,6.9,0.0,294,202860,买盘
11:02:59,6.9,0.0,15,10350,买盘
11:03:02,6.9,0.0,67,46230,买盘
11:03:05,6.91,0.01,116,80156,买盘
11:03:08,6.91,0.0,33,22803,买盘
11:03:11,6.91,0.0,9,6219,买盘
11:03:14,6.91,0.0,98,67718,买盘
11:03:17,6.91,0.0,68,46988,买盘
11:03:20,6.92,0.01,7,4844,买盘
11:03:23,6.92,0.0,30,20760,买盘
11:03:26,6.92,0.0,163,112796,买盘
11:03:29,6.92,0.0,100,69199,买盘
11:03:32,6.92,0.0,154,106568,买盘
11:03:35,6.92,0.0,222,153624,卖盘
11:03:38,6.92,0.0,131,90652,卖盘
11:03:41,6.91,-0.01,118,81619,卖盘
11:03:44,6.92,0.01,54,37346,买盘
11:03:47,6.91,-0.01,561,387718,卖盘
11:03:50,6.92,0.01,68,47052,买盘
11:03:53,6.92,0.0,88,60896,买盘
11:03:56,6.92,0.0,2,1384,买盘
11:03:59,6.91,-0.01,472,326620,卖盘
11:04:02,6.92,0.01,438,302790,买盘
11:04:05,6.9,-0.02,226,156040,卖盘
11:04:08,6.92,0.02,305,210794,买盘
11:04:11,6.92,0.0,66,45722,卖盘
11:04:14,6.92,0.0,3031,2097430,卖盘
11:04:17,6.92,0.0,336,232346,买盘
11:04:20,6.92,0.0,135,93420,买盘
11:04:23,6.91,-0.01,20,13820,卖盘
11:04:26,6.92,0.01,218,150756,买盘
11:04:29,6.91,-0.01,10,6917,卖盘
11:04:32,6.93,0.02,654,453137,买盘
11:04:35,6.93,0.0,331,229383,卖盘
11:04:38,6.93,0.0,35,24255,买盘
11:04:41,6.92,-0.01,99,68565,卖盘
11:04:44,6.92,0.0,31,21469,买盘
11:04:47,6.9,-0.02,111,76702,卖盘
11:04:50,6.9,0.0,453,312573,卖盘
11:04:53,6.89,-0.01,480,331192,卖盘
11:04:56,6.89,0.0,51,35174,卖盘
11:04:59,6.89,0.0,364,250824,卖盘
11:05:02,6.89,0.0,35,24099,买盘
11:05:05,6.89,0.0,1086,748811,买盘
11:05:08,6.89,0.0,143,98662,卖盘
11:05:11,6.89,0.0,30,20670,卖盘
11:05:14,6.89,0.0,2,1378,卖盘
11:05:20,6.89,0.0,25,17226,卖盘
11:05:23,6.89,0.0,15,10335,卖盘
11:05:26,6.89,0.0,49,33761,卖盘
11:05:29,6.89,0.0,19,13091,卖盘
11:05:32,6.89,0.0,170,117124,卖盘
11:05:38,6.89,0.0,20,13780,买盘
11:05:41,6.89,0.0,20,13780,买盘
11:05:47,6.89,0.0,13,8956,买盘
11:05:50,6.89,0.0,4,2756,买盘
11:05:53,6.88,-0.01,13,8946,卖盘
11:05:56,6.88,0.0,2,1376,卖盘
11:05:59,6.88,0.0,83,57104,卖盘
11:06:02,6.88,0.0,43,29584,卖盘
11:06:08,6.87,-0.01,194,133288,卖盘
11:06:11,6.88,0.01,35,24056,买盘
11:06:14,6.88,0.0,60,41280,买盘
11:06:20,6.88,0.0,254,174752,买盘
11:06:23,6.88,0.0,9,6192,卖盘
11:06:26,6.89,0.01,32,22019,买盘
11:06:29,6.88,-0.01,4,2752,卖盘
11:06:32,6.89,0.01,65,44770,买盘
11:06:35,6.89,0.0,15,10325,买盘
11:06:41,6.88,-0.01,428,294464,卖盘
11:06:44,6.87,-0.01,116,79754,卖盘
11:06:47,6.87,0.0,74,50838,卖盘
11:06:50,6.87,0.0,23,15802,卖盘
11:06:53,6.87,0.0,136,93432,卖盘
11:06:56,6.87,0.0,10,6870,买盘
11:06:59,6.86,-0.01,2,1372,卖盘
11:07:05,6.86,0.0,73,50078,卖盘
11:07:08,6.87,0.01,5,3435,买盘
11:07:11,6.86,-0.01,167,114562,卖盘
11:07:14,6.87,0.01,9,6182,买盘
11:07:23,6.87,0.0,14,9618,买盘
11:07:26,6.87,0.0,26,17862,买盘
11:07:29,6.86,-0.01,36,24696,卖盘
11:07:32,6.87,0.01,3,2061,买盘
11:07:35,6.87,0.0,42,28854,买盘
11:07:38,6.87,0.0,21,14427,买盘
11:07:41,6.86,-0.01,52,35694,卖盘
11:07:47,6.87,0.01,60,41220,买盘
11:07:50,6.87,0.0,14,9618,买盘
11:07:53,6.86,-0.01,110,75460,卖盘
11:07:56,6.87,0.01,206,141522,买盘
11:07:59,6.87,0.0,27,18549,买盘
11:08:05,6.87,0.0,61,41907,买盘
11:08:08,6.87,0.0,5,3435,卖盘
11:08:17,6.87,0.0,4,2748,卖盘
11:08:20,6.87,0.0,6,4122,卖盘
11:08:23,6.87,0.0,93,63891,卖盘
11:08:26,6.87,0.0,23,15801,买盘
11:08:29,6.87,0.0,3,2061,卖盘
11:08:32,6.87,0.0,1,687,卖盘
11:08:35,6.88,0.01,1,688,买盘
11:08:38,6.87,-0.01,2,1374,卖盘
11:08:41,6.88,0.01,14,9632,买盘
11:08:44,6.88,0.0,6,4128,买盘
11:08:50,6.87,-0.01,2,1374,卖盘
11:08:53,6.88,0.01,92,63296,买盘
11:08:56,6.87,-0.01,14,9618,卖盘
11:08:59,6.88,0.01,719,494656,买盘
11:09:02,6.87,-0.01,3,2063,卖盘
11:09:05,6.88,0.01,87,59856,买盘
11:09:08,6.88,0.0,29,19952,买盘
11:09:14,6.88,0.0,519,357072,买盘
11:09:20,6.89,0.01,4,2756,买盘
11:09:23,6.89,0.0,105,72345,买盘
11:09:26,6.89,0.0,32,22048,买盘
11:09:29,6.89,0.0,1,689,买盘
11:09:32,6.89,0.0,15,10334,买盘
11:09:35,6.89,0.0,45,31005,买盘
11:09:38,6.89,0.0,9,6201,买盘
11:09:41,6.9,0.01,158,108962,买盘
11:09:47,6.9,0.0,21,14484,买盘
11:09:50,6.9,0.0,154,106260,买盘
11:09:53,6.9,0.0,50,34500,买盘
11:09:56,6.9,0.0,30,20700,买盘
11:09:59,6.9,0.0,36,24834,买盘
11:10:02,6.89,-0.01,9,6201,卖盘
11:10:05,6.89,0.0,212,146144,卖盘
11:10:08,6.9,0.01,10,6900,买盘
11:10:11,6.89,-0.01,1,689,卖盘
11:10:14,6.9,0.01,194,133857,买盘
11:10:20,6.9,0.0,7,4828,买盘
11:10:23,6.89,-0.01,4,2756,卖盘
11:10:26,6.9,0.01,18,12416,买盘
11:10:29,6.89,-0.01,20,13796,卖盘
11:10:32,6.89,0.0,2,1378,卖盘
11:10:35,6.9,0.01,5,3448,买盘
11:10:38,6.9,0.0,8,5517,买盘
11:10:41,6.9,0.0,5,3450,买盘
11:10:44,6.9,0.0,80,55200,买盘
11:10:47,6.9,0.0,28,19320,买盘
11:10:50,6.89,-0.01,26,17938,卖盘
11:10:53,6.9,0.01,52,35880,买盘
11:10:56,6.9,0.0,9,6210,买盘
11:11:02,6.89,-0.01,23,15869,卖盘
11:11:05,6.9,0.01,1,690,买盘
11:11:14,6.9,0.0,1,690,买盘
11:11:17,6.9,0.0,2,1380,买盘
11:11:20,6.9,0.0,224,154560,买盘
11:11:26,6.9,0.0,37,25530,买盘
11:11:32,6.9,0.0,16,11040,买盘
11:11:35,6.9,0.0,67,46224,买盘
11:11:38,6.9,0.0,25,17250,买盘
11:11:41,6.9,0.0,2,1380,买盘
11:11:44,6.9,0.0,141,97290,买盘
11:11:47,6.9,0.0,10,6900,买盘
11:11:50,6.89,-0.01,567,390663,卖盘
11:11:53,6.89,0.0,2,1378,买盘
11:11:59,6.89,0.0,5,3445,买盘
11:12:02,6.89,0.0,15,10335,买盘
11:12:05,6.89,0.0,10,6890,买盘
11:12:08,6.89,0.0,2,1378,买盘
11:12:11,6.89,0.0,2,1378,买盘
11:12:14,6.89,0.0,19,13091,买盘
11:12:20,6.89,0.0,181,124709,买盘
11:12:23,6.89,0.0,8,5512,卖盘
11:12:29,6.9,0.01,30,20700,买盘
11:12:32,6.9,0.0,95,65485,买盘
11:12:35,6.9,0.0,100,69000,买盘
11:12:38,6.9,0.0,5,3450,买盘
11:12:41,6.9,0.0,127,87522,买盘
11:12:44,6.89,-0.01,16,11024,卖盘
11:12:47,6.89,0.0,15,10335,买盘
11:12:50,6.89,0.0,15,10335,买盘
11:12:53,6.88,-0.01,1,688,卖盘
11:12:56,6.89,0.01,19,13091,买盘
11:12:59,6.89,0.0,43,29626,买盘
11:13:02,6.89,0.0,15,10335,买盘
11:13:05,6.89,0.0,10,6890,买盘
11:13:08,6.89,0.0,24,16536,买盘
11:13:14,6.89,0.0,32,22048,买盘
11:13:20,6.89,0.0,53,36494,买盘
11:13:23,6.89,0.0,128,88124,买盘
11:13:26,6.89,0.0,30,20660,买盘
11:13:29,6.89,0.0,9,6201,买盘
11:13:32,6.88,-0.01,345,237405,卖盘
11:13:38,6.89,0.01,6,4134,买盘
11:13:41,6.88,-0.01,184,126616,卖盘
11:13:44,6.88,0.0,145,99760,卖盘
11:13:47,6.88,0.0,617,424496,卖盘
11:13:50,6.88,0.0,29,19952,买盘
11:13:53,6.88,0.0,25,17189,买盘
11:13:56,6.88,0.0,3,2064,买盘
11:13:59,6.88,0.0,14,9632,买盘
11:14:02,6.87,-0.01,378,259688,卖盘
11:14:05,6.87,0.0,141,96867,卖盘
11:14:08,6.87,0.0,1,687,买盘
11:14:11,6.87,0.0,18,12366,买盘
11:14:14,6.87,0.0,112,76939,买盘
11:14:17,6.87,0.0,175,120225,买盘
11:14:20,6.86,-0.01,144,98818,卖盘
11:14:23,6.86,0.0,208,142718,卖盘
11:14:26,6.86,0.0,1653,1133959,卖盘
11:14:29,6.85,-0.01,37,25345,卖盘
11:14:32,6.86,0.01,841,576178,买盘
11:14:35,6.85,-0.01,10,6850,卖盘
11:14:38,6.85,0.0,107,73295,卖盘
11:14:41,6.85,0.0,19,13021,卖盘
11:14:44,6.85,0.0,1,685,卖盘
11:14:47,6.86,0.01,10,6860,买盘
11:14:50,6.86,0.0,10,6860,买盘
11:14:53,6.86,0.0,25,17150,买盘
11:14:56,6.86,0.0,28,19185,买盘
11:14:59,6.85,-0.01,50,34250,卖盘
11:15:02,6.85,0.0,57,39083,卖盘
11:15:05,6.86,0.01,59,40474,买盘
11:15:08,6.86,0.0,52,35640,买盘
11:15:11,6.85,-0.01,3,2055,卖盘
11:15:17,6.86,0.01,2,1372,买盘
11:15:20,6.86,0.0,16,10976,买盘
11:15:23,6.86,0.0,188,128968,买盘
11:15:26,6.86,0.0,106,72630,买盘
11:15:29,6.86,0.0,3,2058,买盘
11:15:32,6.86,0.0,363,249127,买盘
11:15:35,6.86,0.0,136,93239,卖盘
11:15:41,6.87,0.01,14,9618,买盘
11:15:44,6.87,0.0,52,35724,买盘
11:15:47,6.87,0.0,54,37074,买盘
11:15:50,6.87,0.0,40,27480,买盘
11:15:53,6.87,0.0,24,16465,买盘
11:15:56,6.87,0.0,16,10992,买盘
11:15:59,6.88,0.01,539,370620,买盘
11:16:02,6.88,0.0,188,129344,卖盘
11:16:05,6.88,0.0,37,25456,卖盘
11:16:08,6.88,0.0,83,57105,卖盘
11:16:11,6.88,0.0,188,129354,卖盘
11:16:14,6.88,0.0,64,44034,卖盘
11:16:17,6.87,-0.01,244,168021,卖盘
11:16:20,6.88,0.01,19,13072,中性盘
11:16:23,6.89,0.01,183,125759,买盘
11:16:26,6.89,0.0,3,2067,买盘
11:16:29,6.89,0.0,260,179056,买盘
11:16:35,6.88,-0.01,98,67348,卖盘
11:16:38,6.88,0.0,160,110079,买盘
11:16:41,6.88,0.0,136,93502,买盘
11:16:44,6.88,0.0,1,688,买盘
11:16:47,6.88,0.0,96,66023,买盘
11:16:50,6.88,0.0,15,10320,买盘
11:16:53,6.88,0.0,60,41246,买盘
11:16:56,6.88,0.0,101,69407,买盘
11:16:59,6.87,-0.01,44,30228,卖盘
11:17:02,6.87,0.0,84,57716,卖盘
11:17:05,6.88,0.01,90,61843,买盘
11:17:11,6.88,0.0,16,10998,买盘
11:17:14,6.87,-0.01,27,18549,卖盘
11:17:17,6.88,0.01,1,688,买盘
11:17:26,6.88,0.0,56,38528,买盘
11:17:29,6.88,0.0,7,4816,买盘
11:17:32,6.87,-0.01,42,28864,卖盘
11:17:35,6.88,0.01,136,93568,买盘
11:17:38,6.88,0.0,54,37152,卖盘
11:17:41,6.88,0.0,19,13072,卖盘
11:17:47,6.88,0.0,70,48160,卖盘
11:17:50,6.89,0.01,107,73636,买盘
11:17:53,6.89,0.0,97,66825,买盘
11:17:59,6.89,0.0,2,1378,买盘
11:18:02,6.88,-0.01,256,176128,卖盘
11:18:08,6.88,0.0,62,42656,买盘
11:18:11,6.88,0.0,226,155498,买盘
11:18:14,6.88,0.0,159,109392,卖盘
11:18:17,6.87,-0.01,15,10308,卖盘
11:18:20,6.88,0.01,116,79808,买盘
11:18:23,6.88,0.0,29,19944,买盘
11:18:29,6.87,-0.01,68,46724,卖盘
11:18:32,6.88,0.01,1,688,买盘
11:18:35,6.88,0.0,152,104576,买盘
11:18:38,6.88,0.0,96,66048,卖盘
11:18:41,6.88,0.0,99,68112,卖盘
11:18:44,6.88,0.0,56,38522,卖盘
11:18:53,6.88,0.0,63,43344,买盘
11:18:56,6.88,0.0,74,50912,卖盘
11:18:59,6.89,0.01,415,285865,买盘
11:19:02,6.88,-0.01,20,13743,中性盘
11:19:08,6.89,0.01,4,2754,买盘
11:19:11,6.89,0.0,51,35138,买盘
11:19:14,6.88,-0.01,11,7568,卖盘
11:19:17,6.89,0.01,28,19292,买盘
11:19:26,6.89,0.0,8,5512,买盘
11:19:29,6.89,0.0,5,3445,买盘
11:19:32,6.89,0.0,3,2066,买盘
11:19:35,6.89,0.0,28,19292,买盘
11:19:38,6.89,0.0,59,40637,买盘
11:19:41,6.89,0.0,80,55120,买盘
11:19:44,6.9,0.01,99,68237,买盘
11:19:47,6.9,0.0,1,690,买盘
11:19:53,6.9,0.0,21,14489,买盘
11:19:56,6.9,0.0,23,15860,买盘
11:19:59,6.89,-0.01,56,38591,卖盘
11:20:02,6.89,0.0,3,2067,卖盘
11:20:05,6.9,0.01,256,176599,买盘
11:20:11,6.9,0.0,51,35190,买盘
11:20:14,6.89,-0.01,57,39273,卖盘
11:20:17,6.89,0.0,1,689,卖盘
11:20:20,6.9,0.01,54,37260,买盘
11:20:29,6.9,0.0,24,16560,买盘
11:20:32,6.9,0.0,54,37260,买盘
11:20:35,6.9,0.0,1,690,买盘
11:20:38,6.9,0.0,17,11730,买盘
11:20:44,6.9,0.0,4,2760,买盘
11:20:47,6.9,0.0,121,83490,买盘
11:20:50,6.89,-0.01,344,237081,卖盘
11:20:53,6.89,0.0,244,168156,卖盘
11:20:56,6.9,0.01,26,17940,买盘
11:20:59,6.89,-0.01,4,2756,卖盘
11:21:02,6.9,0.01,102,70365,买盘
11:21:05,6.9,0.0,43,29667,买盘
11:21:08,6.9,0.0,6,4136,买盘
11:21:11,6.88,-0.02,418,287866,卖盘
11:21:14,6.89,0.01,24,16534,买盘
11:21:17,6.89,0.0,294,202517,买盘
11:21:20,6.89,0.0,4,2756,卖盘
11:21:23,6.89,0.0,17,11721,卖盘
11:21:29,6.9,0.01,54,37256,买盘
11:21:32,6.89,-0.01,539,371498,卖盘
11:21:38,6.89,0.0,124,85436,买盘
11:22:02,6.89,0.0,6,4134,卖盘
11:22:05,6.9,0.01,284,195960,买盘
11:22:08,6.9,0.0,3,2069,买盘
11:22:11,6.9,0.0,23,15852,买盘
11:22:14,6.9,0.0,55,37950,买盘
11:22:17,6.9,0.0,138,95155,卖盘
11:22:20,6.89,-0.01,703,484367,卖盘
11:22:23,6.88,-0.01,45,30992,卖盘
11:22:26,6.89,0.01,140,96422,买盘
11:22:29,6.88,-0.01,24,16512,卖盘
11:22:32,6.89,0.01,24,16535,买盘
11:22:35,6.88,-0.01,33,22704,卖盘
11:22:38,6.88,0.0,21,14450,卖盘
11:22:41,6.88,0.0,36,24768,卖盘
11:22:44,6.88,0.0,2,1376,卖盘
11:22:47,6.89,0.01,4,2755,买盘
11:22:50,6.89,0.0,187,128762,买盘
11:22:53,6.89,0.0,26,17908,买盘
11:22:59,6.89,0.0,1,689,买盘
11:23:05,6.89,0.0,39,26840,买盘
11:23:08,6.88,-0.01,536,368769,卖盘
11:23:11,6.88,0.0,189,130032,卖盘
11:23:14,6.88,0.0,3,2064,买盘
11:23:17,6.88,0.0,26,17882,买盘
11:23:20,6.88,0.0,10,6880,买盘
11:23:23,6.88,0.0,142,97696,买盘
11:23:26,6.88,0.0,12,8256,买盘
11:23:29,6.87,-0.01,40,27490,卖盘
11:23:32,6.88,0.01,10,6880,买盘
11:23:35,6.87,-0.01,14,9618,卖盘
11:23:38,6.87,0.0,4,2748,卖盘
11:23:44,6.88,0.01,51,35088,买盘
11:23:47,6.88,0.0,94,64672,买盘
11:23:50,6.87,-0.01,4,2748,卖盘
11:23:53,6.88,0.01,30,20640,买盘
11:23:56,6.88,0.0,1,688,买盘
11:24:02,6.88,0.0,11,7558,买盘
11:24:05,6.87,-0.01,4,2748,卖盘
11:24:08,6.88,0.01,25,17200,买盘
11:24:11,6.87,-0.01,4,2748,卖盘
11:24:14,6.87,0.0,6,4122,卖盘
11:24:20,6.88,0.01,92,63296,买盘
11:24:23,6.88,0.0,5,3438,买盘
11:24:26,6.88,0.0,9,6192,买盘
11:24:29,6.88,0.0,15,10313,买盘
11:24:32,6.88,0.0,80,55040,买盘
11:24:35,6.88,0.0,5,3440,买盘
11:24:38,6.88,0.0,9,6192,买盘
11:24:41,6.87,-0.01,37,25439,卖盘
11:24:47,6.88,0.01,38,26144,买盘
11:24:50,6.88,0.0,204,140352,买盘
11:24:53,6.88,0.0,151,103888,买盘
11:24:56,6.88,0.0,9,6192,卖盘
11:25:02,6.89,0.01,28,19289,买盘
11:25:05,6.89,0.0,107,73723,买盘
11:25:08,6.89,0.0,113,77851,买盘
11:25:11,6.9,0.01,200,137994,买盘
11:25:14,6.91,0.01,211,145743,买盘
11:25:17,6.91,0.0,123,84993,买盘
11:25:20,6.91,0.0,150,103650,买盘
11:25:23,6.92,0.01,208,143874,买盘
11:25:26,6.91,-0.01,4,2764,卖盘
11:25:29,6.92,0.01,15,10373,买盘
11:25:32,6.92,0.0,11,7608,买盘
11:25:35,6.92,0.0,76,52592,买盘
11:25:38,6.93,0.01,27,18686,买盘
11:25:41,6.92,-0.01,17,11780,卖盘
11:25:44,6.93,0.01,18,12474,买盘
11:25:47,6.94,0.01,209,144898,买盘
11:25:50,6.94,0.0,93,64556,买盘
11:25:53,6.95,0.01,318,220964,买盘
11:25:56,6.96,0.01,70,48720,买盘
11:25:59,6.96,0.0,103,71646,买盘
11:26:02,6.94,-0.02,438,304491,卖盘
11:26:05,6.97,0.03,169,117642,买盘
11:26:08,6.95,-0.02,435,302938,卖盘
11:26:11,6.94,-0.01,774,537556,卖盘
11:26:14,6.94,0.0,84,58292,买盘
11:26:17,6.94,0.0,89,61766,买盘
11:26:20,6.93,-0.01,69,47876,卖盘
11:26:23,6.93,0.0,44,30506,买盘
11:26:26,6.93,0.0,325,225147,买盘
11:26:29,6.92,-0.01,310,214806,买盘
11:26:32,6.91,-0.01,53,36634,卖盘
11:26:35,6.91,0.0,57,39363,买盘
11:26:38,6.91,0.0,7,4834,买盘
11:26:41,6.9,-0.01,17,11730,卖盘
11:26:47,6.91,0.01,10,6910,买盘
11:26:50,6.91,0.0,109,75319,买盘
11:26:53,6.91,0.0,102,70482,买盘
11:26:56,6.91,0.0,8,5528,卖盘
11:26:59,6.92,0.01,3,2076,买盘
11:27:02,6.93,0.01,683,473043,买盘
11:27:05,6.92,-0.01,87,60122,买盘
11:27:08,6.92,0.0,44,30448,买盘
11:27:14,6.91,-0.01,199,137693,卖盘
11:27:17,6.91,0.0,208,143577,卖盘
11:27:23,6.9,-0.01,89,61460,卖盘
11:27:26,6.91,0.01,76,52516,买盘
11:27:29,6.91,0.0,32,22143,卖盘
11:27:32,6.9,-0.01,226,156124,卖盘
11:27:35,6.91,0.01,15,10365,买盘
11:27:38,6.91,0.0,58,40075,买盘
11:27:41,6.91,0.0,74,51134,卖盘
11:27:44,6.9,-0.01,38,26240,卖盘
11:27:50,6.91,0.01,1,691,买盘
11:27:53,6.91,0.0,15,10365,买盘
11:27:56,6.9,-0.01,85,58695,卖盘
11:27:59,6.91,0.01,10,6910,买盘
11:28:02,6.91,0.0,160,110531,买盘
11:28:08,6.91,0.0,77,53151,买盘
11:28:11,6.91,0.0,49,33845,买盘
11:28:14,6.9,-0.01,130,89700,卖盘
11:28:17,6.9,0.0,236,163072,卖盘
11:28:23,6.9,0.0,5,3450,卖盘
11:28:26,6.9,0.0,116,80079,卖盘
11:28:29,6.91,0.01,5,3455,买盘
11:28:32,6.91,0.0,9,6216,买盘
11:28:35,6.9,-0.01,12,8280,卖盘
11:28:38,6.9,0.0,13,8982,卖盘
11:28:41,6.91,0.01,25,17275,买盘
11:28:44,6.9,-0.01,96,66281,卖盘
11:28:47,6.9,0.0,2,1380,卖盘
11:28:50,6.91,0.01,89,61447,买盘
11:28:53,6.9,-0.01,20,13800,卖盘
11:28:56,6.9,0.0,35,24157,卖盘
11:29:02,6.9,0.0,27,18630,卖盘
11:29:05,6.9,0.0,57,39386,卖盘
11:29:08,6.9,0.0,12,8290,卖盘
11:29:14,6.9,0.0,39,26948,卖盘
11:29:20,6.91,0.01,1,691,买盘
11:29:23,6.91,0.0,72,49717,买盘
11:29:26,6.91,0.0,182,125705,买盘
11:29:29,6.91,0.0,5,3455,买盘
11:29:32,6.91,0.0,81,55971,买盘
11:29:38,6.92,0.01,83,57436,买盘
11:29:41,6.92,0.0,185,127891,买盘
11:29:44,6.9,-0.02,1,663,卖盘
11:29:47,6.91,0.01,198,136963,买盘
11:29:50,6.91,0.0,8,5528,买盘
11:29:53,6.92,0.01,500,346000,买盘
11:29:56,6.92,0.0,52,35984,买盘
11:29:59,6.92,0.0,22,15224,卖盘
13:00:02,6.94,0.02,289,200291,买盘
13:00:05,6.94,0.0,890,618029,买盘
13:00:08,6.96,0.02,660,458680,买盘
13:00:11,6.95,-0.01,471,327806,卖盘
13:00:14,6.96,0.01,398,276684,买盘
13:00:17,6.95,-0.01,645,448285,中性盘
13:00:20,6.94,-0.01,1018,706717,卖盘
13:00:23,6.93,-0.01,760,527514,卖盘
13:00:26,6.93,0.0,23,15949,卖盘
13:00:29,6.94,0.01,56,38844,买盘
13:00:32,6.94,0.0,314,217814,买盘
13:00:35,6.94,0.0,327,226930,买盘
13:00:38,6.93,-0.01,440,305052,卖盘
13:00:41,6.93,0.0,1015,704076,卖盘
13:00:44,6.93,0.0,137,94949,卖盘
13:00:47,6.94,0.01,27,18732,买盘
13:00:50,6.93,-0.01,416,288583,卖盘
13:00:53,6.94,0.01,43,29816,买盘
13:00:56,6.93,-0.01,184,127612,卖盘
13:00:59,6.94,0.01,81,56214,买盘
13:01:02,6.94,0.0,9,6246,买盘
13:01:05,6.91,-0.03,3442,2383483,卖盘
13:01:08,6.9,-0.01,267,184380,卖盘
13:01:11,6.9,0.0,308,212547,卖盘
13:01:14,6.89,-0.01,10,6890,卖盘
13:01:17,6.9,0.01,19,13104,买盘
13:01:20,6.89,-0.01,561,386529,卖盘
13:01:23,6.89,0.0,217,149522,卖盘
13:01:26,6.89,0.0,196,135092,买盘
13:01:29,6.9,0.01,34,23441,买盘
13:01:32,6.9,0.0,107,73830,买盘
13:01:35,6.9,0.0,182,125487,买盘
13:01:38,6.89,-0.01,109,75185,卖盘
13:01:41,6.89,0.0,135,92916,买盘
13:01:44,6.89,0.0,35,24115,买盘
13:01:47,6.89,0.0,118,81262,买盘
13:01:50,6.89,0.0,150,103350,买盘
13:01:53,6.88,-0.01,572,393548,卖盘
13:01:56,6.88,0.0,33,22704,买盘
13:01:59,6.88,0.0,113,77738,买盘
13:02:02,6.88,0.0,6,4128,买盘
13:02:05,6.88,0.0,1,688,买盘
13:02:08,6.88,0.0,86,59083,买盘
13:02:11,6.88,0.0,40,27488,买盘
13:02:14,6.87,-0.01,236,162186,卖盘
13:02:17,6.88,0.01,84,57783,买盘
13:02:20,6.88,0.0,54,37152,买盘
13:02:23,6.87,-0.01,303,208461,卖盘
13:02:26,6.87,0.0,26,17868,卖盘
13:02:29,6.88,0.01,150,103150,买盘
13:02:32,6.88,0.0,31,21328,买盘
13:02:35,6.88,0.0,52,35776,买盘
13:02:38,6.88,0.0,37,25456,买盘
13:02:41,6.88,0.0,14,9632,买盘
13:02:44,6.88,0.0,63,43294,买盘
13:02:47,6.87,-0.01,226,155275,卖盘
13:02:50,6.86,-0.01,1177,808026,卖盘
13:02:53,6.87,0.01,120,82335,买盘
13:02:56,6.86,-0.01,8,5488,卖盘
13:02:59,6.87,0.01,49,33623,买盘
13:03:02,6.86,-0.01,211,144747,卖盘
13:03:05,6.86,0.0,52,35643,买盘
13:03:08,6.86,0.0,56,38381,买盘
13:03:11,6.85,-0.01,48,32901,卖盘
13:03:14,6.85,0.0,150,102832,卖盘
13:03:17,6.86,0.01,101,69250,买盘
13:03:20,6.85,-0.01,2,1370,卖盘
13:03:26,6.86,0.01,19,13018,买盘
13:03:29,6.86,0.0,32,21952,买盘
13:03:32,6.86,0.0,124,85064,买盘
13:03:38,6.86,0.0,47,32237,买盘
13:03:41,6.85,-0.01,639,437754,卖盘
13:03:44,6.85,0.0,72,49342,卖盘
13:03:47,6.86,0.01,195,133717,买盘
13:03:56,6.85,-0.01,3,2055,卖盘
13:03:59,6.86,0.01,20,13720,买盘
13:04:02,6.86,0.0,3,2058,买盘
13:04:08,6.85,-0.01,529,362518,卖盘
13:04:11,6.85,0.0,1717,1176170,卖盘
13:04:14,6.84,-0.01,212,145216,卖盘
13:04:17,6.85,0.01,71,48581,买盘
13:04:20,6.85,0.0,63,43118,买盘
13:04:26,6.85,0.0,171,117135,卖盘
13:04:29,6.85,0.0,62,42470,卖盘
13:04:32,6.85,0.0,6,4110,卖盘
13:04:35,6.85,0.0,5,3426,卖盘
13:04:38,6.86,0.01,9,6174,买盘
13:04:41,6.85,-0.01,39,26715,卖盘
13:04:44,6.86,0.01,4,2744,买盘
13:04:47,6.86,0.0,82,56252,买盘
13:04:50,6.86,0.0,20,13712,买盘
13:04:53,6.86,0.0,16,10976,买盘
13:04:56,6.85,-0.01,8,5480,卖盘
13:05:02,6.85,0.0,1,685,卖盘
13:05:05,6.86,0.01,49,33595,买盘
13:05:08,6.86,0.0,255,174837,买盘
13:05:11,6.86,0.0,79,54186,买盘
13:05:14,6.85,-0.01,33,22616,卖盘
13:05:17,6.85,0.0,265,181565,卖盘
13:05:20,6.85,0.0,1296,887826,卖盘
13:05:23,6.85,0.0,310,212384,卖盘
13:05:26,6.85,0.0,17,11645,买盘
13:05:29,6.84,-0.01,354,242171,卖盘
13:05:32,6.84,0.0,281,192204,卖盘
13:05:35,6.84,0.0,52,35568,卖盘
13:05:38,6.85,0.01,218,149330,买盘
13:05:41,6.85,0.0,73,50000,买盘
13:05:47,6.85,0.0,3,2055,买盘
13:05:53,6.84,-0.01,22,15068,卖盘
13:05:56,6.84,0.0,8,5479,卖盘
13:05:59,6.85,0.01,71,48635,买盘
13:06:05,6.85,0.0,10,6850,买盘
13:06:11,6.85,0.0,74,50690,买盘
13:06:14,6.85,0.0,26,17810,买盘
13:06:17,6.85,0.0,890,609644,买盘
13:06:20,6.85,0.0,9,6165,买盘
13:06:23,6.85,0.0,1,685,卖盘
13:06:26,6.86,0.01,12,8232,买盘
13:06:32,6.86,0.0,5,3430,买盘
13:06:41,6.85,-0.01,139,95215,卖盘
13:06:44,6.86,0.01,14,9592,买盘
13:06:47,6.85,-0.01,32,21936,卖盘
13:06:50,6.86,0.01,132,90539,买盘
13:06:53,6.86,0.0,36,24696,买盘
13:06:56,6.86,0.0,26,17836,买盘
13:06:59,6.85,-0.01,9,6169,卖盘
13:07:02,6.86,0.01,6,4116,买盘
13:07:05,6.86,0.0,27,18503,买盘
13:07:08,6.85,-0.01,384,263040,卖盘
13:07:11,6.83,-0.02,1310,895935,卖盘
13:07:14,6.84,0.01,71,48541,买盘
13:07:17,6.84,0.0,37,25308,买盘
13:07:20,6.84,0.0,244,166887,买盘
13:07:23,6.84,0.0,6,4104,买盘
13:07:26,6.83,-0.01,34,23253,卖盘
13:07:29,6.84,0.01,23,15732,买盘
13:07:32,6.84,0.0,13,8892,买盘
13:07:35,6.83,-0.01,10,6830,卖盘
13:07:38,6.84,0.01,58,39672,买盘
13:07:41,6.85,0.01,110,75350,买盘
13:07:44,6.85,0.0,3,2055,买盘
13:07:47,6.84,-0.01,3,2053,卖盘
13:07:50,6.85,0.01,105,71925,买盘
13:07:53,6.84,-0.01,14,9576,卖盘
13:07:56,6.84,0.0,53,36266,卖盘
13:07:59,6.84,0.0,15,10270,卖盘
13:08:02,6.84,0.0,20,13680,卖盘
13:08:11,6.85,0.01,2,1370,买盘
13:08:23,6.85,0.0,52,35589,买盘
13:08:26,6.84,-0.01,311,212726,卖盘
13:08:29,6.84,0.0,217,148283,卖盘
13:08:32,6.85,0.01,143,97815,买盘
13:08:35,6.84,-0.01,10,6840,卖盘
13:08:38,6.84,0.0,452,309272,卖盘
13:08:41,6.85,0.01,187,127917,买盘
13:08:44,6.84,-0.01,13,8892,卖盘
13:08:47,6.83,-0.01,2808,1917885,卖盘
13:08:50,6.83,0.0,26,17758,买盘
13:08:56,6.83,0.0,8,5464,卖盘
13:09:02,6.83,0.0,504,345053,卖盘
13:09:05,6.84,0.01,42,28728,买盘
13:09:08,6.85,0.01,34,23262,买盘
13:09:11,6.84,-0.01,11,7524,卖盘
13:09:20,6.84,0.0,10,6840,买盘
13:09:23,6.83,-0.01,28,19134,卖盘
13:09:26,6.84,0.01,1,684,卖盘
13:09:32,6.85,0.01,8,5480,买盘
13:09:38,6.85,0.0,25,17125,买盘
13:09:41,6.85,0.0,51,34935,买盘
13:09:44,6.85,0.0,8,5480,卖盘
13:09:47,6.85,0.0,17,11645,卖盘
13:09:50,6.86,0.01,2,1372,买盘
13:09:53,6.86,0.0,17,11662,买盘
13:09:56,6.85,-0.01,18,12330,卖盘
13:09:59,6.86,0.01,110,75448,买盘
13:10:02,6.85,-0.01,17,11652,卖盘
13:10:05,6.86,0.01,14,9604,买盘
13:10:11,6.86,0.0,17,11662,买盘
13:10:14,6.86,0.0,37,25382,买盘
13:10:17,6.86,0.0,51,34986,买盘
13:10:20,6.86,0.0,418,286747,买盘
13:10:23,6.86,0.0,17,11662,卖盘
13:10:26,6.85,-0.01,336,230160,卖盘
13:10:29,6.85,0.0,131,89725,买盘
13:10:32,6.85,0.0,66,45207,买盘
13:10:35,6.85,0.0,9,6165,买盘
13:10:38,6.84,-0.01,27,18478,卖盘
13:10:41,6.85,0.01,36,24639,买盘
13:10:44,6.85,0.0,34,23290,买盘
13:10:47,6.85,0.0,189,129465,买盘
13:10:50,6.85,0.0,2,1370,买盘
13:10:53,6.85,0.0,9,6165,买盘
13:10:56,6.85,0.0,1,685,买盘
13:10:59,6.84,-0.01,311,212724,卖盘
13:11:02,6.84,0.0,112,76608,卖盘
13:11:05,6.83,-0.01,81,55378,卖盘
13:11:08,6.84,0.01,110,75230,买盘
13:11:11,6.84,0.0,34,23256,买盘
13:11:14,6.84,0.0,17,11628,买盘
13:11:17,6.84,0.0,191,130644,买盘
13:11:20,6.84,0.0,3,2052,买盘
13:11:23,6.84,0.0,3,2052,买盘
13:11:26,6.84,0.0,50,34200,买盘
13:11:29,6.84,0.0,56,38304,买盘
13:11:32,6.84,0.0,6,4102,买盘
13:11:35,6.84,0.0,171,117066,买盘
13:11:44,6.84,0.0,112,76608,买盘
13:11:47,6.84,0.0,10,6840,买盘
13:11:50,6.84,0.0,120,82080,买盘
13:11:53,6.84,0.0,28,19148,中性盘
13:11:56,6.84,0.0,363,248293,买盘
13:11:59,6.84,0.0,15,10260,买盘
13:12:02,6.84,0.0,83,56772,买盘
13:12:05,6.84,0.0,15,10257,买盘
13:12:08,6.84,0.0,26,17783,买盘
13:12:14,6.83,-0.01,63,43091,卖盘
13:12:17,6.84,0.01,5,3420,买盘
13:12:20,6.83,-0.01,236,161289,卖盘
13:12:23,6.83,0.0,109,74447,卖盘
13:12:26,6.83,0.0,137,93571,卖盘
13:12:29,6.83,0.0,214,146172,卖盘
13:12:32,6.83,0.0,34,23222,卖盘
13:12:35,6.83,0.0,34,23222,卖盘
13:12:38,6.83,0.0,168,114746,卖盘
13:12:41,6.82,-0.01,45,30730,卖盘
13:12:44,6.83,0.01,7,4781,买盘
13:12:47,6.83,0.0,10,6830,买盘
13:12:53,6.83,0.0,330,225347,买盘
13:12:56,6.83,0.0,460,314108,卖盘
13:13:02,6.83,0.0,80,54640,卖盘
13:13:05,6.84,0.01,3,2051,买盘
13:13:14,6.83,-0.01,62,42354,卖盘
13:13:17,6.83,0.0,20,13660,卖盘
13:13:20,6.83,0.0,76,51908,卖盘
13:13:23,6.83,0.0,88,60104,卖盘
13:13:26,6.83,0.0,2,1366,卖盘
13:13:29,6.83,0.0,68,46466,卖盘
13:13:32,6.84,0.01,133,90889,买盘
13:13:35,6.83,-0.01,8,5464,卖盘
13:13:38,6.83,0.0,21,14343,卖盘
13:13:41,6.83,0.0,183,124989,卖盘
13:13:44,6.82,-0.01,13,8866,卖盘
13:13:47,6.82,0.0,32,21848,卖盘
13:13:53,6.83,0.01,88,60096,买盘
13:13:56,6.82,-0.01,8,5456,卖盘
13:13:59,6.83,0.01,52,35516,买盘
13:14:02,6.83,0.0,40,27320,买盘
13:14:05,6.83,0.0,38,25934,买盘
13:14:08,6.83,0.0,86,58738,买盘
13:14:14,6.82,-0.01,13,8866,卖盘
13:14:17,6.82,0.0,16,10912,卖盘
13:14:20,6.83,0.01,27,18441,买盘
13:14:23,6.83,0.0,111,75713,买盘
13:14:29,6.82,-0.01,19,12958,卖盘
13:14:32,6.83,0.01,10,6830,买盘
13:14:35,6.83,0.0,2,1365,买盘
13:14:38,6.83,0.0,121,82527,买盘
13:14:41,6.82,-0.01,6,4092,卖盘
13:14:44,6.83,0.01,142,96946,买盘
13:14:47,6.83,0.0,8,5464,买盘
13:14:50,6.83,0.0,42,28666,买盘
13:14:53,6.83,0.0,71,48493,买盘
13:14:56,6.83,0.0,1,683,买盘
13:14:59,6.83,0.0,86,58662,买盘
13:15:02,6.83,0.0,55,37518,买盘
13:15:05,6.82,-0.01,29,19778,卖盘
13:15:08,6.82,0.0,233,158906,卖盘
13:15:11,6.81,-0.01,1556,1061169,卖盘
13:15:14,6.81,0.0,22,14994,卖盘
13:15:17,6.82,0.01,34,23188,买盘
13:15:23,6.81,-0.01,7,4767,卖盘
13:15:26,6.82,0.01,36,24530,买盘
13:15:29,6.82,0.0,126,85833,买盘
13:15:38,6.81,-0.01,45,30659,卖盘
13:15:41,6.82,0.01,30,20460,买盘
13:15:44,6.81,-0.01,10,6810,卖盘
13:15:50,6.82,0.01,174,118668,买盘
13:15:53,6.82,0.0,28,19086,买盘
13:15:56,6.81,-0.01,30,20430,卖盘
13:15:59,6.82,0.01,267,182094,买盘
13:16:02,6.81,-0.01,21,14314,卖盘
13:16:05,6.82,0.01,169,115258,买盘
13:16:08,6.82,0.0,12,8184,卖盘
13:16:11,6.82,0.0,42,28646,卖盘
13:16:14,6.82,0.0,126,85932,买盘
13:16:17,6.82,0.0,13,8866,卖盘
13:16:20,6.83,0.01,29,19801,买盘
13:16:26,6.83,0.0,10,6830,买盘
13:16:29,6.83,0.0,9,6147,买盘
13:16:32,6.83,0.0,70,47810,买盘
13:16:35,6.83,0.0,10,6830,买盘
13:16:38,6.83,0.0,117,79892,买盘
13:16:41,6.83,0.0,54,36882,买盘
13:16:50,6.83,0.0,18,12294,买盘
13:16:53,6.83,0.0,3,2049,买盘
13:16:56,6.82,-0.01,252,171887,卖盘
13:16:59,6.82,0.0,377,257114,卖盘
13:17:02,6.82,0.0,370,252344,卖盘
13:17:05,6.82,0.0,45,30690,卖盘
13:17:08,6.82,0.0,50,34100,卖盘
13:17:11,6.82,0.0,38,25916,卖盘
13:17:14,6.82,0.0,61,41602,卖盘
13:17:17,6.82,0.0,27,18414,卖盘
13:17:20,6.82,0.0,77,52514,卖盘
13:17:23,6.83,0.01,492,336025,买盘
13:17:26,6.83,0.0,1,683,买盘
13:17:29,6.83,0.0,30,20490,买盘
13:17:32,6.83,0.0,10,6830,买盘
13:17:38,6.82,-0.01,57,38924,卖盘
13:17:44,6.82,0.0,3,2046,卖盘
13:17:47,6.83,0.01,5,3415,买盘
13:17:50,6.82,-0.01,764,521048,卖盘
13:17:53,6.82,0.0,56,38192,买盘
13:17:56,6.82,0.0,12,8182,买盘
13:17:59,6.82,0.0,20,13638,买盘
13:18:02,6.82,0.0,10,6820,买盘
13:18:05,6.82,0.0,30,20460,买盘
13:18:08,6.81,-0.01,118,80416,卖盘
13:18:11,6.82,0.01,34,23188,买盘
13:18:14,6.82,0.0,20,13639,买盘
13:18:17,6.82,0.0,1,682,买盘
13:18:23,6.82,0.0,13,8866,买盘
13:18:26,6.82,0.0,20,13640,买盘
13:18:29,6.82,0.0,16,10908,买盘
13:18:32,6.82,0.0,12,8184,买盘
13:18:35,6.81,-0.01,23,15685,卖盘
13:18:41,6.81,0.0,75,51125,卖盘
13:18:44,6.81,0.0,1,681,卖盘
13:18:47,6.81,0.0,31,21112,卖盘
13:18:50,6.82,0.01,2,1364,买盘
13:18:53,6.81,-0.01,11,7501,卖盘
13:18:56,6.82,0.01,20,13640,买盘
13:19:02,6.81,-0.01,548,373193,卖盘
13:19:05,6.81,0.0,156,106236,卖盘
13:19:08,6.81,0.0,92,62652,卖盘
13:19:11,6.81,0.0,232,157992,卖盘
13:19:14,6.81,0.0,783,533223,卖盘
13:19:17,6.8,-0.01,218,148366,卖盘
13:19:20,6.82,0.02,110,74994,买盘
13:19:23,6.81,-0.01,2,1362,买盘
13:19:29,6.81,0.0,142,96671,买盘
13:19:32,6.81,0.0,64,43584,卖盘
13:19:35,6.81,0.0,1,681,买盘
13:19:38,6.81,0.0,64,43584,买盘
13:19:41,6.81,0.0,39,26559,买盘
13:19:44,6.81,0.0,53,36093,买盘
13:19:47,6.81,0.0,69,46989,买盘
13:19:59,6.82,0.01,53,36116,买盘
13:20:02,6.82,0.0,55,37510,买盘
13:20:08,6.82,0.0,32,21819,买盘
13:20:11,6.82,0.0,83,56606,买盘
13:20:14,6.82,0.0,66,45012,买盘
13:20:17,6.82,0.0,26,17732,买盘
13:20:20,6.82,0.0,320,218240,买盘
13:20:23,6.82,0.0,8,5456,买盘
13:20:26,6.82,0.0,10,6820,买盘
13:20:29,6.82,0.0,6,4092,买盘
13:20:32,6.82,0.0,6,4092,卖盘
13:20:35,6.82,0.0,33,22506,买盘
13:20:38,6.82,0.0,11,7502,买盘
13:20:41,6.81,-0.01,15,10215,卖盘
13:20:44,6.82,0.01,192,130934,买盘
13:20:47,6.82,0.0,3,2046,卖盘
13:20:53,6.82,0.0,3,2046,买盘
13:20:56,6.82,0.0,9,6138,买盘
13:20:59,6.82,0.0,200,136400,买盘
13:21:02,6.82,0.0,3,2046,卖盘
13:21:08,6.82,0.0,10,6820,卖盘
13:21:11,6.83,0.01,108,73764,买盘
13:21:14,6.82,-0.01,5,3410,卖盘
13:21:20,6.83,0.01,15,10245,买盘
13:21:23,6.82,-0.01,5,3410,卖盘
13:21:26,6.82,0.0,5,3410,卖盘
13:21:29,6.83,0.01,61,41660,买盘
13:21:32,6.82,-0.01,204,139278,卖盘
13:21:35,6.83,0.01,211,144113,买盘
13:21:41,6.83,0.0,10,6830,买盘
13:21:47,6.83,0.0,19,12977,买盘
13:21:50,6.83,0.0,23,15703,买盘
13:21:56,6.83,0.0,116,79228,买盘
13:22:02,6.82,-0.01,109,74358,卖盘
13:22:05,6.82,0.0,55,37510,卖盘
13:22:08,6.82,0.0,2,1364,卖盘
13:22:11,6.83,0.01,557,380010,买盘
13:22:14,6.82,-0.01,21,14322,中性盘
13:22:17,6.82,0.0,96,65472,买盘
13:22:20,6.82,0.0,1,682,买盘
13:22:23,6.82,0.0,123,83886,买盘
13:22:29,6.82,0.0,13,8866,卖盘
13:22:32,6.83,0.01,10,6822,买盘
13:22:35,6.82,-0.01,22,15004,卖盘
13:22:38,6.83,0.01,23,15706,买盘
13:22:41,6.83,0.0,86,58738,买盘
13:22:44,6.83,0.0,1,683,买盘
13:22:47,6.83,0.0,5,3415,买盘
13:22:50,6.82,-0.01,19,12958,卖盘
13:22:53,6.83,0.01,25,17070,买盘
13:22:56,6.83,0.0,40,27320,买盘
13:23:02,6.83,0.0,83,56689,买盘
13:23:05,6.83,0.0,27,18441,买盘
13:23:08,6.83,0.0,6,4098,买盘
13:23:11,6.83,0.0,36,24588,买盘
13:23:14,6.83,0.0,4,2732,买盘
13:23:17,6.83,0.0,1,683,买盘
13:23:20,6.83,0.0,54,36882,买盘
13:23:23,6.83,0.0,81,55323,买盘
13:23:26,6.83,0.0,134,91522,卖盘
13:23:29,6.83,0.0,15,10245,买盘
13:23:35,6.83,0.0,4,2732,买盘
13:23:38,6.83,0.0,3,2049,买盘
13:23:41,6.83,0.0,6,4098,买盘
13:23:44,6.83,0.0,6,4098,买盘
13:23:53,6.83,0.0,154,105182,买盘
13:23:56,6.83,0.0,3,2049,买盘
13:23:59,6.83,0.0,4,2732,买盘
13:24:02,6.82,-0.01,32,21850,卖盘
13:24:05,6.82,0.0,181,123457,卖盘
13:24:08,6.83,0.01,120,81960,买盘
13:24:14,6.82,-0.01,2,1364,卖盘
13:24:17,6.83,0.01,35,23898,买盘
13:24:20,6.83,0.0,151,103133,买盘
13:24:23,6.82,-0.01,51,34832,卖盘
13:24:26,6.82,0.0,30,20460,卖盘
13:24:29,6.83,0.01,8,5463,买盘
13:24:32,6.83,0.0,1,683,买盘
13:24:35,6.83,0.0,2,1366,买盘
13:24:38,6.83,0.0,10,6830,买盘
13:24:41,6.83,0.0,4,2729,买盘
13:24:50,6.82,-0.01,2,1364,卖盘
13:24:56,6.82,0.0,85,58001,卖盘
13:24:59,6.82,0.0,20,13640,卖盘
13:25:05,6.81,-0.01,748,510082,卖盘
13:25:11,6.82,0.01,120,81840,买盘
13:25:14,6.82,0.0,3,2046,买盘
13:25:20,6.81,-0.01,205,139605,卖盘
13:25:23,6.81,0.0,526,358206,卖盘
13:25:26,6.81,0.0,369,251297,卖盘
13:25:29,6.81,0.0,217,147805,卖盘
13:25:32,6.81,0.0,42,28602,卖盘
13:25:35,6.81,0.0,87,59305,买盘
13:25:53,6.82,0.01,5,3410,买盘
13:25:59,6.82,0.0,37,25217,买盘
13:26:02,6.82,0.0,118,80372,买盘
13:26:05,6.81,-0.01,37,25217,卖盘
13:26:08,6.81,0.0,438,298274,卖盘
13:26:11,6.81,0.0,23,15662,买盘
13:26:14,6.81,0.0,54,36774,买盘
13:26:17,6.8,-0.01,52,35392,卖盘
13:26:23,6.8,0.0,15,10200,卖盘
13:26:26,6.81,0.01,1,681,买盘
13:26:29,6.8,-0.01,10,6800,卖盘
13:26:35,6.8,0.0,4,2720,卖盘
13:26:38,6.81,0.01,10,6810,买盘
13:26:44,6.81,0.0,32,21792,买盘
13:26:47,6.81,0.0,50,34050,买盘
13:26:56,6.81,0.0,138,93948,买盘
13:26:59,6.8,-0.01,107,72866,卖盘
13:27:05,6.8,0.0,33,22470,卖盘
13:27:08,6.81,0.01,19,12921,买盘
13:27:11,6.81,0.0,1,681,买盘
13:27:14,6.8,-0.01,31,21080,卖盘
13:27:17,6.81,0.01,44,29955,买盘
13:27:23,6.81,0.0,135,91823,买盘
13:27:29,6.81,0.0,20,13620,买盘
13:27:32,6.81,0.0,631,429711,买盘
13:27:35,6.81,0.0,14,9534,卖盘
13:27:38,6.81,0.0,6,4091,卖盘
13:27:44,6.82,0.01,10,6820,买盘
13:27:50,6.82,0.0,23,15676,买盘
13:27:53,6.82,0.0,7,4769,买盘
13:27:56,6.82,0.0,77,52514,买盘
13:27:59,6.82,0.0,2,1364,买盘
13:28:02,6.82,0.0,65,44330,买盘
13:28:11,6.82,0.0,8,5456,买盘
13:28:14,6.82,0.0,12,8184,买盘
13:28:20,6.82,0.0,1,682,买盘
13:28:23,6.82,0.0,172,117304,买盘
13:28:26,6.82,0.0,100,68169,买盘
13:28:35,6.82,0.0,39,26594,买盘
13:28:38,6.82,0.0,32,21824,买盘
13:28:41,6.82,0.0,5,3410,买盘
13:28:44,6.82,0.0,16,10912,买盘
13:28:47,6.81,-0.01,53,36102,卖盘
13:28:56,6.81,0.0,87,59277,卖盘
13:28:59,6.81,0.0,8,5448,卖盘
13:29:02,6.82,0.01,49,33393,买盘
13:29:05,6.82,0.0,15,10230,买盘
13:29:11,6.81,-0.01,1,681,卖盘
13:29:14,6.82,0.01,10,6819,买盘
13:29:17,6.81,-0.01,13,8853,卖盘
13:29:20,6.81,0.0,14,9534,卖盘
13:29:26,6.81,0.0,13,8853,卖盘
13:29:29,6.82,0.01,4,2728,买盘
13:29:32,6.81,-0.01,1,681,卖盘
13:29:35,6.81,0.0,1746,1189036,卖盘
13:29:38,6.81,0.0,19,12922,买盘
13:29:41,6.81,0.0,31,21100,买盘
13:29:44,6.8,-0.01,22,14962,卖盘
13:29:47,6.8,0.0,48,32640,卖盘
13:29:50,6.81,0.01,176,119805,买盘
13:29:53,6.8,-0.01,74,50360,卖盘
13:29:56,6.81,0.01,15,10215,买盘
13:29:59,6.81,0.0,179,121899,买盘
13:30:02,6.8,-0.01,1,680,卖盘
13:30:05,6.81,0.01,44,29964,买盘
13:30:08,6.81,0.0,4,2724,买盘
13:30:14,6.81,0.0,10,6810,买盘
13:30:17,6.81,0.0,10,6810,买盘
13:30:23,6.8,-0.01,23,15653,卖盘
13:30:26,6.8,0.0,30,20410,卖盘
13:30:29,6.81,0.01,53,36052,买盘
13:30:32,6.8,-0.01,47,31960,卖盘
13:30:35,6.8,0.0,225,153038,卖盘
13:30:38,6.81,0.01,449,305459,买盘
13:30:41,6.8,-0.01,106,72081,卖盘
13:30:44,6.8,0.0,73,49640,卖盘
13:30:47,6.8,0.0,29,19720,卖盘
13:30:50,6.8,0.0,11,7490,卖盘
13:30:53,6.8,0.0,4,2720,卖盘
13:30:56,6.81,0.01,10,6802,买盘
13:30:59,6.81,0.0,50,34050,买盘
13:31:02,6.81,0.0,58,39498,买盘
13:31:05,6.81,0.0,3,2043,买盘
13:31:08,6.81,0.0,8,5448,买盘
13:31:14,6.81,0.0,6,4086,买盘
13:31:17,6.81,0.0,51,34731,买盘
13:31:20,6.8,-0.01,15,10210,卖盘
13:31:23,6.81,0.01,19,12939,买盘
13:31:26,6.8,-0.01,60,40830,卖盘
13:31:29,6.81,0.01,11,7490,买盘
13:31:32,6.8,-0.01,2,1360,卖盘
13:31:35,6.81,0.01,104,70824,买盘
13:31:41,6.81,0.0,1,681,买盘
13:31:44,6.81,0.0,62,42222,买盘
13:31:47,6.8,-0.01,19,12920,卖盘
13:31:50,6.81,0.01,51,34731,买盘
13:31:53,6.81,0.0,6,4086,买盘
13:31:56,6.81,0.0,24,16344,买盘
13:32:02,6.81,0.0,310,211110,买盘
13:32:05,6.8,-0.01,4,2720,卖盘
13:32:08,6.8,0.0,75,51000,卖盘
13:32:11,6.8,0.0,1498,1018647,卖盘
13:32:14,6.8,0.0,842,572563,卖盘
13:32:17,6.8,0.0,262,178160,卖盘
13:32:20,6.8,0.0,79,53720,卖盘
13:32:23,6.8,0.0,759,516120,卖盘
13:32:26,6.8,0.0,492,334577,卖盘
13:32:29,6.8,0.0,125,85003,卖盘
13:32:32,6.8,0.0,216,146895,卖盘
13:32:35,6.8,0.0,324,220370,卖盘
13:32:38,6.8,0.0,758,515440,卖盘
13:32:41,6.79,-0.01,305,207377,卖盘
13:32:44,6.79,0.0,275,186785,卖盘
13:32:47,6.79,0.0,12,8148,卖盘
13:32:50,6.79,0.0,81,55026,卖盘
13:32:53,6.8,0.01,167,113461,买盘
13:32:56,6.81,0.01,144,97921,买盘
13:32:59,6.8,-0.01,12,8160,卖盘
13:33:02,6.81,0.01,32,21761,买盘
13:33:05,6.8,-0.01,12,8160,卖盘
13:33:08,6.8,0.0,209,141992,卖盘
13:33:14,6.8,0.0,1,680,买盘
13:33:17,6.79,-0.01,164,111356,卖盘
13:33:20,6.79,0.0,10,6790,卖盘
13:33:23,6.79,0.0,54,36707,卖盘
13:33:26,6.79,0.0,226,153454,卖盘
13:33:29,6.79,0.0,156,105999,卖盘
13:33:38,6.8,0.01,13,8840,买盘
13:33:41,6.79,-0.01,7,4753,卖盘
13:33:44,6.79,0.0,47,31913,卖盘
13:33:47,6.8,0.01,70,47531,买盘
13:33:50,6.79,-0.01,98,66482,买盘
13:33:53,6.79,0.0,76,51604,卖盘
13:33:56,6.79,0.0,15,10185,卖盘
13:34:02,6.79,0.0,5,3395,卖盘
13:34:05,6.8,0.01,371,252261,买盘
13:34:08,6.79,-0.01,476,323208,卖盘
13:34:11,6.79,0.0,263,178813,卖盘
13:34:14,6.79,0.0,13,8827,买盘
13:34:23,6.79,0.0,19,12901,卖盘
13:34:26,6.79,0.0,10,6790,卖盘
13:34:29,6.8,0.01,18,12240,买盘
13:34:32,6.8,0.0,77,52341,买盘
13:34:38,6.8,0.0,1,680,卖盘
13:34:41,6.81,0.01,327,222637,买盘
13:34:44,6.81,0.0,11,7491,买盘
13:34:47,6.81,0.0,2,1362,买盘
13:34:50,6.81,0.0,65,44265,买盘
13:34:53,6.81,0.0,19,12923,买盘
13:34:56,6.8,-0.01,20,13616,卖盘
13:34:59,6.81,0.01,16,10896,买盘
13:35:02,6.81,0.0,19,12939,买盘
13:35:05,6.81,0.0,209,142329,买盘
13:35:08,6.81,0.0,57,38817,买盘
13:35:11,6.81,0.0,8,5448,中性盘
13:35:14,6.81,0.0,10,6810,买盘
13:35:20,6.81,0.0,37,25197,买盘
13:35:23,6.81,0.0,8,5448,卖盘
13:35:29,6.82,0.01,81,55206,买盘
13:35:32,6.82,0.0,225,153426,买盘
13:35:35,6.82,0.0,5,3408,买盘
13:35:41,6.82,0.0,1,682,买盘
13:35:44,6.82,0.0,34,23188,买盘
13:35:50,6.82,0.0,84,57289,买盘
13:35:53,6.82,0.0,43,29327,卖盘
13:35:59,6.82,0.0,32,21824,卖盘
13:36:02,6.83,0.01,116,79216,买盘
13:36:05,6.83,0.0,290,197911,买盘
13:36:08,6.82,-0.01,35,23888,卖盘
13:36:11,6.81,-0.01,1,681,卖盘
13:36:14,6.81,0.0,7,4767,卖盘
13:36:17,6.82,0.01,2,1364,买盘
13:36:20,6.82,0.0,101,68880,买盘
13:36:29,6.82,0.0,10,6820,买盘
13:36:32,6.81,-0.01,51,34731,卖盘
13:36:35,6.81,0.0,14,9534,买盘
13:36:38,6.8,-0.01,53,36060,卖盘
13:36:41,6.8,0.0,1,680,卖盘
13:36:44,6.8,0.0,37,25196,卖盘
13:36:47,6.8,0.0,11,7480,卖盘
13:37:02,6.81,0.01,6,4086,买盘
13:37:05,6.81,0.0,12,8162,买盘
13:37:08,6.8,-0.01,212,144172,卖盘
13:37:14,6.81,0.01,1317,898328,买盘
13:37:17,6.81,0.0,5,3405,卖盘
13:37:20,6.83,0.02,26,17763,买盘
13:37:23,6.81,-0.02,15,10215,卖盘
13:37:29,6.81,0.0,35,23835,卖盘
13:37:32,6.83,0.02,65,44315,买盘
13:37:38,6.82,-0.01,50,34068,买盘
13:37:41,6.82,0.0,128,87296,买盘
13:37:44,6.83,0.01,139,94800,买盘
13:37:53,6.83,0.0,82,56006,买盘
13:37:56,6.83,0.0,47,32101,买盘
13:37:59,6.83,0.0,4,2732,卖盘
13:38:02,6.83,0.0,9,6147,卖盘
13:38:05,6.84,0.01,127,86846,买盘
13:38:08,6.83,-0.01,48,32794,卖盘
13:38:11,6.84,0.01,78,53290,买盘
13:38:14,6.83,-0.01,78,53274,卖盘
13:38:17,6.84,0.01,100,68315,买盘
13:38:20,6.83,-0.01,8,5464,买盘
13:38:23,6.83,0.0,62,42346,卖盘
13:38:26,6.83,0.0,4,2732,买盘
13:38:29,6.83,0.0,48,32784,买盘
13:38:32,6.84,0.01,15,10251,买盘
13:38:38,6.84,0.0,94,64212,买盘
13:38:47,6.84,0.0,204,139534,买盘
13:38:50,6.84,0.0,5,3420,买盘
13:38:53,6.83,-0.01,10,6830,卖盘
13:38:59,6.84,0.01,7,4784,买盘
13:39:02,6.84,0.0,4,2736,买盘
13:39:05,6.84,0.0,16,10944,买盘
13:39:08,6.83,-0.01,15,10245,卖盘
13:39:14,6.83,0.0,87,59438,卖盘
13:39:17,6.84,0.01,2,1368,买盘
13:39:20,6.83,-0.01,261,178263,卖盘
13:39:23,6.83,0.0,83,56689,买盘
13:39:29,6.83,0.0,48,32769,买盘
13:39:32,6.83,0.0,6,4098,买盘
13:39:38,6.83,0.0,2,1366,买盘
13:39:41,6.83,0.0,2,1366,买盘
13:39:47,6.83,0.0,34,23222,买盘
13:39:50,6.83,0.0,5,3415,买盘
13:39:53,6.83,0.0,11,7511,买盘
13:39:59,6.83,0.0,37,25271,买盘
13:40:02,6.82,-0.01,147,100254,卖盘
13:40:05,6.81,-0.01,46,31330,卖盘
13:40:14,6.81,0.0,15,10210,买盘
13:40:17,6.8,-0.01,5,3400,卖盘
13:40:20,6.81,0.01,10,6805,买盘
13:40:23,6.81,0.0,44,29964,买盘
13:40:26,6.81,0.0,21,14301,买盘
13:40:29,6.81,0.0,2,1362,买盘
13:40:35,6.8,-0.01,130,88408,卖盘
13:40:38,6.8,0.0,55,37405,卖盘
13:40:41,6.81,0.01,365,248559,买盘
13:40:44,6.81,0.0,9,6129,卖盘
13:40:47,6.81,0.0,20,13620,买盘
13:40:53,6.81,0.0,241,164121,买盘
13:40:56,6.81,0.0,4,2724,卖盘
13:41:02,6.81,0.0,8,5448,卖盘
13:41:11,6.82,0.01,263,179365,买盘
13:41:14,6.82,0.0,84,57288,卖盘
13:41:17,6.82,0.0,14,9548,卖盘
13:41:20,6.83,0.01,6,4094,买盘
13:41:29,6.82,-0.01,3,2046,卖盘
13:41:38,6.82,0.0,69,47058,卖盘
13:41:41,6.82,0.0,45,30690,卖盘
13:41:44,6.82,0.0,52,35464,卖盘
13:41:47,6.82,0.0,20,13640,卖盘
13:41:50,6.82,0.0,2,1364,卖盘
13:41:53,6.82,0.0,1,682,卖盘
13:41:56,6.82,0.0,1,682,卖盘
13:42:05,6.83,0.01,104,71028,买盘
13:42:08,6.83,0.0,1,683,买盘
13:42:11,6.82,-0.01,18,12281,卖盘
13:42:14,6.83,0.01,2,1366,买盘
13:42:20,6.82,-0.01,20,13640,卖盘
13:42:23,6.82,0.0,116,79172,卖盘
13:42:26,6.83,0.01,240,163681,买盘
13:42:29,6.83,0.0,117,79892,买盘
13:42:32,6.83,0.0,1,683,买盘
13:42:35,6.82,-0.01,77,52564,卖盘
13:42:38,6.83,0.01,70,47765,买盘
13:42:41,6.82,-0.01,9,6138,卖盘
13:42:47,6.83,0.01,1,683,买盘
13:42:53,6.83,0.0,1,683,买盘
13:42:56,6.83,0.0,102,69664,买盘
13:42:59,6.82,-0.01,12,8184,卖盘
13:43:05,6.82,0.0,205,139810,卖盘
13:43:11,6.82,0.0,59,40238,买盘
13:43:14,6.82,0.0,8,5456,买盘
13:43:20,6.82,0.0,15,10230,买盘
13:43:26,6.82,0.0,1,682,买盘
13:43:32,6.82,0.0,22,15004,买盘
13:43:38,6.82,0.0,20,13640,买盘
13:43:41,6.82,0.0,20,13640,买盘
13:43:44,6.82,0.0,1,682,买盘
13:43:47,6.82,0.0,28,19096,买盘
13:43:50,6.82,0.0,33,22506,买盘
13:43:53,6.82,0.0,2,1364,买盘
13:43:59,6.82,0.0,300,204600,买盘
13:44:02,6.82,0.0,18,12276,买盘
13:44:05,6.81,-0.01,136,92717,卖盘
13:44:08,6.82,0.01,10,6820,买盘
13:44:14,6.82,0.0,11,7502,买盘
13:44:20,6.82,0.0,23,15673,买盘
13:44:29,6.82,0.0,16,10912,买盘
13:44:32,6.81,-0.01,6,4086,卖盘
13:44:41,6.82,0.01,6,4092,买盘
13:44:44,6.82,0.0,34,23188,买盘
13:44:50,6.82,0.0,76,51828,买盘
13:44:56,6.82,0.0,30,20460,买盘
13:44:59,6.82,0.0,117,79794,买盘
13:45:05,6.82,0.0,15,10230,买盘
13:45:08,6.82,0.0,5,3410,买盘
13:45:11,6.82,0.0,110,75020,买盘
13:45:14,6.82,0.0,65,44330,卖盘
13:45:23,6.83,0.01,25,17075,买盘
13:45:32,6.83,0.0,546,372880,买盘
13:45:35,6.83,0.0,13,8879,买盘
13:45:41,6.83,0.0,7,4781,买盘
13:45:44,6.83,0.0,344,234892,买盘
13:45:56,6.82,-0.01,52,35479,卖盘
13:46:02,6.83,0.01,223,152309,买盘
13:46:05,6.83,0.0,88,60104,卖盘
13:46:08,6.83,0.0,18,12294,买盘
13:46:11,6.82,-0.01,11,7502,卖盘
13:46:14,6.83,0.01,4,2732,买盘
13:46:35,6.82,-0.01,11,7502,卖盘
13:46:50,6.83,0.01,81,55323,买盘
13:46:56,6.83,0.0,2,1366,买盘
13:46:59,6.83,0.0,21,14331,买盘
13:47:02,6.83,0.0,5,3415,买盘
13:47:05,6.82,-0.01,1,682,卖盘
13:47:08,6.82,0.0,1,682,卖盘
13:47:11,6.83,0.01,13,8876,买盘
13:47:14,6.82,-0.01,1,682,卖盘
13:47:20,6.83,0.01,51,34829,买盘
13:47:23,6.83,0.0,11,7503,买盘
13:47:26,6.83,0.0,7,4781,买盘
13:47:32,6.83,0.0,637,435071,买盘
13:47:35,6.83,0.0,3,2049,卖盘
13:47:38,6.83,0.0,1,683,卖盘
13:47:41,6.84,0.01,44,30085,买盘
13:47:44,6.83,-0.01,10,6830,卖盘
13:47:47,6.84,0.01,43,29379,买盘
13:47:50,6.84,0.0,31,21183,买盘
13:47:53,6.84,0.0,7,4784,买盘
13:47:56,6.84,0.0,19,12989,买盘
13:47:59,6.83,-0.01,16,10938,卖盘
13:48:02,6.83,0.0,15,10255,卖盘
13:48:05,6.83,0.0,465,317595,卖盘
13:48:08,6.83,0.0,64,43712,买盘
13:48:11,6.84,0.01,81,55345,买盘
13:48:14,6.83,-0.01,6,4098,买盘
13:48:17,6.83,0.0,19,12972,买盘
13:48:20,6.83,0.0,25,17075,买盘
13:48:23,6.83,0.0,95,64885,买盘
13:48:26,6.83,0.0,682,465306,买盘
13:48:32,6.84,0.01,53,36248,买盘
13:48:35,6.84,0.0,100,68400,买盘
13:48:38,6.84,0.0,136,93024,买盘
13:48:44,6.85,0.01,68,46580,买盘
13:48:47,6.85,0.0,38,26020,买盘
13:48:50,6.85,0.0,100,68500,买盘
13:48:53,6.84,-0.01,124,84821,卖盘
13:48:56,6.85,0.01,3,2055,买盘
13:48:59,6.85,0.0,20,13700,买盘
13:49:02,6.85,0.0,20,13697,买盘
13:49:08,6.84,-0.01,17,11630,卖盘
13:49:11,6.85,0.01,4,2740,买盘
13:49:17,6.85,0.0,10,6850,买盘
13:49:20,6.85,0.0,102,69870,买盘
13:49:26,6.85,0.0,87,59595,买盘
13:49:29,6.84,-0.01,121,82884,卖盘
13:49:32,6.84,0.0,22,15048,卖盘
13:49:35,6.84,0.0,51,34918,卖盘
13:49:38,6.84,0.0,12,8208,卖盘
13:49:41,6.84,0.0,24,16416,卖盘
13:49:50,6.84,0.0,6,4104,卖盘
13:49:53,6.84,0.0,1,684,卖盘
13:50:02,6.84,0.0,31,21204,卖盘
13:50:05,6.85,0.01,21,14368,买盘
13:50:11,6.84,-0.01,8,5472,卖盘
13:50:14,6.85,0.01,6,4109,买盘
13:50:17,6.85,0.0,15,10275,买盘
13:50:23,6.84,-0.01,5,3420,卖盘
13:50:26,6.85,0.01,60,41043,买盘
13:50:29,6.85,0.0,7,4789,买盘
13:50:32,6.85,0.0,45,30792,买盘
13:50:35,6.84,-0.01,7,4790,卖盘
13:50:38,6.84,0.0,105,71820,卖盘
13:50:41,6.84,0.0,32,21911,卖盘
13:50:44,6.84,0.0,35,23940,卖盘
13:50:47,6.85,0.01,250,171250,买盘
13:50:50,6.84,-0.01,50,34200,卖盘
13:50:53,6.85,0.01,42,28770,买盘
13:50:56,6.85,0.0,35,23975,买盘
13:50:59,6.85,0.0,710,486350,买盘
13:51:02,6.85,0.0,23,15755,买盘
13:51:05,6.85,0.0,97,66445,买盘
13:51:08,6.85,0.0,55,37675,买盘
13:51:11,6.85,0.0,15,10275,买盘
13:51:14,6.85,0.0,37,25357,买盘
13:51:17,6.86,0.01,5,3430,买盘
13:51:26,6.85,-0.01,199,136411,卖盘
13:51:29,6.86,0.01,44,30184,买盘
13:51:32,6.86,0.0,26,17836,买盘
13:51:35,6.86,0.0,10,6860,买盘
13:51:38,6.86,0.0,12,8232,买盘
13:51:41,6.86,0.0,162,111132,买盘
13:51:44,6.86,0.0,17,11662,买盘
13:51:47,6.86,0.0,1,686,卖盘
13:51:50,6.87,0.01,119,81724,买盘
13:51:53,6.87,0.0,186,127752,买盘
13:51:56,6.87,0.0,27,18549,买盘
13:51:59,6.87,0.0,62,42594,卖盘
13:52:02,6.87,0.0,78,53639,卖盘
13:52:05,6.87,0.0,80,55010,卖盘
13:52:08,6.87,0.0,38,26128,卖盘
13:52:11,6.88,0.01,76,52252,买盘
13:52:14,6.88,0.0,128,88064,买盘
13:52:17,6.88,0.0,71,48838,买盘
13:52:20,6.89,0.01,132,90917,买盘
13:52:23,6.89,0.0,69,47524,买盘
13:52:26,6.89,0.0,61,42029,买盘
13:52:29,6.9,0.01,192,132291,买盘
13:52:32,6.9,0.0,67,46199,买盘
13:52:35,6.9,0.0,258,177882,买盘
13:52:38,6.9,0.0,429,296010,买盘
13:52:41,6.91,0.01,209,144401,买盘
13:52:44,6.91,0.0,560,386960,卖盘
13:52:47,6.92,0.01,301,208001,买盘
13:52:50,6.91,-0.01,428,295778,卖盘
13:52:53,6.92,0.01,575,397819,买盘
13:52:56,6.92,0.0,76,52598,卖盘
13:52:59,6.92,0.0,180,124560,卖盘
13:53:02,6.91,-0.01,387,267627,卖盘
13:53:05,6.92,0.01,61,42212,买盘
13:53:08,6.9,-0.02,466,321677,卖盘
13:53:11,6.9,0.0,50,34469,买盘
13:53:14,6.9,0.0,8,5519,买盘
13:53:17,6.9,0.0,50,34500,买盘
13:53:20,6.89,-0.01,1702,1162815,中性盘
13:53:23,6.88,-0.01,16,11008,买盘
13:53:26,6.87,-0.01,187,128195,中性盘
13:53:29,6.86,-0.01,8,5488,卖盘
13:53:32,6.87,0.01,2,1374,买盘
13:53:38,6.87,0.0,1,687,买盘
13:53:41,6.87,0.0,5,3435,买盘
13:53:47,6.88,0.01,13,8944,买盘
13:53:50,6.88,0.0,34,23372,买盘
13:53:56,6.88,0.0,20,13750,买盘
13:53:59,6.88,0.0,99,68112,买盘
13:54:02,6.88,0.0,38,26144,买盘
13:54:05,6.87,-0.01,12,8245,卖盘
13:54:08,6.88,0.01,3,2064,买盘
13:54:14,6.88,0.0,26,17888,买盘
13:54:17,6.87,-0.01,5,3435,卖盘
13:54:20,6.88,0.01,16,11008,买盘
13:54:23,6.87,-0.01,76,52270,卖盘
13:54:26,6.87,0.0,1,687,卖盘
13:54:32,6.88,0.01,23,15819,买盘
13:54:35,6.87,-0.01,12,8249,卖盘
13:54:41,6.87,0.0,80,54960,卖盘
13:54:53,6.87,0.0,101,69388,卖盘
13:54:56,6.87,0.0,88,60518,卖盘
13:54:59,6.87,0.0,106,72792,卖盘
13:55:02,6.86,-0.01,70,48031,卖盘
13:55:05,6.87,0.01,87,59724,买盘
13:55:08,6.86,-0.01,82,56252,中性盘
13:55:11,6.87,0.01,53,36410,买盘
13:55:14,6.87,0.0,11,7556,买盘
13:55:20,6.85,-0.02,214,146803,卖盘
13:55:23,6.86,0.01,55,37730,买盘
13:55:26,6.86,0.0,20,13720,买盘
13:55:29,6.86,0.0,5,3427,买盘
13:55:32,6.85,-0.01,55,37686,卖盘
13:55:35,6.86,0.01,69,47269,买盘
13:55:38,6.85,-0.01,19,13029,卖盘
13:55:41,6.85,0.0,18,12341,卖盘
13:55:47,6.86,0.01,8,5485,买盘
13:55:50,6.86,0.0,9,6174,买盘
13:55:59,6.85,-0.01,178,121955,卖盘
13:56:02,6.85,0.0,46,31510,买盘
13:56:05,6.85,0.0,17,11645,买盘
13:56:08,6.86,0.01,186,127527,买盘
13:56:20,6.86,0.0,1,686,买盘
13:56:23,6.86,0.0,12,8232,买盘
13:56:29,6.86,0.0,1,686,买盘
13:56:35,6.86,0.0,2,1372,买盘
13:56:38,6.86,0.0,106,72716,买盘
13:56:41,6.85,-0.01,20,13700,卖盘
13:56:50,6.87,0.02,753,516829,买盘
13:56:53,6.86,-0.01,15,10292,卖盘
13:56:59,6.87,0.01,1,687,买盘
13:57:02,6.87,0.0,18,12366,买盘
13:57:08,6.87,0.0,24,16488,卖盘
13:57:14,6.88,0.01,25,17180,买盘
13:57:17,6.88,0.0,2,1376,买盘
13:57:20,6.88,0.0,16,11008,买盘
13:57:23,6.88,0.0,60,41280,买盘
13:57:26,6.88,0.0,10,6880,买盘
13:57:29,6.88,0.0,54,37152,买盘
13:57:32,6.88,0.0,53,36464,买盘
13:57:38,6.88,0.0,11,7568,买盘
13:57:41,6.88,0.0,94,64672,买盘
13:57:44,6.88,0.0,36,24768,买盘
13:57:47,6.88,0.0,36,24768,卖盘
13:57:50,6.88,0.0,15,10320,卖盘
13:57:53,6.87,-0.01,131,90121,卖盘
13:57:56,6.88,0.01,140,96320,买盘
13:57:59,6.88,0.0,10,6880,买盘
13:58:05,6.88,0.0,9,6192,买盘
13:58:08,6.88,0.0,77,52976,买盘
13:58:11,6.88,0.0,10,6880,买盘
13:58:14,6.88,0.0,10,6880,买盘
13:58:17,6.88,0.0,196,134848,买盘
13:58:23,6.88,0.0,4,2752,卖盘
13:58:26,6.88,0.0,10,6880,卖盘
13:58:29,6.89,0.01,330,227344,买盘
13:58:35,6.89,0.0,5,3445,买盘
13:58:38,6.89,0.0,100,68900,买盘
