成交时间,成交价格,价格变动,成交量,成交金额,性质
09:25:01,11.16,0.01,17597,19638252,买盘
09:30:01,11.33,0.17,15355,17368886,买盘
09:30:04,11.33,0.0,8487,9614938,卖盘
09:30:07,11.33,0.0,9109,10320497,卖盘
09:30:10,11.33,0.0,6522,7389426,卖盘
09:30:13,11.33,0.0,7802,8839666,卖盘
09:30:16,11.33,0.0,6482,7344106,卖盘
09:30:19,11.33,0.0,8892,10074070,卖盘
09:30:22,11.33,0.0,7266,8232378,卖盘
09:30:25,11.33,0.0,6856,7767848,卖盘
09:30:28,11.33,0.0,3933,4456089,卖盘
09:30:31,11.33,0.0,3083,3493039,卖盘
09:30:34,11.33,0.0,2655,3008115,卖盘
09:30:37,11.33,0.0,2144,2429152,卖盘
09:30:40,11.33,0.0,2220,2515260,卖盘
09:30:43,11.33,0.0,633,717189,卖盘
09:30:46,11.33,0.0,1811,2051863,卖盘
09:30:49,11.33,0.0,556,629948,卖盘
09:30:52,11.33,0.0,647,733051,卖盘
09:30:55,11.33,0.0,854,967582,卖盘
09:30:58,11.33,0.0,655,742115,卖盘
09:31:01,11.33,0.0,265,300245,卖盘
09:31:04,11.33,0.0,220,249260,卖盘
09:31:07,11.33,0.0,282,319506,卖盘
09:31:10,11.33,0.0,432,489456,卖盘
09:31:13,11.33,0.0,398,450934,卖盘
09:31:16,11.33,0.0,336,380688,卖盘
09:31:19,11.33,0.0,571,646943,卖盘
09:31:22,11.33,0.0,723,819159,卖盘
09:31:25,11.33,0.0,1456,1649648,卖盘
09:31:28,11.33,0.0,1041,1179453,卖盘
09:31:31,11.33,0.0,313,354629,卖盘
09:31:34,11.33,0.0,154,174482,卖盘
09:31:37,11.33,0.0,189,214137,卖盘
09:31:40,11.33,0.0,59,66847,卖盘
09:31:43,11.33,0.0,83,94039,卖盘
09:31:46,11.33,0.0,368,416944,卖盘
09:31:49,11.33,0.0,737,835021,卖盘
09:31:52,11.33,0.0,50,56650,卖盘
09:31:55,11.33,0.0,289,327437,卖盘
09:31:58,11.33,0.0,96,108768,卖盘
09:32:01,11.33,0.0,263,297979,卖盘
09:32:04,11.33,0.0,78,88374,卖盘
09:32:07,11.33,0.0,6214,7040462,卖盘
09:32:10,11.33,0.0,170,192610,卖盘
09:32:13,11.33,0.0,136,154088,卖盘
09:32:16,11.33,0.0,37,41921,卖盘
09:32:19,11.33,0.0,246,278718,卖盘
09:32:22,11.33,0.0,656,743248,卖盘
09:32:25,11.33,0.0,211,239063,卖盘
09:32:28,11.33,0.0,86,97438,卖盘
09:32:31,11.33,0.0,194,219802,卖盘
09:32:34,11.33,0.0,120,135960,卖盘
09:32:37,11.33,0.0,424,480392,卖盘
09:32:40,11.33,0.0,90,101970,卖盘
09:32:43,11.33,0.0,190,215270,卖盘
09:32:46,11.33,0.0,312,353496,卖盘
09:32:49,11.33,0.0,74,83842,卖盘
09:32:52,11.33,0.0,208,235664,卖盘
09:32:55,11.33,0.0,180,203940,卖盘
09:32:58,11.33,0.0,93,105369,卖盘
09:33:01,11.33,0.0,45,50985,卖盘
09:33:04,11.33,0.0,12,13596,卖盘
09:33:07,11.33,0.0,112,126896,卖盘
09:33:10,11.33,0.0,108,122364,卖盘
09:33:13,11.33,0.0,233,263989,卖盘
09:33:16,11.33,0.0,610,691130,卖盘
09:33:19,11.33,0.0,10,11330,卖盘
09:33:22,11.33,0.0,16,18128,卖盘
09:33:25,11.33,0.0,395,447535,卖盘
09:33:28,11.33,0.0,164,185812,卖盘
09:33:31,11.33,0.0,84,95172,卖盘
09:33:34,11.33,0.0,77,87241,卖盘
09:33:37,11.33,0.0,25,28325,卖盘
09:33:40,11.33,0.0,3,3399,卖盘
09:33:43,11.33,0.0,55,62315,卖盘
09:33:46,11.33,0.0,7,7931,卖盘
09:33:49,11.33,0.0,75,84975,卖盘
09:33:52,11.33,0.0,39,44187,卖盘
09:33:55,11.33,0.0,121,137093,卖盘
09:33:58,11.33,0.0,26,29458,卖盘
09:34:01,11.33,0.0,149,168817,卖盘
09:34:04,11.33,0.0,177,200541,卖盘
09:34:07,11.33,0.0,232,262856,卖盘
09:34:10,11.33,0.0,251,284383,卖盘
09:34:13,11.33,0.0,80,90640,卖盘
09:34:16,11.33,0.0,49,55517,卖盘
09:34:19,11.33,0.0,130,147290,卖盘
09:34:22,11.33,0.0,94,106502,卖盘
09:34:25,11.33,0.0,104,117832,卖盘
09:34:28,11.33,0.0,16,18128,卖盘
09:34:31,11.33,0.0,32,36256,卖盘
09:34:34,11.33,0.0,70,79310,卖盘
09:34:37,11.33,0.0,27,30591,卖盘
09:34:40,11.33,0.0,6,6798,卖盘
09:34:43,11.33,0.0,153,173349,卖盘
09:34:46,11.33,0.0,53,60049,卖盘
09:34:49,11.33,0.0,1252,1418516,卖盘
09:34:52,11.33,0.0,23,26059,卖盘
09:34:55,11.33,0.0,91,103103,卖盘
09:34:58,11.33,0.0,62,70246,卖盘
09:35:01,11.33,0.0,110,124630,卖盘
09:35:04,11.33,0.0,16,18128,卖盘
09:35:07,11.33,0.0,369,418077,卖盘
09:35:10,11.33,0.0,78,88374,卖盘
09:35:13,11.33,0.0,288,326304,卖盘
09:35:16,11.33,0.0,154,174482,卖盘
09:35:19,11.33,0.0,55,62315,卖盘
09:35:22,11.33,0.0,8,9064,卖盘
09:35:25,11.33,0.0,52,58916,卖盘
09:35:28,11.33,0.0,112,126896,卖盘
09:35:31,11.33,0.0,177,200541,卖盘
09:35:34,11.33,0.0,86,97438,卖盘
09:35:37,11.33,0.0,2,2266,卖盘
09:35:40,11.33,0.0,80,90640,卖盘
09:35:43,11.33,0.0,136,154088,卖盘
09:35:46,11.33,0.0,87,98571,卖盘
09:35:49,11.33,0.0,10,11330,卖盘
09:35:52,11.33,0.0,129,146157,卖盘
09:35:55,11.33,0.0,21,23793,卖盘
09:35:58,11.33,0.0,31,35123,卖盘
09:36:01,11.33,0.0,41,46453,卖盘
09:36:04,11.33,0.0,15,16995,卖盘
09:36:07,11.33,0.0,24,27192,卖盘
09:36:10,11.33,0.0,1032,1169256,卖盘
09:36:13,11.33,0.0,12,13596,卖盘
09:36:16,11.33,0.0,82,92906,卖盘
09:36:19,11.33,0.0,103,116699,卖盘
09:36:22,11.33,0.0,12,13596,卖盘
09:36:25,11.33,0.0,55,62315,卖盘
09:36:28,11.33,0.0,62,70246,卖盘
09:36:31,11.33,0.0,18,20394,卖盘
09:36:34,11.33,0.0,22,24926,卖盘
09:36:37,11.33,0.0,17,19261,卖盘
09:36:40,11.33,0.0,53,60049,卖盘
09:36:43,11.33,0.0,104,117832,卖盘
09:36:46,11.33,0.0,18,20394,卖盘
09:36:52,11.33,0.0,37,41921,卖盘
09:36:55,11.33,0.0,67,75911,卖盘
09:36:58,11.33,0.0,22,24926,卖盘
09:37:01,11.33,0.0,105,118965,卖盘
09:37:04,11.33,0.0,52,58916,卖盘
09:37:07,11.33,0.0,14,15862,卖盘
09:37:10,11.33,0.0,15,16995,卖盘
09:37:13,11.33,0.0,140,158620,卖盘
09:37:16,11.33,0.0,55,62315,卖盘
09:37:19,11.33,0.0,135,152955,卖盘
09:37:22,11.33,0.0,11,12463,卖盘
09:37:25,11.33,0.0,51,57783,卖盘
09:37:28,11.33,0.0,57,64581,卖盘
09:37:31,11.33,0.0,35,39655,卖盘
09:37:34,11.33,0.0,61,69113,卖盘
09:37:37,11.33,0.0,27,30591,卖盘
09:37:40,11.33,0.0,58,65714,卖盘
09:37:43,11.33,0.0,108,122364,卖盘
09:37:46,11.33,0.0,11,12463,卖盘
09:37:52,11.33,0.0,116,131428,卖盘
09:37:55,11.33,0.0,10,11330,卖盘
09:37:58,11.33,0.0,21,23793,卖盘
09:38:01,11.33,0.0,59,66847,卖盘
09:38:04,11.33,0.0,17,19261,卖盘
09:38:07,11.33,0.0,200,226600,卖盘
09:38:10,11.33,0.0,39,44187,卖盘
09:38:13,11.33,0.0,3,3399,卖盘
09:38:16,11.33,0.0,78,88374,卖盘
09:38:19,11.33,0.0,20,22660,卖盘
09:38:22,11.33,0.0,6,6798,卖盘
09:38:25,11.33,0.0,20,22660,卖盘
09:38:28,11.33,0.0,11,12463,卖盘
09:38:31,11.33,0.0,47,53251,卖盘
09:38:34,11.33,0.0,70,79310,卖盘
09:38:37,11.33,0.0,26,29458,卖盘
09:38:40,11.33,0.0,38,43054,卖盘
09:38:43,11.33,0.0,55,62315,卖盘
09:38:46,11.33,0.0,105,118965,卖盘
09:38:49,11.33,0.0,12,13596,卖盘
09:38:52,11.33,0.0,14,15862,卖盘
09:38:55,11.33,0.0,107,121231,卖盘
09:38:58,11.33,0.0,189,214137,卖盘
09:39:01,11.33,0.0,242,274186,卖盘
09:39:04,11.33,0.0,115,130295,卖盘
09:39:07,11.33,0.0,3,3399,卖盘
09:39:10,11.33,0.0,144,163152,卖盘
09:39:13,11.33,0.0,246,278718,卖盘
09:39:16,11.33,0.0,7,7931,卖盘
09:39:19,11.33,0.0,140,158620,卖盘
09:39:22,11.33,0.0,10,11330,卖盘
09:39:28,11.33,0.0,31,35123,卖盘
09:39:31,11.33,0.0,38,43054,卖盘
09:39:34,11.33,0.0,24,27192,卖盘
09:39:37,11.33,0.0,59,66847,卖盘
09:39:40,11.33,0.0,17,19261,卖盘
09:39:43,11.33,0.0,55,62315,卖盘
09:39:49,11.33,0.0,3,3399,卖盘
09:39:52,11.33,0.0,39,44187,卖盘
09:39:55,11.33,0.0,249,282117,卖盘
09:39:58,11.33,0.0,12,13596,卖盘
09:40:04,11.33,0.0,53,60049,卖盘
09:40:07,11.33,0.0,112,126896,卖盘
09:40:10,11.33,0.0,60,67980,卖盘
09:40:13,11.33,0.0,525,594825,卖盘
09:40:16,11.33,0.0,16,18128,卖盘
09:40:19,11.33,0.0,7,7931,卖盘
09:40:22,11.33,0.0,3,3399,卖盘
09:40:25,11.33,0.0,11,12463,卖盘
09:40:28,11.33,0.0,9,10197,卖盘
09:40:31,11.33,0.0,23,26059,卖盘
09:40:34,11.33,0.0,54,61182,卖盘
09:40:37,11.33,0.0,24,27192,卖盘
09:40:40,11.33,0.0,52,58916,卖盘
09:40:43,11.33,0.0,15,16995,卖盘
09:40:46,11.33,0.0,3,3399,卖盘
09:40:49,11.33,0.0,18,20394,卖盘
09:40:52,11.33,0.0,35,39655,卖盘
09:40:55,11.33,0.0,10,11330,卖盘
09:40:58,11.33,0.0,60,67980,卖盘
09:41:01,11.33,0.0,105,118965,卖盘
09:41:04,11.33,0.0,60,67980,卖盘
09:41:07,11.33,0.0,130,147290,卖盘
09:41:10,11.33,0.0,2,2266,卖盘
09:41:13,11.33,0.0,5,5665,卖盘
09:41:16,11.33,0.0,30,33990,卖盘
09:41:19,11.33,0.0,11,12463,卖盘
09:41:22,11.33,0.0,15,16995,卖盘
09:41:25,11.33,0.0,21,23793,卖盘
09:41:31,11.33,0.0,89,100837,卖盘
09:41:34,11.33,0.0,51,57783,卖盘
09:41:37,11.33,0.0,34,38522,卖盘
09:41:40,11.33,0.0,13,14729,卖盘
09:41:43,11.33,0.0,35,39655,卖盘
09:41:46,11.33,0.0,110,124630,卖盘
09:41:49,11.33,0.0,202,228866,卖盘
09:41:52,11.33,0.0,10,11330,卖盘
09:41:58,11.33,0.0,48,54384,卖盘
09:42:01,11.33,0.0,100,113300,卖盘
09:42:04,11.33,0.0,2,2266,卖盘
09:42:07,11.33,0.0,8,9064,卖盘
09:42:10,11.33,0.0,17,19261,卖盘
09:42:13,11.33,0.0,25,28325,卖盘
09:42:16,11.33,0.0,18,20394,卖盘
09:42:19,11.33,0.0,52,58916,卖盘
09:42:22,11.33,0.0,78,88374,卖盘
09:42:25,11.33,0.0,3,3399,卖盘
09:42:28,11.33,0.0,265,300245,卖盘
09:42:34,11.33,0.0,11,12463,卖盘
09:42:37,11.33,0.0,4,4532,卖盘
09:42:40,11.33,0.0,82,92906,卖盘
09:42:43,11.33,0.0,76,86108,卖盘
09:42:46,11.33,0.0,2,2266,卖盘
09:42:52,11.33,0.0,5,5665,卖盘
09:42:55,11.33,0.0,114,129162,卖盘
09:42:58,11.33,0.0,20,22660,卖盘
09:43:01,11.33,0.0,18,20394,卖盘
09:43:04,11.33,0.0,1,1133,卖盘
09:43:07,11.33,0.0,25,28336,卖盘
09:43:10,11.33,0.0,30,33990,卖盘
09:43:13,11.33,0.0,24,27192,卖盘
09:43:16,11.33,0.0,144,163152,卖盘
09:43:19,11.33,0.0,18,20394,卖盘
09:43:22,11.33,0.0,45,50985,卖盘
09:43:25,11.33,0.0,20,22660,卖盘
09:43:31,11.33,0.0,20,22660,卖盘
09:43:37,11.33,0.0,17,19261,卖盘
09:43:40,11.33,0.0,10,11330,卖盘
09:43:43,11.33,0.0,30,33990,卖盘
09:43:49,11.33,0.0,61,69113,卖盘
09:43:52,11.33,0.0,22,24926,卖盘
09:43:55,11.33,0.0,15,16995,卖盘
09:43:58,11.33,0.0,6,6798,卖盘
09:44:04,11.33,0.0,89,100837,卖盘
09:44:07,11.33,0.0,214,242462,卖盘
09:44:10,11.33,0.0,5,5665,卖盘
09:44:13,11.33,0.0,3,3399,卖盘
09:44:16,11.33,0.0,3,3399,卖盘
09:44:19,11.33,0.0,19,21527,卖盘
09:44:22,11.33,0.0,145,164285,卖盘
09:44:25,11.33,0.0,1,1133,卖盘
09:44:31,11.33,0.0,63,71379,卖盘
09:44:34,11.33,0.0,21,23793,卖盘
09:44:37,11.33,0.0,4,4532,卖盘
09:44:40,11.33,0.0,18,20394,卖盘
09:44:43,11.33,0.0,12,13596,卖盘
09:44:46,11.33,0.0,60,67980,卖盘
09:44:49,11.33,0.0,34,38522,卖盘
09:44:52,11.33,0.0,11,12463,卖盘
09:45:01,11.33,0.0,23,26059,卖盘
09:45:07,11.33,0.0,1,1133,卖盘
09:45:10,11.33,0.0,5,5665,卖盘
09:45:13,11.33,0.0,33,37389,卖盘
09:45:31,11.33,0.0,170,192610,卖盘
09:45:34,11.33,0.0,22,24926,卖盘
09:45:37,11.33,0.0,8,9064,卖盘
09:45:43,11.33,0.0,35,39666,卖盘
09:45:46,11.33,0.0,5,5665,卖盘
09:45:49,11.33,0.0,32,36256,卖盘
09:45:58,11.33,0.0,42,47586,卖盘
09:46:04,11.33,0.0,140,158620,卖盘
09:46:07,11.33,0.0,10,11330,卖盘
09:46:16,11.33,0.0,40,45320,卖盘
09:46:19,11.33,0.0,5,5665,卖盘
09:46:25,11.33,0.0,61,69113,卖盘
09:46:28,11.33,0.0,23,26059,卖盘
09:46:31,11.33,0.0,121,137093,卖盘
09:46:34,11.33,0.0,40,45320,卖盘
09:46:37,11.33,0.0,3,3399,卖盘
09:46:46,11.33,0.0,20,22660,卖盘
09:46:49,11.33,0.0,12,13596,卖盘
09:46:52,11.33,0.0,2,2266,卖盘
09:46:55,11.33,0.0,10,11330,卖盘
09:47:10,11.33,0.0,11,12463,卖盘
09:47:13,11.33,0.0,15,16995,卖盘
09:47:16,11.33,0.0,36,40788,卖盘
09:47:19,11.33,0.0,104,117832,卖盘
09:47:22,11.33,0.0,4,4532,卖盘
09:47:25,11.33,0.0,1,1133,卖盘
09:47:28,11.33,0.0,9,10197,卖盘
09:47:31,11.33,0.0,24,27192,卖盘
09:47:34,11.33,0.0,2,2266,卖盘
09:47:37,11.33,0.0,14,15862,卖盘
09:47:40,11.33,0.0,80,90640,卖盘
09:47:43,11.33,0.0,10,11330,卖盘
09:47:46,11.33,0.0,3,3399,卖盘
09:47:52,11.33,0.0,70,79310,卖盘
09:47:55,11.33,0.0,30,33990,卖盘
09:47:58,11.33,0.0,9,10197,卖盘
09:48:04,11.33,0.0,10,11330,卖盘
09:48:07,11.33,0.0,8,9064,卖盘
09:48:10,11.33,0.0,1,1133,卖盘
09:48:13,11.33,0.0,3,3399,卖盘
09:48:16,11.33,0.0,112,126896,卖盘
09:48:22,11.33,0.0,50,56650,卖盘
09:48:25,11.33,0.0,10,11330,卖盘
09:48:31,11.33,0.0,65,73645,卖盘
09:48:34,11.33,0.0,148,167684,卖盘
09:48:37,11.33,0.0,8,9064,卖盘
09:48:40,11.33,0.0,39,44187,卖盘
09:48:46,11.33,0.0,136,154088,卖盘
09:48:52,11.33,0.0,1071,1213443,卖盘
09:48:55,11.33,0.0,139,157487,卖盘
09:48:58,11.33,0.0,2,2266,卖盘
09:49:04,11.33,0.0,338,382954,卖盘
09:49:07,11.33,0.0,18,20394,卖盘
09:49:10,11.33,0.0,91,103103,卖盘
09:49:13,11.33,0.0,45,50985,卖盘
09:49:16,11.33,0.0,48,54384,卖盘
09:49:22,11.33,0.0,60,67980,卖盘
09:49:25,11.33,0.0,54,61182,卖盘
09:49:28,11.33,0.0,5,5665,卖盘
09:49:31,11.33,0.0,43,48719,卖盘
09:49:34,11.33,0.0,2,2266,卖盘
09:49:37,11.33,0.0,100,113300,卖盘
09:49:40,11.33,0.0,7,7931,卖盘
09:49:43,11.33,0.0,68,77044,卖盘
09:49:46,11.33,0.0,252,285516,卖盘
09:49:49,11.33,0.0,126,142758,卖盘
09:49:52,11.33,0.0,11,12463,卖盘
09:49:55,11.33,0.0,10,11330,卖盘
09:49:58,11.33,0.0,147,166551,卖盘
09:50:04,11.33,0.0,5,5665,卖盘
09:50:07,11.33,0.0,17,19261,卖盘
09:50:13,11.33,0.0,34,38522,卖盘
09:50:19,11.33,0.0,45,50985,卖盘
09:50:22,11.33,0.0,6,6798,卖盘
09:50:34,11.33,0.0,7,7931,卖盘
09:50:40,11.33,0.0,3,3399,卖盘
09:50:49,11.33,0.0,7,7931,卖盘
09:50:52,11.33,0.0,5,5665,卖盘
09:50:55,11.33,0.0,28,31724,卖盘
09:50:58,11.33,0.0,3,3399,卖盘
09:51:01,11.33,0.0,7,7931,卖盘
09:51:04,11.33,0.0,91,103103,卖盘
09:51:16,11.33,0.0,2,2266,卖盘
09:51:19,11.33,0.0,1,1133,卖盘
09:51:22,11.33,0.0,1,1133,卖盘
09:51:25,11.33,0.0,50,56650,卖盘
09:51:28,11.33,0.0,30,33990,卖盘
09:51:31,11.33,0.0,5,5665,卖盘
09:51:34,11.33,0.0,22,24926,卖盘
09:51:37,11.33,0.0,5,5665,卖盘
09:51:43,11.33,0.0,1,1133,卖盘
09:51:49,11.33,0.0,87,98571,卖盘
09:51:52,11.33,0.0,14,15862,卖盘
09:51:55,11.33,0.0,3,3399,卖盘
09:51:58,11.33,0.0,65,73645,卖盘
09:52:01,11.33,0.0,6,6798,卖盘
09:52:04,11.33,0.0,150,169950,卖盘
09:52:07,11.33,0.0,40,45320,卖盘
09:52:10,11.33,0.0,61,69113,卖盘
09:52:13,11.33,0.0,13,14729,卖盘
09:52:19,11.33,0.0,3,3399,卖盘
09:52:22,11.33,0.0,16,18128,卖盘
09:52:25,11.33,0.0,30,33990,卖盘
09:52:28,11.33,0.0,1,1133,卖盘
09:52:40,11.33,0.0,1,1133,卖盘
09:52:43,11.33,0.0,19,21527,卖盘
09:52:52,11.33,0.0,3,3399,卖盘
09:52:55,11.33,0.0,17,19261,卖盘
09:53:07,11.33,0.0,50,56650,卖盘
09:53:10,11.33,0.0,20,22660,卖盘
09:53:13,11.33,0.0,10,11330,卖盘
09:53:16,11.33,0.0,93,105369,卖盘
09:53:19,11.33,0.0,50,56650,卖盘
09:53:22,11.33,0.0,42,47586,卖盘
09:53:25,11.33,0.0,62,70246,卖盘
09:53:28,11.33,0.0,28,31724,卖盘
09:53:31,11.33,0.0,41,46453,卖盘
09:53:34,11.33,0.0,36,40788,卖盘
09:53:37,11.33,0.0,9,10197,卖盘
09:53:49,11.33,0.0,879,995907,卖盘
09:53:52,11.33,0.0,30,33990,卖盘
09:53:55,11.33,0.0,63,71379,卖盘
09:53:58,11.33,0.0,30,33990,卖盘
09:54:01,11.33,0.0,22,24926,卖盘
09:54:04,11.33,0.0,3,3399,卖盘
09:54:07,11.33,0.0,68,77044,卖盘
09:54:19,11.33,0.0,20,22660,卖盘
09:54:22,11.33,0.0,13,14729,卖盘
09:54:28,11.33,0.0,3,3399,卖盘
09:54:31,11.33,0.0,58,65714,卖盘
09:54:37,11.33,0.0,43,48719,卖盘
09:54:40,11.33,0.0,33,37389,卖盘
09:54:43,11.33,0.0,10,11330,卖盘
09:54:46,11.33,0.0,4,4532,卖盘
09:54:49,11.33,0.0,30,33990,卖盘
09:55:01,11.33,0.0,18,20394,卖盘
09:55:04,11.33,0.0,61,69113,卖盘
09:55:07,11.33,0.0,2,2266,卖盘
09:55:13,11.33,0.0,15,16995,卖盘
09:55:16,11.33,0.0,10,11330,卖盘
09:55:22,11.33,0.0,1,1133,卖盘
09:55:25,11.33,0.0,12,13596,卖盘
09:55:28,11.33,0.0,5,5665,卖盘
09:55:34,11.33,0.0,5,5665,卖盘
09:55:37,11.33,0.0,15,16995,卖盘
09:55:43,11.33,0.0,10,11330,卖盘
09:55:46,11.33,0.0,16,18128,卖盘
09:55:49,11.33,0.0,16,18128,卖盘
09:55:52,11.33,0.0,13,14729,卖盘
09:55:55,11.33,0.0,11,12463,卖盘
09:55:58,11.33,0.0,27,30591,卖盘
09:56:01,11.33,0.0,103,116699,卖盘
09:56:10,11.33,0.0,6,6798,卖盘
09:56:13,11.33,0.0,31,35123,卖盘
09:56:16,11.33,0.0,50,56650,卖盘
09:56:19,11.33,0.0,10,11330,卖盘
09:56:25,11.33,0.0,12,13596,卖盘
09:56:31,11.33,0.0,30,33990,卖盘
09:56:37,11.33,0.0,13,14729,卖盘
09:56:49,11.33,0.0,2,2266,卖盘
09:57:01,11.33,0.0,26,29458,卖盘
09:57:10,11.33,0.0,47,53251,卖盘
09:57:19,11.33,0.0,1,1133,卖盘
09:57:22,11.33,0.0,25,28325,卖盘
09:57:25,11.33,0.0,20,22660,卖盘
09:57:28,11.33,0.0,117,132561,卖盘
09:57:40,11.33,0.0,10,11330,卖盘
09:57:43,11.33,0.0,2,2266,卖盘
09:57:49,11.33,0.0,25,28325,卖盘
09:57:52,11.33,0.0,5,5665,卖盘
09:57:55,11.33,0.0,15,16995,卖盘
09:57:58,11.33,0.0,12,13596,卖盘
09:58:01,11.33,0.0,3,3399,卖盘
09:58:04,11.33,0.0,1,1133,卖盘
09:58:07,11.33,0.0,10,11330,卖盘
09:58:10,11.33,0.0,47,53251,卖盘
09:58:13,11.33,0.0,1,1133,卖盘
09:58:16,11.33,0.0,10,11330,卖盘
09:58:28,11.33,0.0,20,22660,卖盘
09:58:31,11.33,0.0,20,22660,卖盘
09:58:40,11.33,0.0,80,90640,卖盘
09:58:43,11.33,0.0,1,1133,卖盘
09:58:46,11.33,0.0,1,1133,卖盘
09:58:49,11.33,0.0,4,4532,卖盘
09:59:13,11.33,0.0,1,1133,卖盘
09:59:19,11.33,0.0,109,123497,卖盘
09:59:22,11.33,0.0,5,5665,卖盘
09:59:28,11.33,0.0,47,53251,卖盘
09:59:31,11.33,0.0,50,56650,卖盘
09:59:37,11.33,0.0,16,18128,卖盘
09:59:43,11.33,0.0,229,259457,卖盘
09:59:52,11.33,0.0,2,2266,卖盘
09:59:55,11.33,0.0,7,7931,卖盘
09:59:58,11.33,0.0,15,16995,卖盘
10:00:13,11.33,0.0,7,7931,卖盘
10:00:16,11.33,0.0,28,31724,卖盘
10:00:19,11.33,0.0,22,24926,卖盘
10:00:28,11.33,0.0,125,141625,卖盘
10:00:31,11.33,0.0,20,22660,卖盘
10:00:34,11.33,0.0,30,33990,卖盘
10:00:37,11.33,0.0,3,3399,卖盘
10:00:46,11.33,0.0,47,53251,卖盘
10:00:49,11.33,0.0,5,5665,卖盘
10:00:55,11.33,0.0,501,567633,卖盘
10:00:58,11.33,0.0,9,10197,卖盘
10:01:01,11.33,0.0,63,71379,卖盘
10:01:04,11.33,0.0,4,4532,卖盘
10:01:07,11.33,0.0,57,64581,卖盘
10:01:10,11.33,0.0,27,30591,卖盘
10:01:13,11.33,0.0,8,9064,卖盘
10:01:16,11.33,0.0,14,15862,卖盘
10:01:19,11.33,0.0,20,22660,卖盘
10:01:22,11.33,0.0,40,45320,卖盘
10:01:25,11.33,0.0,20,22660,卖盘
10:01:28,11.33,0.0,20,22660,卖盘
10:01:31,11.33,0.0,78,88374,卖盘
10:01:34,11.33,0.0,10,11330,卖盘
10:01:37,11.33,0.0,410,464530,卖盘
10:01:40,11.33,0.0,72,81576,卖盘
10:01:46,11.33,0.0,10,11330,卖盘
10:01:49,11.33,0.0,5,5665,卖盘
10:01:52,11.33,0.0,20,22660,卖盘
10:01:55,11.33,0.0,47,53251,卖盘
10:01:58,11.33,0.0,9,10197,卖盘
10:02:01,11.33,0.0,11,12463,卖盘
10:02:04,11.33,0.0,71,80443,卖盘
10:02:07,11.33,0.0,17,19261,卖盘
10:02:13,11.33,0.0,11,12463,卖盘
10:02:16,11.33,0.0,100,113300,卖盘
10:02:19,11.33,0.0,10,11330,卖盘
10:02:22,11.33,0.0,3,3399,卖盘
10:02:25,11.33,0.0,5,5665,卖盘
10:02:28,11.33,0.0,11,12463,卖盘
10:02:34,11.33,0.0,6,6798,卖盘
10:02:40,11.33,0.0,15,16995,卖盘
10:02:43,11.33,0.0,102,115566,卖盘
10:02:46,11.33,0.0,6,6798,卖盘
10:02:49,11.33,0.0,33,37389,卖盘
10:03:01,11.33,0.0,20,22660,卖盘
10:03:07,11.33,0.0,1,1133,卖盘
10:03:10,11.33,0.0,17,19261,卖盘
10:03:16,11.33,0.0,130,147290,卖盘
10:03:19,11.33,0.0,36,40788,卖盘
10:03:22,11.33,0.0,51,57783,卖盘
10:03:28,11.33,0.0,22,24926,卖盘
10:03:31,11.33,0.0,20,22660,卖盘
10:03:34,11.33,0.0,318,360294,卖盘
10:03:40,11.33,0.0,342,387486,卖盘
10:03:43,11.33,0.0,21,23793,卖盘
10:03:46,11.33,0.0,614,695662,卖盘
10:03:49,11.33,0.0,12,13596,卖盘
10:03:52,11.33,0.0,13,14729,卖盘
10:03:58,11.33,0.0,16,18128,卖盘
10:04:01,11.33,0.0,111,125763,卖盘
10:04:04,11.33,0.0,11,12463,卖盘
10:04:07,11.33,0.0,20,22660,卖盘
10:04:10,11.33,0.0,44,49852,卖盘
10:04:13,11.33,0.0,3,3399,卖盘
10:04:16,11.33,0.0,81,91773,卖盘
10:04:19,11.33,0.0,3,3399,卖盘
10:04:22,11.33,0.0,17,19261,卖盘
10:04:25,11.33,0.0,58,65714,卖盘
10:04:28,11.33,0.0,52,58916,卖盘
10:04:31,11.33,0.0,35,39655,卖盘
10:04:34,11.33,0.0,76,86108,卖盘
10:04:40,11.33,0.0,200,226600,卖盘
10:04:43,11.33,0.0,18,20394,卖盘
10:04:46,11.33,0.0,54,61182,卖盘
10:04:49,11.33,0.0,268,303644,卖盘
10:04:52,11.33,0.0,54,61182,卖盘
10:04:55,11.33,0.0,60,67980,卖盘
10:04:58,11.33,0.0,47,53251,卖盘
10:05:01,11.33,0.0,29,32857,卖盘
10:05:04,11.33,0.0,73,82709,卖盘
10:05:07,11.33,0.0,32,36256,卖盘
10:05:10,11.33,0.0,9,10197,卖盘
10:05:16,11.33,0.0,1,1133,卖盘
10:05:19,11.33,0.0,3,3399,卖盘
10:05:22,11.33,0.0,58,65714,卖盘
10:05:25,11.33,0.0,10,11330,卖盘
10:05:34,11.33,0.0,24,27192,卖盘
10:05:40,11.33,0.0,22,24926,卖盘
10:05:46,11.33,0.0,5,5665,卖盘
10:05:49,11.33,0.0,6,6798,卖盘
10:05:52,11.33,0.0,6,6798,卖盘
10:05:55,11.33,0.0,21,23793,卖盘
10:05:58,11.33,0.0,14,15862,卖盘
10:06:01,11.33,0.0,1,1133,卖盘
10:06:04,11.33,0.0,12,13596,卖盘
10:06:07,11.33,0.0,16,18128,卖盘
10:06:10,11.33,0.0,34,38522,卖盘
10:06:13,11.33,0.0,17,19261,卖盘
10:06:22,11.33,0.0,20,22660,卖盘
10:06:25,11.33,0.0,1,1133,卖盘
10:06:31,11.33,0.0,13,14729,卖盘
10:06:43,11.33,0.0,8,9064,卖盘
10:06:46,11.33,0.0,103,116699,卖盘
10:06:52,11.33,0.0,10,11330,卖盘
10:06:55,11.33,0.0,20,22660,卖盘
10:06:58,11.33,0.0,17,19261,卖盘
10:07:01,11.33,0.0,5,5665,卖盘
10:07:07,11.33,0.0,1,1133,卖盘
10:07:10,11.33,0.0,1,1133,卖盘
10:07:13,11.33,0.0,135,152955,卖盘
10:07:25,11.33,0.0,6,6798,卖盘
10:07:28,11.33,0.0,1,1133,卖盘
10:07:31,11.33,0.0,11,12463,卖盘
10:07:34,11.33,0.0,35,39655,卖盘
10:07:37,11.33,0.0,32,36256,卖盘
10:07:40,11.33,0.0,35,39655,卖盘
10:07:49,11.33,0.0,3,3399,卖盘
10:07:52,11.33,0.0,6,6798,卖盘
10:07:58,11.33,0.0,13,14729,卖盘
10:08:04,11.33,0.0,31,35123,卖盘
10:08:07,11.33,0.0,17,19261,卖盘
10:08:10,11.33,0.0,13,14729,卖盘
10:08:16,11.33,0.0,1,1133,卖盘
10:08:19,11.33,0.0,203,229999,卖盘
10:08:25,11.33,0.0,12,13596,卖盘
10:08:28,11.33,0.0,57,64581,卖盘
10:08:31,11.33,0.0,4,4532,卖盘
10:08:34,11.33,0.0,87,98571,卖盘
10:08:37,11.33,0.0,1,1133,卖盘
10:08:40,11.33,0.0,681,771573,卖盘
10:08:43,11.33,0.0,2,2266,卖盘
10:08:49,11.33,0.0,93,105369,卖盘
10:08:52,11.33,0.0,322,364826,卖盘
10:08:55,11.33,0.0,57,64581,卖盘
10:08:58,11.33,0.0,4,4532,卖盘
10:09:01,11.33,0.0,3,3399,卖盘
10:09:07,11.33,0.0,20,22660,卖盘
10:09:10,11.33,0.0,156,176748,卖盘
10:09:13,11.33,0.0,45,50985,卖盘
10:09:16,11.33,0.0,3,3399,卖盘
10:09:19,11.33,0.0,3,3399,卖盘
10:09:22,11.33,0.0,9,10197,卖盘
10:09:25,11.33,0.0,53,60049,卖盘
10:09:28,11.33,0.0,10,11330,卖盘
10:09:31,11.33,0.0,189,214137,卖盘
10:09:37,11.33,0.0,227,257191,卖盘
10:09:43,11.33,0.0,133,150689,卖盘
10:09:46,11.33,0.0,17,19261,卖盘
10:09:49,11.33,0.0,19,21527,卖盘
10:09:52,11.33,0.0,1,1133,卖盘
10:09:55,11.33,0.0,30,33990,卖盘
10:09:58,11.33,0.0,19,21527,卖盘
10:10:01,11.33,0.0,27,30591,卖盘
10:10:04,11.33,0.0,164,185812,卖盘
10:10:07,11.33,0.0,70,79310,卖盘
10:10:10,11.33,0.0,59,66847,卖盘
10:10:13,11.33,0.0,15,16995,卖盘
10:10:16,11.33,0.0,219,248127,卖盘
10:10:19,11.33,0.0,64,72512,卖盘
10:10:22,11.33,0.0,19,21527,卖盘
10:10:25,11.33,0.0,83,94039,卖盘
10:10:28,11.33,0.0,1,1133,卖盘
10:10:31,11.33,0.0,2,2266,卖盘
10:10:37,11.33,0.0,12,13596,卖盘
10:10:46,11.33,0.0,31,35123,卖盘
10:10:49,11.33,0.0,22,24926,卖盘
10:10:52,11.33,0.0,26,29458,卖盘
10:10:55,11.33,0.0,45,50985,卖盘
10:10:58,11.33,0.0,5,5665,卖盘
10:11:10,11.33,0.0,5,5665,卖盘
10:11:16,11.33,0.0,91,103103,卖盘
10:11:22,11.33,0.0,22,24926,卖盘
10:11:25,11.33,0.0,40,45320,卖盘
10:11:34,11.33,0.0,9,10197,卖盘
10:11:40,11.33,0.0,13,14729,卖盘
10:11:43,11.33,0.0,10,11330,卖盘
10:11:46,11.33,0.0,8,9064,卖盘
10:11:49,11.33,0.0,200,226600,卖盘
10:11:52,11.33,0.0,21,23793,卖盘
10:11:55,11.33,0.0,73,82709,卖盘
10:12:01,11.33,0.0,7,7931,卖盘
10:12:10,11.33,0.0,1,1133,卖盘
10:12:16,11.33,0.0,2,2266,卖盘
10:12:19,11.33,0.0,4,4532,卖盘
10:12:25,11.33,0.0,1,1133,卖盘
10:12:28,11.33,0.0,21,23793,卖盘
10:12:31,11.33,0.0,57,64581,卖盘
10:12:40,11.33,0.0,20,22660,卖盘
10:12:49,11.33,0.0,1,1133,卖盘
10:12:52,11.33,0.0,109,123497,卖盘
10:12:55,11.33,0.0,10,11330,卖盘
10:12:58,11.33,0.0,11,12463,卖盘
10:13:04,11.33,0.0,23,26059,卖盘
10:13:07,11.33,0.0,2,2266,卖盘
10:13:10,11.33,0.0,40,45320,卖盘
10:13:16,11.33,0.0,1,1133,卖盘
10:13:19,11.33,0.0,20,22660,卖盘
10:13:25,11.33,0.0,15,16995,卖盘
10:13:28,11.33,0.0,5,5665,卖盘
10:13:34,11.33,0.0,1,748,卖盘
10:13:37,11.33,0.0,12,13596,卖盘
10:13:40,11.33,0.0,10,11330,卖盘
10:13:46,11.33,0.0,10,11330,卖盘
10:13:52,11.33,0.0,55,62315,卖盘
10:13:58,11.33,0.0,37,41921,卖盘
10:14:01,11.33,0.0,29,32857,卖盘
10:14:07,11.33,0.0,6,6798,卖盘
10:14:10,11.33,0.0,26,29458,卖盘
10:14:13,11.33,0.0,35,39655,卖盘
10:14:16,11.33,0.0,2,2266,卖盘
10:14:22,11.33,0.0,1,1133,卖盘
10:14:25,11.33,0.0,200,226600,卖盘
10:14:31,11.33,0.0,1,1133,卖盘
10:14:34,11.33,0.0,18,20394,卖盘
10:14:37,11.33,0.0,2,2266,卖盘
10:14:40,11.33,0.0,10,11330,卖盘
10:14:49,11.33,0.0,2,2266,卖盘
10:15:01,11.33,0.0,37,41921,卖盘
10:15:07,11.33,0.0,16,18128,卖盘
10:15:13,11.33,0.0,47,53251,卖盘
10:15:16,11.33,0.0,2,2266,卖盘
10:15:19,11.33,0.0,108,122364,卖盘
10:15:22,11.33,0.0,30,33990,卖盘
10:15:25,11.33,0.0,27,30591,卖盘
10:15:28,11.33,0.0,34,38522,卖盘
10:15:31,11.33,0.0,41,46453,卖盘
10:15:34,11.33,0.0,10,11330,卖盘
10:15:37,11.33,0.0,5,5665,卖盘
10:15:40,11.33,0.0,43,48719,卖盘
10:15:43,11.33,0.0,58,65714,卖盘
10:15:46,11.33,0.0,1,1133,卖盘
10:15:55,11.33,0.0,80,90640,卖盘
10:15:58,11.33,0.0,20,22660,卖盘
10:16:01,11.33,0.0,10,11330,卖盘
10:16:04,11.33,0.0,301,341033,卖盘
10:16:10,11.33,0.0,300,339900,卖盘
10:16:13,11.33,0.0,3,3399,卖盘
10:16:16,11.33,0.0,144,163152,卖盘
10:16:19,11.33,0.0,12,13596,卖盘
10:16:22,11.33,0.0,34,38522,卖盘
10:16:25,11.33,0.0,25,28325,卖盘
10:16:31,11.33,0.0,104,117832,卖盘
10:16:34,11.33,0.0,42,47586,卖盘
10:16:40,11.33,0.0,10,11330,卖盘
10:16:43,11.33,0.0,5,5665,卖盘
10:16:46,11.33,0.0,4,4532,卖盘
10:17:01,11.33,0.0,23,26059,卖盘
10:17:04,11.33,0.0,2,2266,卖盘
10:17:16,11.33,0.0,1,1133,卖盘
10:17:25,11.33,0.0,10,11330,卖盘
10:17:28,11.33,0.0,2,2266,卖盘
10:17:31,11.33,0.0,12,13596,卖盘
10:17:34,11.33,0.0,5,5665,卖盘
10:17:40,11.33,0.0,10,11330,卖盘
10:17:43,11.33,0.0,63,71379,卖盘
10:17:46,11.33,0.0,1,1133,卖盘
10:17:49,11.33,0.0,149,168817,卖盘
10:17:58,11.33,0.0,60,67980,卖盘
10:18:04,11.33,0.0,17,19261,卖盘
10:18:10,11.33,0.0,1,1133,卖盘
10:18:13,11.33,0.0,81,91773,卖盘
10:18:19,11.33,0.0,2,2266,卖盘
10:18:22,11.33,0.0,3,3399,卖盘
10:18:25,11.33,0.0,10,11330,卖盘
10:18:28,11.33,0.0,30,33990,卖盘
10:18:31,11.33,0.0,25,28325,卖盘
10:18:34,11.33,0.0,9,10197,卖盘
10:18:40,11.33,0.0,11,12463,卖盘
10:18:43,11.33,0.0,136,154088,卖盘
10:18:46,11.33,0.0,67,75911,卖盘
10:18:52,11.33,0.0,2,2266,卖盘
10:18:55,11.33,0.0,20,22660,卖盘
10:18:58,11.33,0.0,17,19261,卖盘
10:19:01,11.33,0.0,63,71379,卖盘
10:19:04,11.33,0.0,11,12463,卖盘
10:19:10,11.33,0.0,15,16995,卖盘
10:19:19,11.33,0.0,98,111034,卖盘
10:19:22,11.33,0.0,1,1133,卖盘
10:19:28,11.33,0.0,24,27192,卖盘
10:19:31,11.33,0.0,35,39655,卖盘
10:19:37,11.33,0.0,6,6798,卖盘
10:19:43,11.33,0.0,11,12463,卖盘
10:19:46,11.33,0.0,29,32857,卖盘
10:19:49,11.33,0.0,10,11330,卖盘
10:19:52,11.33,0.0,17,19261,卖盘
10:20:01,11.33,0.0,11,12463,卖盘
10:20:04,11.33,0.0,14,15862,卖盘
10:20:07,11.33,0.0,50,56650,卖盘
10:20:10,11.33,0.0,13,14729,卖盘
10:20:13,11.33,0.0,34,38522,卖盘
10:20:19,11.33,0.0,2,2266,卖盘
10:20:28,11.33,0.0,20,22660,卖盘
10:20:31,11.33,0.0,3,3399,卖盘
10:20:40,11.33,0.0,68,77044,卖盘
10:20:46,11.33,0.0,19,21527,卖盘
10:21:04,11.33,0.0,2,2266,卖盘
10:21:10,11.33,0.0,6,6798,卖盘
10:21:13,11.33,0.0,6,6798,卖盘
10:21:16,11.33,0.0,23,26059,卖盘
10:21:19,11.33,0.0,6,6798,卖盘
10:21:22,11.33,0.0,24,27192,卖盘
10:21:25,11.33,0.0,19,21527,卖盘
10:21:34,11.33,0.0,3,3399,卖盘
10:21:40,11.33,0.0,38,43054,卖盘
10:21:46,11.33,0.0,6,6798,卖盘
10:21:49,11.33,0.0,1,1133,卖盘
10:21:52,11.33,0.0,15,16995,卖盘
10:21:55,11.33,0.0,9,10197,卖盘
10:21:58,11.33,0.0,5,5665,卖盘
10:22:01,11.33,0.0,208,235664,卖盘
10:22:07,11.33,0.0,34,38522,卖盘
10:22:10,11.33,0.0,553,626549,卖盘
10:22:13,11.33,0.0,478,541574,卖盘
10:22:16,11.33,0.0,51,57783,卖盘
10:22:19,11.33,0.0,2510,2843830,卖盘
10:22:22,11.33,0.0,481,544973,卖盘
10:22:25,11.33,0.0,611,692263,卖盘
10:22:28,11.33,0.0,176,199408,卖盘
10:22:31,11.33,0.0,1073,1215709,卖盘
10:22:34,11.33,0.0,89,100837,卖盘
10:22:37,11.33,0.0,624,706992,卖盘
10:22:40,11.33,0.0,381,431673,卖盘
10:22:43,11.33,0.0,409,463397,卖盘
10:22:46,11.33,0.0,1641,1859253,卖盘
10:22:49,11.33,0.0,334,378422,卖盘
10:22:52,11.33,0.0,669,757977,卖盘
10:22:55,11.33,0.0,95,107635,卖盘
10:22:58,11.33,0.0,537,608421,卖盘
10:23:01,11.33,0.0,44,49852,卖盘
10:23:04,11.33,0.0,10,11330,卖盘
10:23:07,11.33,0.0,237,268521,卖盘
10:23:10,11.33,0.0,12,13596,卖盘
10:23:13,11.33,0.0,324,367092,卖盘
10:23:16,11.33,0.0,9,10197,卖盘
10:23:22,11.33,0.0,1,1133,卖盘
10:23:28,11.33,0.0,13,14729,卖盘
10:23:31,11.33,0.0,10,11330,卖盘
10:23:34,11.33,0.0,30,33990,卖盘
10:23:37,11.33,0.0,9,10197,卖盘
10:23:40,11.33,0.0,20,22660,卖盘
10:23:46,11.33,0.0,15,16995,卖盘
10:23:49,11.33,0.0,2,2266,卖盘
10:23:52,11.33,0.0,2,2266,卖盘
10:23:55,11.33,0.0,8,9064,卖盘
10:23:58,11.33,0.0,16,18128,卖盘
10:24:01,11.33,0.0,22,24926,卖盘
10:24:04,11.33,0.0,70,79310,卖盘
10:24:13,11.33,0.0,372,421476,卖盘
10:24:19,11.33,0.0,12,13596,卖盘
10:24:22,11.33,0.0,212,240196,卖盘
10:24:25,11.33,0.0,50,56650,卖盘
10:24:28,11.33,0.0,10,11330,卖盘
10:24:31,11.33,0.0,10,11330,卖盘
10:24:40,11.33,0.0,147,166551,卖盘
10:24:43,11.33,0.0,5,5665,卖盘
10:24:46,11.33,0.0,2,2266,卖盘
10:24:49,11.33,0.0,12,13596,卖盘
10:24:52,11.33,0.0,42,47586,卖盘
10:24:55,11.33,0.0,158,179014,卖盘
10:24:58,11.33,0.0,146,165418,卖盘
10:25:01,11.33,0.0,126,142758,卖盘
10:25:04,11.33,0.0,22,24926,卖盘
10:25:07,11.33,0.0,1533,1736889,卖盘
10:25:10,11.33,0.0,401,454333,卖盘
10:25:13,11.33,0.0,134,151822,卖盘
10:25:16,11.33,0.0,234,265122,卖盘
10:25:19,11.33,0.0,1157,1310881,卖盘
10:25:22,11.33,0.0,545,617485,卖盘
10:25:25,11.33,0.0,218,246994,卖盘
10:25:28,11.33,0.0,182,206206,卖盘
10:25:31,11.33,0.0,249,282117,卖盘
10:25:34,11.33,0.0,719,814627,卖盘
10:25:37,11.33,0.0,167,189211,卖盘
10:25:40,11.33,0.0,600,679800,卖盘
10:25:43,11.33,0.0,205,232265,卖盘
10:25:46,11.33,0.0,1074,1216842,卖盘
10:25:49,11.33,0.0,1228,1391324,卖盘
10:25:52,11.33,0.0,1380,1563540,卖盘
10:25:55,11.33,0.0,1139,1290487,卖盘
10:25:58,11.33,0.0,555,628815,卖盘
10:26:01,11.33,0.0,522,591426,卖盘
10:26:04,11.33,0.0,1152,1305216,卖盘
10:26:07,11.33,0.0,1325,1501225,卖盘
10:26:10,11.33,0.0,9676,10962908,卖盘
10:26:13,11.33,0.0,11082,12555906,卖盘
10:26:16,11.26,-0.07,8486,9611483,卖盘
10:26:19,11.2,-0.06,3833,4299460,卖盘
10:26:22,11.17,-0.03,572,639587,卖盘
10:26:25,11.16,-0.01,456,508964,卖盘
10:26:28,11.15,-0.01,2108,2352720,卖盘
10:26:31,11.15,0.0,1088,1211849,卖盘
10:26:34,11.11,-0.04,1124,1251681,中性盘
10:26:37,11.08,-0.03,940,1044247,卖盘
10:26:40,11.04,-0.04,1702,1879988,卖盘
10:26:43,11.02,-0.02,943,1040404,卖盘
10:26:46,11.0,-0.02,1950,2148439,卖盘
10:26:49,11.0,0.0,2609,2871873,卖盘
10:26:52,11.0,0.0,2314,2544478,卖盘
10:26:55,11.0,0.0,788,866237,买盘
10:26:58,10.96,-0.04,1618,1775102,卖盘
10:27:01,10.93,-0.03,1303,1427995,卖盘
10:27:04,10.97,0.04,1966,2153866,买盘
10:27:07,10.99,0.02,1731,1901774,买盘
10:27:10,11.02,0.03,3366,3706108,买盘
10:27:13,11.02,0.0,1137,1255472,卖盘
10:27:16,11.06,0.04,914,1010934,买盘
10:27:19,11.1,0.04,611,677804,买盘
10:27:22,11.13,0.03,299,332366,买盘
10:27:25,11.15,0.02,645,718888,买盘
10:27:28,11.19,0.04,1030,1149585,买盘
10:27:31,11.2,0.01,1000,1117925,买盘
10:27:34,11.26,0.06,554,622792,买盘
10:27:37,11.24,-0.02,4126,4630099,卖盘
10:27:40,11.19,-0.05,2809,3151961,卖盘
10:27:43,11.18,-0.01,1627,1820530,中性盘
10:27:46,11.13,-0.05,996,1109991,卖盘
10:27:49,11.15,0.02,1732,1926751,买盘
10:27:52,11.05,-0.1,1031,1144339,卖盘
10:27:55,11.06,0.01,780,864329,买盘
10:27:58,11.04,-0.02,1398,1545756,卖盘
10:28:01,11.06,0.02,1333,1472287,买盘
10:28:04,11.05,-0.01,664,732943,买盘
10:28:07,11.03,-0.02,1530,1686654,卖盘
10:28:10,11.0,-0.03,3640,4009963,卖盘
10:28:13,11.0,0.0,1041,1146837,买盘
10:28:16,10.98,-0.02,968,1063560,卖盘
10:28:19,10.95,-0.03,584,641351,卖盘
10:28:22,10.95,0.0,623,683076,卖盘
10:28:25,10.94,-0.01,631,690849,卖盘
10:28:28,10.93,-0.01,2226,2435608,卖盘
10:28:31,10.92,-0.01,609,665460,卖盘
10:28:34,10.9,-0.02,1423,1552734,卖盘
10:28:37,10.9,0.0,666,726007,卖盘
10:28:40,10.89,-0.01,697,758833,买盘
10:28:43,10.88,-0.01,1926,2096535,卖盘
10:28:46,10.88,0.0,963,1046827,卖盘
10:28:49,10.87,-0.01,609,661714,中性盘
10:28:52,10.83,-0.04,784,849726,卖盘
10:28:55,10.85,0.02,1245,1348981,买盘
10:28:58,10.88,0.03,2224,2417133,买盘
10:29:01,10.9,0.02,1770,1925657,买盘
10:29:04,10.9,0.0,1572,1713468,买盘
10:29:07,10.93,0.03,672,733349,买盘
10:29:10,10.96,0.03,1443,1577676,买盘
10:29:13,10.99,0.03,298,326964,买盘
10:29:16,11.0,0.01,408,448599,买盘
10:29:19,11.09,0.09,928,1023603,买盘
10:29:22,11.1,0.01,910,1009216,买盘
10:29:25,11.14,0.04,1160,1291389,买盘
10:29:28,11.15,0.01,689,767981,买盘
10:29:31,11.19,0.04,706,787508,买盘
10:29:34,11.19,0.0,476,532432,买盘
10:29:37,11.19,0.0,619,692650,买盘
10:29:40,11.2,0.01,493,552473,买盘
10:29:43,11.2,0.0,906,1014939,卖盘
10:29:46,11.16,-0.04,2394,2676230,卖盘
10:29:49,11.14,-0.02,2455,2736633,卖盘
10:29:52,11.1,-0.04,891,988725,卖盘
10:29:55,11.04,-0.06,150,165778,卖盘
10:29:58,11.0,-0.04,449,495135,卖盘
10:30:01,10.99,-0.01,683,751305,卖盘
10:30:04,11.0,0.01,910,1000317,买盘
10:30:07,10.97,-0.03,578,634590,卖盘
10:30:10,10.99,0.02,642,704703,买盘
10:30:13,10.96,-0.03,640,701956,卖盘
10:30:16,10.99,0.03,2002,2197433,买盘
10:30:19,10.95,-0.04,1461,1603385,卖盘
10:30:22,10.95,0.0,929,1019281,买盘
10:30:25,11.0,0.05,681,746721,买盘
10:30:28,11.0,0.0,1372,1507610,买盘
10:30:31,11.01,0.01,271,298305,买盘
10:30:34,11.01,0.0,279,307225,卖盘
10:30:37,11.03,0.02,369,406867,买盘
10:30:40,11.05,0.02,486,536723,买盘
10:30:43,11.07,0.02,308,341134,买盘
10:30:46,11.08,0.01,280,310528,中性盘
10:30:49,11.11,0.03,729,808432,买盘
10:30:52,11.1,-0.01,335,372052,卖盘
10:30:55,11.13,0.03,371,412351,买盘
10:30:58,11.13,0.0,760,846572,买盘
10:31:01,11.15,0.02,839,934767,买盘
10:31:04,11.15,0.0,633,705259,买盘
10:31:07,11.16,0.01,370,412605,买盘
10:31:10,11.16,0.0,967,1078294,买盘
10:31:13,11.15,-0.01,1097,1223614,卖盘
10:31:16,11.11,-0.04,2002,2226989,卖盘
10:31:19,11.07,-0.04,1202,1333962,卖盘
10:31:22,11.08,0.01,426,471744,中性盘
10:31:25,11.06,-0.02,447,493740,卖盘
10:31:28,11.02,-0.04,92,101518,卖盘
10:31:31,11.01,-0.01,533,587243,卖盘
10:31:34,11.0,-0.01,464,510647,卖盘
10:31:37,11.0,0.0,496,545609,卖盘
10:31:40,10.99,-0.01,237,260502,卖盘
10:31:43,11.0,0.01,531,583939,买盘
10:31:46,10.98,-0.02,357,391794,卖盘
10:31:49,10.98,0.0,467,512776,买盘
10:31:52,10.99,0.01,620,681482,买盘
10:31:55,10.99,0.0,934,1026406,卖盘
10:31:58,11.01,0.02,1003,1103115,买盘
10:32:01,11.0,-0.01,1110,1222146,卖盘
10:32:04,11.02,0.02,590,649640,买盘
10:32:07,11.03,0.01,277,305091,买盘
10:32:10,11.05,0.02,126,139042,买盘
10:32:13,11.06,0.01,272,300291,买盘
10:32:16,11.06,0.0,740,818297,买盘
10:32:19,11.06,0.0,135,149377,卖盘
10:32:22,11.07,0.01,162,179348,买盘
10:32:25,11.07,0.0,157,173799,卖盘
10:32:28,11.1,0.03,302,334720,买盘
10:32:31,11.1,0.0,696,772354,买盘
10:32:34,11.1,0.0,383,424667,买盘
10:32:37,11.1,0.0,914,1014437,买盘
10:32:40,11.1,0.0,639,708559,买盘
10:32:43,11.1,0.0,605,671340,卖盘
10:32:46,11.1,0.0,1002,1112228,卖盘
10:32:49,11.09,-0.01,822,911142,卖盘
10:32:52,11.08,-0.01,734,813919,卖盘
10:32:55,11.07,-0.01,899,995676,卖盘
10:32:58,11.02,-0.05,697,769739,卖盘
10:33:01,11.02,0.0,51,56345,卖盘
10:33:04,11.02,0.0,260,286682,卖盘
10:33:07,11.02,0.0,280,308406,买盘
10:33:10,11.01,-0.01,511,562458,卖盘
10:33:13,11.01,0.0,413,454683,买盘
10:33:16,11.0,-0.01,1014,1115272,卖盘
10:33:19,11.0,0.0,456,501616,买盘
10:33:22,10.99,-0.01,260,285887,卖盘
10:33:25,10.98,-0.01,728,800475,卖盘
10:33:28,10.99,0.01,291,319928,卖盘
10:33:31,10.99,0.0,388,426352,卖盘
10:33:34,10.98,-0.01,506,555922,卖盘
10:33:37,10.97,-0.01,627,688117,卖盘
10:33:40,10.96,-0.01,267,292913,卖盘
10:33:43,10.97,0.01,229,251108,中性盘
10:33:46,10.97,0.0,323,354253,卖盘
10:33:49,10.97,0.0,567,622290,卖盘
10:33:52,10.97,0.0,417,457321,买盘
10:33:55,10.97,0.0,627,687458,卖盘
10:33:58,10.97,0.0,282,309408,卖盘
10:34:01,10.98,0.01,210,230544,买盘
10:34:04,10.98,0.0,114,125172,卖盘
10:34:07,10.99,0.01,1457,1600726,买盘
10:34:10,11.01,0.02,1954,2150362,买盘
10:34:13,11.02,0.01,417,459314,买盘
10:34:16,11.03,0.01,176,194161,买盘
10:34:19,11.05,0.02,501,553599,买盘
10:34:22,11.07,0.02,100,110589,买盘
10:34:25,11.08,0.01,373,412990,买盘
10:34:28,11.09,0.01,215,238262,买盘
10:34:31,11.08,-0.01,253,280561,卖盘
10:34:34,11.1,0.02,1322,1466871,买盘
10:34:37,11.1,0.0,452,501466,买盘
10:34:40,11.09,-0.01,435,482820,卖盘
10:34:43,11.1,0.01,453,502611,买盘
10:34:46,11.1,0.0,382,423993,买盘
10:34:49,11.11,0.01,816,905859,买盘
10:34:52,11.1,-0.01,241,267581,卖盘
10:34:55,11.12,0.02,487,541019,买盘
10:34:58,11.12,0.0,473,525429,买盘
10:35:01,11.1,-0.02,476,528774,卖盘
10:35:04,11.09,-0.01,1342,1490557,卖盘
10:35:07,11.09,0.0,342,379326,卖盘
10:35:10,11.08,-0.01,649,719356,卖盘
10:35:13,11.08,0.0,877,969748,买盘
10:35:16,11.05,-0.03,66,72866,中性盘
10:35:19,11.03,-0.02,184,203216,卖盘
10:35:22,11.01,-0.02,183,201651,卖盘
10:35:25,11.01,0.0,217,239049,卖盘
10:35:28,11.02,0.01,755,831529,买盘
10:35:31,11.0,-0.02,268,294719,卖盘
10:35:34,11.01,0.01,286,314825,买盘
10:35:37,11.02,0.01,476,524115,买盘
10:35:40,11.03,0.01,207,228014,买盘
10:35:43,11.0,-0.03,585,643710,卖盘
10:35:46,11.02,0.02,330,363129,买盘
10:35:49,11.0,-0.02,200,220201,卖盘
10:35:52,11.0,0.0,394,433617,卖盘
10:35:55,11.0,0.0,899,989227,卖盘
10:35:58,11.01,0.01,74,81449,买盘
10:36:01,11.01,0.0,918,1010637,买盘
10:36:04,11.02,0.01,294,323825,买盘
10:36:07,11.02,0.0,587,647116,卖盘
10:36:10,11.01,-0.01,514,566279,卖盘
10:36:13,11.04,0.03,341,376368,买盘
10:36:16,11.03,-0.01,97,106991,卖盘
10:36:19,11.04,0.01,140,154524,买盘
10:36:22,11.05,0.01,204,225160,买盘
10:36:25,11.05,0.0,626,691006,买盘
10:36:28,11.05,0.0,244,269440,买盘
10:36:31,11.05,0.0,194,214367,买盘
10:36:34,11.05,0.0,366,404280,卖盘
10:36:37,11.05,0.0,360,397809,卖盘
10:36:40,11.05,0.0,324,358054,卖盘
10:36:43,11.05,0.0,135,149175,买盘
10:36:46,11.04,-0.01,129,142074,卖盘
10:36:52,11.03,-0.01,44,48560,中性盘
10:36:55,11.02,-0.01,362,398930,卖盘
10:36:58,11.01,-0.01,357,393590,卖盘
10:37:01,11.01,0.0,209,230079,卖盘
10:37:04,11.01,0.0,330,363372,买盘
10:37:07,11.01,0.0,317,348781,买盘
10:37:10,11.02,0.01,669,736749,买盘
10:37:13,11.03,0.01,320,352688,买盘
10:37:16,11.04,0.01,225,248087,买盘
10:37:19,11.03,-0.01,255,281291,卖盘
10:37:22,11.04,0.01,404,445711,买盘
10:37:25,11.02,-0.02,114,125720,卖盘
10:37:28,11.03,0.01,319,351794,买盘
10:37:31,11.03,0.0,369,406957,买盘
10:37:34,11.03,0.0,488,538065,买盘
10:37:37,11.03,0.0,341,376223,卖盘
10:37:40,11.04,0.01,103,113637,买盘
10:37:43,11.03,-0.01,102,112534,卖盘
10:37:46,11.04,0.01,172,189793,买盘
10:37:49,11.03,-0.01,571,630473,卖盘
10:37:52,11.04,0.01,129,142417,买盘
10:37:55,11.04,0.0,102,112658,卖盘
10:37:58,11.02,-0.02,350,385858,卖盘
10:38:01,11.04,0.02,219,241747,买盘
10:38:04,11.02,-0.02,1249,1376598,卖盘
10:38:07,11.02,0.0,125,137703,买盘
10:38:10,11.02,0.0,152,167491,买盘
10:38:13,11.02,0.0,142,156366,买盘
10:38:16,11.01,-0.01,1526,1681020,卖盘
10:38:19,11.01,0.0,120,132120,买盘
10:38:22,11.0,-0.01,243,267391,卖盘
10:38:25,11.0,0.0,345,379550,卖盘
10:38:28,11.0,0.0,549,603989,卖盘
10:38:31,11.0,0.0,188,206814,卖盘
10:38:34,11.0,0.0,177,194685,买盘
10:38:37,10.99,-0.01,350,384851,卖盘
10:38:40,11.01,0.02,807,887649,买盘
10:38:43,11.0,-0.01,262,288201,卖盘
10:38:46,11.0,0.0,98,107813,卖盘
10:38:49,11.0,0.0,948,1043340,卖盘
10:38:52,11.0,0.0,343,377312,卖盘
10:38:55,11.0,0.0,333,366371,卖盘
10:38:58,10.99,-0.01,243,267297,卖盘
10:39:01,11.0,0.01,47,51700,买盘
10:39:04,11.0,0.0,462,508083,买盘
10:39:07,10.99,-0.01,141,155086,卖盘
10:39:10,10.99,0.0,203,223203,卖盘
10:39:13,10.99,0.0,196,215506,卖盘
10:39:16,10.99,0.0,646,710082,卖盘
10:39:19,10.98,-0.01,48,52734,卖盘
10:39:22,10.98,0.0,192,210963,卖盘
10:39:25,10.99,0.01,184,202065,买盘
10:39:28,10.98,-0.01,347,381269,卖盘
10:39:31,10.98,0.0,32,35149,卖盘
10:39:34,11.0,0.02,177,194534,买盘
10:39:37,10.99,-0.01,179,196576,买盘
10:39:40,10.99,0.0,217,238403,买盘
10:39:43,11.0,0.01,333,366015,买盘
10:39:46,10.99,-0.01,189,207569,卖盘
10:39:49,11.0,0.01,88,96639,买盘
10:39:52,10.99,-0.01,67,73624,卖盘
10:39:55,10.99,0.0,91,99998,买盘
10:39:58,10.98,-0.01,392,430418,卖盘
10:40:01,10.99,0.01,205,225277,买盘
10:40:04,10.98,-0.01,353,387760,卖盘
10:40:07,10.97,-0.01,482,528795,卖盘
10:40:10,10.98,0.01,44,48311,买盘
10:40:13,10.98,0.0,229,251395,买盘
10:40:16,10.97,-0.01,315,345625,卖盘
10:40:19,10.96,-0.01,22,24128,卖盘
10:40:22,10.96,0.0,189,207241,卖盘
10:40:25,10.96,0.0,218,239003,卖盘
10:40:28,10.96,0.0,749,820772,卖盘
10:40:31,10.95,-0.01,121,132511,卖盘
10:40:34,10.96,0.01,887,971544,买盘
10:40:37,10.94,-0.02,267,292330,卖盘
10:40:40,10.95,0.01,92,100687,买盘
10:40:43,10.95,0.0,151,165236,买盘
10:40:46,10.95,0.0,485,530869,买盘
10:40:49,10.94,-0.01,139,152096,买盘
10:40:52,10.94,0.0,648,709082,卖盘
10:40:55,10.94,0.0,148,161955,卖盘
10:40:58,10.94,0.0,677,741058,卖盘
10:41:01,10.92,-0.02,359,392650,卖盘
10:41:04,10.94,0.02,286,312723,中性盘
10:41:07,10.95,0.01,684,749296,卖盘
10:41:10,10.96,0.01,200,218904,买盘
10:41:13,10.95,-0.01,88,96362,卖盘
10:41:16,10.95,0.0,251,274856,买盘
10:41:19,10.95,0.0,461,505007,卖盘
10:41:22,10.95,0.0,371,406246,卖盘
10:41:25,10.95,0.0,276,302412,卖盘
10:41:28,10.96,0.01,266,291367,卖盘
10:41:31,10.95,-0.01,132,144608,卖盘
10:41:34,10.97,0.02,98,107361,买盘
10:41:37,10.96,-0.01,142,155537,中性盘
10:41:40,10.97,0.01,127,139237,买盘
10:41:43,10.97,0.0,232,254282,买盘
10:41:46,10.97,0.0,98,107506,卖盘
10:41:49,10.98,0.01,44,48276,买盘
10:41:52,10.97,-0.01,106,116299,卖盘
10:41:55,10.97,0.0,39,42776,买盘
10:41:58,10.97,0.0,204,223788,买盘
10:42:01,10.97,0.0,47,51549,买盘
10:42:04,10.97,0.0,244,267555,买盘
10:42:07,10.97,0.0,240,263183,卖盘
10:42:10,10.97,0.0,77,84480,买盘
10:42:13,10.97,0.0,180,197382,卖盘
10:42:16,10.98,0.01,468,513304,买盘
10:42:19,10.97,-0.01,44,48290,卖盘
10:42:22,10.98,0.01,239,262424,买盘
10:42:25,10.98,0.0,28,30744,卖盘
10:42:28,10.99,0.01,126,138355,买盘
10:42:31,10.99,0.0,99,108740,买盘
10:42:34,10.98,-0.01,147,161434,卖盘
10:42:37,10.98,0.0,185,203281,卖盘
10:42:40,10.99,0.01,218,239490,买盘
10:42:43,10.99,0.0,105,115305,买盘
10:42:46,10.99,0.0,228,250509,买盘
10:42:49,10.98,-0.01,125,137328,卖盘
10:42:52,10.99,0.01,213,233983,买盘
10:42:55,10.99,0.0,365,400817,买盘
10:42:58,10.99,0.0,631,693201,买盘
10:43:01,10.99,0.0,27,29673,卖盘
10:43:04,11.0,0.01,193,212121,买盘
10:43:07,11.0,0.0,338,371789,买盘
10:43:10,11.0,0.0,26,28600,买盘
10:43:13,11.0,0.0,85,93490,买盘
10:43:16,11.0,0.0,104,114400,买盘
10:43:19,10.99,-0.01,58,63786,卖盘
10:43:22,11.0,0.01,51,56099,买盘
10:43:25,11.0,0.0,63,69300,买盘
10:43:28,11.0,0.0,108,118797,买盘
10:43:31,11.0,0.0,36,39600,买盘
10:43:34,11.0,0.0,117,128673,买盘
10:43:37,11.0,0.0,25,27500,买盘
10:43:40,11.0,0.0,57,62700,买盘
10:43:43,10.99,-0.01,176,193570,卖盘
10:43:46,11.0,0.01,70,76993,买盘
10:43:49,11.0,0.0,160,175991,买盘
10:43:52,11.0,0.0,302,332183,买盘
10:43:55,11.0,0.0,63,69504,买盘
10:43:58,11.0,0.0,118,129750,买盘
10:44:01,10.99,-0.01,422,464150,卖盘
10:44:04,11.0,0.01,62,68179,买盘
10:44:07,10.99,-0.01,237,260550,卖盘
10:44:10,10.99,0.0,396,435212,卖盘
10:44:13,10.99,0.0,140,153900,卖盘
10:44:16,11.0,0.01,1462,1608032,买盘
10:44:19,10.99,-0.01,353,388007,卖盘
10:44:22,10.99,0.0,153,168325,买盘
10:44:25,10.99,0.0,49,54100,买盘
10:44:28,10.99,0.0,121,133026,卖盘
10:44:31,11.0,0.01,110,120902,买盘
10:44:34,11.0,0.0,409,449302,买盘
10:44:37,10.99,-0.01,61,67039,卖盘
10:44:40,10.99,0.0,154,169245,买盘
10:44:43,10.98,-0.01,117,128532,卖盘
10:44:46,11.0,0.02,411,451740,买盘
10:44:49,10.99,-0.01,115,126370,中性盘
10:44:52,10.99,0.0,27,29663,中性盘
10:44:55,10.99,0.0,220,241750,买盘
10:44:58,10.98,-0.01,274,300879,卖盘
10:45:01,10.98,0.0,151,165926,卖盘
10:45:04,10.99,0.01,346,380254,买盘
10:45:07,10.98,-0.01,42,46130,卖盘
10:45:10,10.99,0.01,31,34069,买盘
10:45:13,10.98,-0.01,100,109793,卖盘
10:45:16,10.97,-0.01,504,553300,卖盘
10:45:19,10.98,0.01,94,103148,买盘
10:45:22,10.96,-0.02,165,180879,卖盘
10:45:25,10.96,0.0,54,59184,买盘
10:45:28,10.95,-0.01,158,173051,卖盘
10:45:31,10.95,0.0,80,87651,卖盘
10:45:34,10.96,0.01,72,78855,中性盘
10:45:37,10.97,0.01,50,54825,买盘
10:45:40,10.96,-0.01,72,78956,卖盘
10:45:43,10.96,0.0,129,141358,卖盘
10:45:46,10.95,-0.01,114,124867,卖盘
10:45:49,10.95,0.0,82,89791,卖盘
10:45:52,10.95,0.0,167,182890,卖盘
10:45:55,10.95,0.0,122,133622,卖盘
10:45:58,10.95,0.0,84,92042,卖盘
10:46:01,10.95,0.0,100,109500,卖盘
10:46:04,10.95,0.0,342,374490,卖盘
10:46:07,10.95,0.0,297,325251,卖盘
10:46:10,10.95,0.0,17,18615,买盘
10:46:13,10.94,-0.01,280,306336,卖盘
10:46:16,10.94,0.0,21,22974,买盘
10:46:19,10.94,0.0,90,98381,买盘
10:46:22,10.94,0.0,94,102758,买盘
10:46:25,10.93,-0.01,642,702077,卖盘
10:46:28,10.92,-0.01,149,162834,卖盘
10:46:31,10.93,0.01,313,341808,买盘
10:46:34,10.92,-0.01,200,218504,卖盘
10:46:37,10.92,0.0,214,233719,卖盘
10:46:40,10.93,0.01,982,1073126,买盘
10:46:43,10.92,-0.01,131,143043,卖盘
10:46:46,10.93,0.01,171,186658,买盘
10:46:49,10.92,-0.01,175,191014,卖盘
10:46:52,10.92,0.0,183,199732,卖盘
10:46:55,10.92,0.0,259,282745,买盘
10:46:58,10.91,-0.01,129,140820,卖盘
10:47:01,10.91,0.0,171,186561,卖盘
10:47:04,10.91,0.0,2407,2623081,卖盘
10:47:07,10.9,-0.01,47,51235,卖盘
10:47:10,10.88,-0.02,106,115410,卖盘
10:47:13,10.88,0.0,87,94663,卖盘
10:47:16,10.88,0.0,934,1016398,卖盘
10:47:19,10.87,-0.01,428,464974,卖盘
10:47:22,10.87,0.0,68,73882,卖盘
10:47:25,10.86,-0.01,158,171554,卖盘
10:47:28,10.85,-0.01,101,109586,卖盘
10:47:31,10.85,0.0,866,939727,卖盘
10:47:34,10.84,-0.01,248,268797,卖盘
10:47:37,10.83,-0.01,118,127774,卖盘
10:47:40,10.82,-0.01,182,196968,卖盘
10:47:43,10.83,0.01,968,1047646,买盘
10:47:46,10.82,-0.01,804,869050,卖盘
10:47:49,10.81,-0.01,439,474792,卖盘
10:47:52,10.8,-0.01,322,347847,卖盘
10:47:55,10.8,0.0,894,965576,卖盘
10:47:58,10.8,0.0,665,718477,卖盘
10:48:01,10.78,-0.02,248,267463,卖盘
10:48:04,10.76,-0.02,91,97998,卖盘
10:48:07,10.74,-0.02,566,609620,卖盘
10:48:10,10.71,-0.03,486,521258,卖盘
10:48:13,10.75,0.04,379,406643,买盘
10:48:16,10.74,-0.01,1212,1301877,卖盘
10:48:19,10.76,0.02,1104,1187468,买盘
10:48:22,10.73,-0.03,354,380628,卖盘
10:48:25,10.75,0.02,613,658607,买盘
10:48:28,10.73,-0.02,275,295439,中性盘
10:48:31,10.74,0.01,84,90210,买盘
10:48:34,10.74,0.0,382,410451,卖盘
10:48:37,10.76,0.02,361,388113,买盘
10:48:40,10.75,-0.01,453,487298,卖盘
10:48:43,10.76,0.01,515,553860,卖盘
10:48:46,10.77,0.01,115,123755,中性盘
10:48:49,10.75,-0.02,444,477742,卖盘
10:48:52,10.77,0.02,462,497340,买盘
10:48:55,10.77,0.0,448,482529,卖盘
10:48:58,10.76,-0.01,338,364055,卖盘
10:49:01,10.79,0.03,301,324413,买盘
10:49:04,10.77,-0.02,1044,1123412,卖盘
10:49:07,10.77,0.0,361,388492,买盘
10:49:10,10.78,0.01,605,651804,买盘
10:49:13,10.78,0.0,1759,1889593,买盘
10:49:16,10.75,-0.03,359,385969,买盘
10:49:19,10.71,-0.04,281,302095,卖盘
10:49:22,10.75,0.04,118,126859,中性盘
10:49:25,10.72,-0.03,152,163305,卖盘
10:49:28,10.74,0.02,153,164087,买盘
10:49:31,10.72,-0.02,162,173639,卖盘
10:49:34,10.69,-0.03,801,857308,卖盘
10:49:37,10.68,-0.01,420,448726,卖盘
10:49:40,10.67,-0.01,193,205882,卖盘
10:49:43,10.67,0.0,603,642678,买盘
10:49:46,10.65,-0.02,191,203603,卖盘
10:49:49,10.62,-0.03,100,106366,卖盘
10:49:52,10.61,-0.01,466,495602,卖盘
10:49:55,10.6,-0.01,245,259831,卖盘
10:49:58,10.6,0.0,197,208844,卖盘
10:50:01,10.6,0.0,818,867016,卖盘
10:50:04,10.59,-0.01,1461,1539458,中性盘
10:50:07,10.58,-0.01,1062,1124109,中性盘
10:50:10,10.56,-0.02,302,319549,卖盘
10:50:13,10.56,0.0,344,363406,卖盘
10:50:16,10.55,-0.01,737,777775,卖盘
10:50:19,10.55,0.0,330,348095,买盘
10:50:22,10.54,-0.01,920,970139,卖盘
10:50:25,10.55,0.01,1823,1927469,买盘
10:50:28,10.6,0.05,238,251458,买盘
10:50:31,10.6,0.0,562,594890,买盘
10:50:34,10.6,0.0,1024,1080546,买盘
10:50:37,10.6,0.0,1787,1888217,买盘
10:50:40,10.6,0.0,552,583912,买盘
10:50:43,10.63,0.03,567,601450,买盘
10:50:46,10.66,0.03,259,275655,买盘
10:50:49,10.67,0.01,129,137572,买盘
10:50:52,10.72,0.05,215,229725,买盘
10:50:55,10.73,0.01,73,78274,买盘
10:50:58,10.75,0.02,124,133217,买盘
10:51:01,10.77,0.02,82,88184,买盘
10:51:04,10.79,0.02,281,302721,买盘
10:51:07,10.77,-0.02,904,974964,卖盘
10:51:10,10.75,-0.02,595,639886,卖盘
10:51:13,10.7,-0.05,971,1041332,卖盘
10:51:16,10.68,-0.02,236,252091,卖盘
10:51:19,10.67,-0.01,173,184719,卖盘
10:51:22,10.66,-0.01,333,355337,卖盘
10:51:25,10.66,0.0,78,83205,卖盘
10:51:28,10.66,0.0,201,214338,卖盘
10:51:31,10.66,0.0,389,414723,卖盘
10:51:34,10.66,0.0,121,128964,买盘
10:51:37,10.66,0.0,349,371976,买盘
10:51:40,10.66,0.0,252,268629,买盘
10:51:43,10.66,0.0,301,320817,卖盘
10:51:46,10.64,-0.02,247,263129,卖盘
10:51:49,10.66,0.02,506,538005,买盘
10:51:52,10.66,0.0,162,172540,买盘
10:51:55,10.66,0.0,103,109731,买盘
10:51:58,10.66,0.0,107,114031,买盘
10:52:01,10.67,0.01,779,830520,买盘
10:52:04,10.68,0.01,83,88554,买盘
10:52:07,10.69,0.01,181,193481,买盘
10:52:10,10.7,0.01,182,194694,买盘
10:52:13,10.71,0.01,14,14992,买盘
10:52:16,10.74,0.03,2402,2561051,买盘
10:52:19,10.74,0.0,241,258424,买盘
10:52:22,10.76,0.02,51,54826,买盘
10:52:25,10.76,0.0,22,23672,买盘
10:52:28,10.77,0.01,61,65687,买盘
10:52:31,10.77,0.0,390,420000,买盘
10:52:34,10.78,0.01,24,25854,买盘
10:52:37,10.79,0.01,107,115395,买盘
10:52:40,10.79,0.0,546,589562,卖盘
10:52:43,10.8,0.01,71,76680,买盘
10:52:46,10.79,-0.01,1225,1320734,卖盘
10:52:49,10.78,-0.01,809,872968,卖盘
10:52:52,10.77,-0.01,59,63530,卖盘
10:52:55,10.78,0.01,148,159342,买盘
10:52:58,10.78,0.0,258,278081,买盘
10:53:01,10.78,0.0,260,280073,买盘
10:53:04,10.78,0.0,50,53897,卖盘
10:53:07,10.79,0.01,256,276088,买盘
10:53:10,10.79,0.0,270,291300,买盘
10:53:13,10.8,0.01,48,51813,买盘
10:53:16,10.79,-0.01,409,441352,卖盘
10:53:19,10.79,0.0,334,360165,买盘
10:53:22,10.8,0.01,52,56112,买盘
10:53:25,10.8,0.0,120,129542,买盘
10:53:28,10.8,0.0,251,270880,买盘
10:53:31,10.79,-0.01,431,465238,卖盘
10:53:34,10.78,-0.01,118,127319,卖盘
10:53:37,10.77,-0.01,360,387919,卖盘
10:53:40,10.76,-0.01,30,32308,卖盘
10:53:43,10.78,0.02,128,137786,买盘
10:53:46,10.76,-0.02,135,145404,买盘
10:53:49,10.76,0.0,146,157032,买盘
10:53:52,10.77,0.01,45,48437,买盘
10:53:55,10.76,-0.01,155,166889,卖盘
10:53:58,10.78,0.02,29,31229,买盘
10:54:01,10.76,-0.02,71,76464,卖盘
10:54:04,10.78,0.02,198,213444,买盘
10:54:07,10.78,0.0,62,66836,卖盘
10:54:10,10.76,-0.02,479,516008,卖盘
10:54:13,10.78,0.02,16,17248,买盘
10:54:16,10.78,0.0,49,52819,买盘
10:54:19,10.78,0.0,105,113145,买盘
10:54:22,10.78,0.0,200,215412,买盘
10:54:25,10.78,0.0,40,43118,买盘
10:54:28,10.77,-0.01,70,75390,卖盘
10:54:31,10.77,0.0,153,164866,中性盘
10:54:34,10.77,0.0,151,162526,买盘
10:54:37,10.77,0.0,79,85074,买盘
10:54:40,10.77,0.0,138,148626,买盘
10:54:43,10.77,0.0,105,113087,卖盘
10:54:46,10.77,0.0,118,127096,卖盘
10:54:49,10.77,0.0,51,54927,卖盘
10:54:52,10.77,0.0,120,129254,卖盘
10:54:55,10.78,0.01,907,977740,买盘
10:54:58,10.78,0.0,16,17248,卖盘
10:55:01,10.79,0.01,300,323651,买盘
10:55:04,10.79,0.0,64,69055,买盘
10:55:07,10.79,0.0,104,112213,卖盘
10:55:10,10.8,0.01,33,35625,买盘
10:55:13,10.8,0.0,28,30230,买盘
10:55:16,10.81,0.01,905,977410,买盘
10:55:19,10.81,0.0,147,158769,买盘
10:55:22,10.81,0.0,100,108139,卖盘
10:55:25,10.82,0.01,268,289776,买盘
10:55:28,10.82,0.0,35,37853,买盘
10:55:31,10.83,0.01,236,255415,买盘
10:55:34,10.85,0.02,492,533025,买盘
10:55:37,10.84,-0.01,1,1084,卖盘
10:55:40,10.84,0.0,105,113850,卖盘
10:55:43,10.85,0.01,197,213570,买盘
10:55:46,10.85,0.0,91,98736,买盘
10:55:49,10.86,0.01,11,11946,买盘
10:55:52,10.86,0.0,41,44526,买盘
10:55:55,10.88,0.02,38,41300,买盘
10:55:58,10.87,-0.01,25,27175,卖盘
10:56:01,10.87,0.0,170,184678,买盘
10:56:04,10.87,0.0,206,223814,买盘
10:56:07,10.87,0.0,111,120657,买盘
10:56:10,10.87,0.0,91,98917,卖盘
10:56:13,10.88,0.01,139,151213,买盘
10:56:16,10.89,0.01,42,45736,买盘
10:56:19,10.89,0.0,179,194840,买盘
10:56:22,10.89,0.0,79,85993,买盘
10:56:25,10.88,-0.01,203,221042,卖盘
10:56:28,10.88,0.0,792,860925,中性盘
10:56:31,10.87,-0.01,105,114210,卖盘
10:56:34,10.85,-0.02,521,565744,卖盘
10:56:37,10.86,0.01,172,186712,买盘
10:56:40,10.83,-0.03,153,165831,卖盘
10:56:43,10.84,0.01,22,23855,中性盘
10:56:46,10.83,-0.01,206,223035,卖盘
10:56:49,10.81,-0.02,208,224856,卖盘
10:56:52,10.81,0.0,9,9729,买盘
10:56:55,10.8,-0.01,176,190084,卖盘
10:56:58,10.79,-0.01,146,157648,卖盘
10:57:01,10.79,0.0,80,86380,卖盘
10:57:04,10.79,0.0,67,72300,卖盘
10:57:07,10.79,0.0,117,126183,买盘
10:57:10,10.75,-0.04,1512,1627586,卖盘
10:57:13,10.74,-0.01,30,32249,卖盘
10:57:16,10.72,-0.02,302,324524,卖盘
10:57:22,10.72,0.0,73,78293,卖盘
10:57:25,10.71,-0.01,40,42865,卖盘
10:57:28,10.7,-0.01,211,226002,卖盘
10:57:31,10.67,-0.03,222,237322,卖盘
10:57:34,10.67,0.0,14,14938,买盘
10:57:37,10.66,-0.01,13,13864,卖盘
10:57:40,10.66,0.0,213,226998,卖盘
10:57:43,10.66,0.0,55,58628,买盘
10:57:46,10.66,0.0,158,168426,买盘
10:57:49,10.66,0.0,130,138513,卖盘
10:57:52,10.67,0.01,227,242069,买盘
10:57:55,10.66,-0.01,310,331665,卖盘
10:57:58,10.66,0.0,225,239850,卖盘
10:58:01,10.65,-0.01,138,147105,卖盘
10:58:04,10.66,0.01,131,139603,买盘
10:58:07,10.69,0.03,65,69439,买盘
10:58:10,10.66,-0.03,272,289942,卖盘
10:58:13,10.69,0.03,122,130379,买盘
10:58:16,10.68,-0.01,36,38482,中性盘
10:58:19,10.69,0.01,145,154868,买盘
10:58:22,10.68,-0.01,244,260802,中性盘
10:58:25,10.69,0.01,44,46973,买盘
10:58:28,10.69,0.0,38,40619,买盘
10:58:31,10.68,-0.01,147,157017,卖盘
10:58:34,10.69,0.01,275,293966,买盘
10:58:37,10.69,0.0,503,537644,买盘
10:58:40,10.69,0.0,190,203110,买盘
10:58:43,10.69,0.0,734,784646,买盘
10:58:46,10.69,0.0,128,136882,卖盘
10:58:49,10.71,0.02,18,19268,买盘
10:58:52,10.7,-0.01,554,592410,卖盘
10:58:55,10.71,0.01,28,29988,买盘
10:58:58,10.71,0.0,13,13923,卖盘
10:59:01,10.75,0.04,89,95514,买盘
10:59:04,10.71,-0.04,202,216526,卖盘
10:59:07,10.68,-0.03,1199,1284572,卖盘
10:59:10,10.75,0.07,77,82587,买盘
10:59:13,10.73,-0.02,3,3221,卖盘
10:59:16,10.74,0.01,37,39738,买盘
10:59:19,10.74,0.0,138,148192,买盘
10:59:22,10.75,0.01,101,108524,买盘
10:59:25,10.75,0.0,122,131085,买盘
10:59:28,10.75,0.0,80,85959,买盘
10:59:31,10.75,0.0,38,40850,买盘
10:59:34,10.77,0.02,114,122764,买盘
10:59:37,10.77,0.0,16,17232,买盘
10:59:43,10.77,0.0,13,14016,卖盘
10:59:46,10.77,0.0,2125,2284213,卖盘
10:59:49,10.82,0.05,942,1017371,买盘
10:59:52,10.82,0.0,20,21640,卖盘
10:59:55,10.84,0.02,132,143000,买盘
10:59:58,10.85,0.01,55,59623,买盘
11:00:01,10.87,0.02,87,94495,买盘
11:00:04,10.86,-0.01,128,139132,卖盘
11:00:07,10.86,0.0,24,26090,卖盘
11:00:13,10.88,0.02,132,143464,买盘
11:00:16,10.87,-0.01,141,153157,中性盘
11:00:19,10.88,0.01,116,126094,买盘
11:00:22,10.88,0.0,11,11968,买盘
11:00:25,10.88,0.0,1040,1129645,买盘
11:00:28,10.88,0.0,49,53306,买盘
11:00:31,10.86,-0.02,316,343334,卖盘
11:00:34,10.87,0.01,221,240160,买盘
11:00:37,10.87,0.0,8,8693,买盘
11:00:40,10.86,-0.01,56,60833,买盘
11:00:43,10.85,-0.01,124,134558,卖盘
11:00:46,10.85,0.0,641,695496,卖盘
11:00:49,10.85,0.0,74,80355,卖盘
11:00:52,10.85,0.0,75,81444,卖盘
11:00:55,10.84,-0.01,97,105240,卖盘
11:00:58,10.82,-0.02,153,165744,卖盘
11:01:01,10.85,0.03,56,60743,买盘
11:01:04,10.82,-0.03,16,17312,卖盘
11:01:07,10.8,-0.02,186,201235,卖盘
11:01:10,10.82,0.02,16,17312,买盘
11:01:13,10.84,0.02,465,503256,买盘
11:01:16,10.82,-0.02,110,119239,卖盘
11:01:19,10.8,-0.02,128,138480,卖盘
11:01:22,10.82,0.02,50,54078,买盘
11:01:25,10.82,0.0,65,70330,卖盘
11:01:28,10.82,0.0,134,144987,卖盘
11:01:31,10.82,0.0,153,165475,买盘
11:01:34,10.82,0.0,58,62700,买盘
11:01:37,10.79,-0.03,83,89652,卖盘
11:01:40,10.78,-0.01,488,526367,卖盘
11:01:43,10.78,0.0,28,30184,买盘
11:01:46,10.78,0.0,22,23716,买盘
11:01:49,10.77,-0.01,21,22617,卖盘
11:01:52,10.77,0.0,30,32289,买盘
11:01:55,10.76,-0.01,54,58134,卖盘
11:01:58,10.76,0.0,4,4304,买盘
11:02:01,10.76,0.0,107,115052,买盘
11:02:04,10.76,0.0,64,68801,买盘
11:02:07,10.76,0.0,74,79615,买盘
11:02:10,10.74,-0.02,22,23628,卖盘
11:02:13,10.76,0.02,137,147318,买盘
11:02:16,10.79,0.03,313,337273,买盘
11:02:19,10.79,0.0,25,26975,卖盘
11:02:22,10.79,0.0,15,16196,卖盘
11:02:25,10.76,-0.03,110,118583,卖盘
11:02:28,10.79,0.03,20,21580,买盘
11:02:31,10.77,-0.02,10,10770,卖盘
11:02:34,10.79,0.02,15,16185,买盘
11:02:37,10.79,0.0,25,26970,买盘
11:02:40,10.78,-0.01,17,18328,卖盘
11:02:43,10.79,0.01,88,94952,买盘
11:02:46,10.79,0.0,265,285935,买盘
11:02:49,10.79,0.0,85,91715,卖盘
11:02:52,10.8,0.01,15,16190,买盘
11:02:55,10.8,0.0,144,155689,买盘
11:02:58,10.8,0.0,57,61507,买盘
11:03:01,10.8,0.0,30,32400,卖盘
11:03:04,10.8,0.0,150,162294,卖盘
11:03:07,10.82,0.02,769,829949,买盘
11:03:10,10.82,0.0,17,18374,买盘
11:03:13,10.82,0.0,29,31371,买盘
11:03:16,10.82,0.0,141,152562,买盘
11:03:19,10.82,0.0,639,691398,买盘
11:03:22,10.82,0.0,155,167710,买盘
11:03:25,10.82,0.0,85,91970,买盘
11:03:28,10.81,-0.01,58,62724,卖盘
11:03:31,10.8,-0.01,257,277630,卖盘
11:03:34,10.8,0.0,140,151200,买盘
11:03:37,10.79,-0.01,56,60474,卖盘
11:03:40,10.8,0.01,88,95039,买盘
11:03:43,10.8,0.0,22,23760,买盘
11:03:46,10.8,0.0,18,19438,买盘
11:03:49,10.8,0.0,155,167310,买盘
11:03:52,10.8,0.0,31,33475,买盘
11:03:55,10.78,-0.02,310,334784,卖盘
11:03:58,10.79,0.01,53,57219,卖盘
11:04:01,10.8,0.01,235,253268,买盘
11:04:04,10.79,-0.01,11,11870,中性盘
11:04:07,10.8,0.01,5,5396,买盘
11:04:10,10.78,-0.02,32,34496,卖盘
11:04:13,10.78,0.0,30,32342,卖盘
11:04:16,10.78,0.0,51,55036,卖盘
11:04:22,10.78,0.0,146,157388,卖盘
11:04:25,10.77,-0.01,586,630671,卖盘
11:04:28,10.76,-0.01,33,35526,卖盘
11:04:31,10.76,0.0,54,58104,买盘
11:04:34,10.76,0.0,4,4304,买盘
11:04:37,10.75,-0.01,148,159048,卖盘
11:04:40,10.75,0.0,9,9676,卖盘
11:04:43,10.75,0.0,0,54,卖盘
11:04:46,10.76,0.01,52,55936,买盘
11:04:49,10.74,-0.02,35,37620,卖盘
11:04:52,10.75,0.01,187,200908,买盘
11:04:55,10.76,0.01,159,170918,买盘
11:04:58,10.76,0.0,3,3228,卖盘
11:05:01,10.76,0.0,104,111904,卖盘
11:05:04,10.76,0.0,68,73168,卖盘
11:05:07,10.76,0.0,10,10764,卖盘
11:05:10,10.77,0.01,223,239960,买盘
11:05:13,10.76,-0.01,16,17226,卖盘
11:05:16,10.76,0.0,80,86130,卖盘
11:05:19,10.76,0.0,80,86112,卖盘
11:05:22,10.76,0.0,31,33357,卖盘
11:05:25,10.76,0.0,18,19422,卖盘
11:05:28,10.76,0.0,150,161435,买盘
11:05:31,10.76,0.0,98,105478,卖盘
11:05:34,10.77,0.01,131,140995,买盘
11:05:37,10.76,-0.01,33,35538,卖盘
11:05:40,10.76,0.0,25,26920,卖盘
11:05:43,10.76,0.0,47,50582,卖盘
11:05:46,10.77,0.01,108,116219,买盘
11:05:49,10.76,-0.01,18,19370,卖盘
11:05:52,10.77,0.01,17,18309,买盘
11:05:55,10.76,-0.01,40,43094,卖盘
11:05:58,10.75,-0.01,17,18275,卖盘
11:06:01,10.75,0.0,99,106508,卖盘
11:06:04,10.76,0.01,60,64560,买盘
11:06:07,10.75,-0.01,86,92513,卖盘
11:06:10,10.76,0.01,31,33333,买盘
11:06:13,10.75,-0.01,20,21500,卖盘
11:06:16,10.75,0.0,29,31195,卖盘
11:06:19,10.75,0.0,352,378400,卖盘
11:06:22,10.75,0.0,143,153725,买盘
11:06:25,10.74,-0.01,56,60167,卖盘
11:06:28,10.74,0.0,13,13962,买盘
11:06:31,10.73,-0.01,2,2146,卖盘
11:06:34,10.73,0.0,37,39721,卖盘
11:06:37,10.73,0.0,70,75110,卖盘
11:06:40,10.73,0.0,28,30044,买盘
11:06:43,10.73,0.0,1,1073,买盘
11:06:46,10.72,-0.01,106,113566,卖盘
11:06:49,10.71,-0.01,18,19291,卖盘
11:06:52,10.72,0.01,84,89985,买盘
11:06:55,10.71,-0.01,18,19285,卖盘
11:06:58,10.71,0.0,44,47124,卖盘
11:07:01,10.7,-0.01,90,96325,卖盘
11:07:04,10.71,0.01,102,109217,买盘
11:07:07,10.7,-0.01,41,43870,卖盘
11:07:10,10.71,0.01,84,89929,买盘
11:07:13,10.7,-0.01,345,369212,卖盘
11:07:16,10.71,0.01,6,6429,买盘
11:07:19,10.7,-0.01,114,122001,卖盘
11:07:22,10.71,0.01,112,119845,中性盘
11:07:25,10.71,0.0,45,48181,买盘
11:07:28,10.71,0.0,165,176715,卖盘
11:07:31,10.71,0.0,310,331695,买盘
11:07:34,10.71,0.0,118,126378,买盘
11:07:37,10.71,0.0,216,231152,买盘
11:07:40,10.7,-0.01,71,75957,卖盘
11:07:43,10.7,0.0,59,63228,买盘
11:07:46,10.7,0.0,42,44944,买盘
11:07:49,10.7,0.0,15,16050,卖盘
11:07:52,10.7,0.0,11,11771,卖盘
11:07:55,10.7,0.0,274,293236,卖盘
11:07:58,10.7,0.0,108,115572,买盘
11:08:01,10.71,0.01,111,118871,买盘
11:08:04,10.71,0.0,82,87822,卖盘
11:08:07,10.72,0.01,31,33210,买盘
11:08:10,10.71,-0.01,84,89965,卖盘
11:08:13,10.71,0.0,59,63238,卖盘
11:08:16,10.72,0.01,24,25728,买盘
11:08:19,10.71,-0.01,72,77178,卖盘
11:08:22,10.72,0.01,13,13936,买盘
11:08:25,10.71,-0.01,27,28946,卖盘
11:08:28,10.73,0.02,13,13949,买盘
11:08:34,10.73,0.0,8,8579,买盘
11:08:37,10.73,0.0,36,38620,卖盘
11:08:40,10.73,0.0,2,2146,卖盘
11:08:43,10.74,0.01,207,222147,买盘
11:08:46,10.75,0.01,77,82772,买盘
11:08:52,10.75,0.0,44,47300,买盘
11:08:55,10.77,0.02,240,258254,买盘
11:08:58,10.75,-0.02,9,9681,卖盘
11:09:01,10.77,0.02,26,28002,买盘
11:09:04,10.78,0.01,18,19389,买盘
11:09:07,10.75,-0.03,20,21506,卖盘
11:09:10,10.78,0.03,15,16134,买盘
11:09:13,10.72,-0.06,219,235140,卖盘
11:09:16,10.73,0.01,23,24699,中性盘
11:09:19,10.73,0.0,21,22533,买盘
11:09:22,10.72,-0.01,110,117940,卖盘
11:09:25,10.72,0.0,14,15020,卖盘
11:09:28,10.73,0.01,2,2146,中性盘
11:09:31,10.73,0.0,24,25752,卖盘
11:09:34,10.75,0.02,28,30100,买盘
11:09:37,10.74,-0.01,258,276963,中性盘
11:09:43,10.75,0.01,67,72025,买盘
11:09:46,10.75,0.0,118,126850,买盘
11:09:49,10.75,0.0,5,5375,卖盘
11:09:52,10.75,0.0,27,29027,卖盘
11:09:55,10.75,0.0,46,49452,卖盘
11:09:58,10.75,0.0,15,16138,卖盘
11:10:01,10.75,0.0,11,11833,卖盘
11:10:04,10.76,0.01,88,94681,买盘
11:10:07,10.76,0.0,20,21524,卖盘
11:10:10,10.78,0.02,33,35564,买盘
11:10:13,10.75,-0.03,298,320510,卖盘
11:10:16,10.79,0.04,74,79827,买盘
11:10:19,10.77,-0.02,116,125026,卖盘
11:10:22,10.79,0.02,149,160771,买盘
11:10:25,10.79,0.0,18,19419,买盘
11:10:28,10.79,0.0,24,25896,买盘
11:10:31,10.78,-0.01,53,57151,卖盘
11:10:34,10.78,0.0,29,31262,买盘
11:10:37,10.78,0.0,33,35574,买盘
11:10:40,10.78,0.0,5,5390,卖盘
11:10:43,10.8,0.02,7,7560,买盘
11:10:46,10.78,-0.02,39,42042,卖盘
11:10:49,10.8,0.02,101,109080,买盘
11:10:52,10.8,0.0,13,14040,买盘
11:10:58,10.8,0.0,24,25920,买盘
11:11:01,10.79,-0.01,2,2159,中性盘
11:11:04,10.79,0.0,6,6474,买盘
11:11:07,10.8,0.01,44,47478,买盘
11:11:10,10.8,0.0,18,19440,买盘
11:11:13,10.8,0.0,12,12960,买盘
11:11:16,10.8,0.0,1,1080,买盘
11:11:19,10.79,-0.01,24,25915,卖盘
11:11:22,10.8,0.01,48,51840,买盘
11:11:25,10.8,0.0,8,8640,买盘
11:11:28,10.79,-0.01,40,43187,卖盘
11:11:31,10.8,0.01,16,17280,买盘
11:11:34,10.79,-0.01,23,24817,卖盘
11:11:37,10.8,0.01,293,316373,买盘
11:11:40,10.8,0.0,41,44264,买盘
11:11:43,10.79,-0.01,3,3237,卖盘
11:11:46,10.8,0.01,34,36719,买盘
11:11:49,10.8,0.0,20,21600,买盘
11:11:52,10.79,-0.01,16,17276,卖盘
11:11:55,10.8,0.01,60,64800,买盘
11:11:58,10.79,-0.01,38,41030,卖盘
11:12:01,10.8,0.01,36,38880,买盘
11:12:04,10.8,0.0,158,170590,买盘
11:12:07,10.8,0.0,53,57240,买盘
11:12:10,10.8,0.0,27,29160,卖盘
11:12:13,10.81,0.01,5,5405,买盘
11:12:16,10.81,0.0,10,10807,买盘
11:12:19,10.81,0.0,4,4324,买盘
11:12:22,10.81,0.0,2,2162,买盘
11:12:25,10.8,-0.01,63,68040,卖盘
11:12:28,10.8,0.0,28,30240,买盘
11:12:31,10.8,0.0,10,10800,买盘
11:12:34,10.8,0.0,121,130733,买盘
11:12:37,10.8,0.0,33,35650,中性盘
11:12:40,10.8,0.0,79,85320,买盘
11:12:43,10.78,-0.02,313,337698,卖盘
11:12:46,10.78,0.0,157,169330,卖盘
11:12:49,10.78,0.0,40,43120,买盘
11:12:52,10.78,0.0,4,4311,买盘
11:12:55,10.78,0.0,41,44198,买盘
11:12:58,10.78,0.0,2,2156,买盘
11:13:01,10.77,-0.01,28,30156,卖盘
11:13:04,10.77,0.0,19,20463,买盘
11:13:07,10.78,0.01,116,124975,买盘
11:13:13,10.78,0.0,50,53900,卖盘
11:13:16,10.78,0.0,97,104566,卖盘
11:13:19,10.78,0.0,194,209132,卖盘
11:13:22,10.78,0.0,11,11858,买盘
11:13:25,10.78,0.0,6,6468,买盘
11:13:28,10.78,0.0,5,5390,买盘
11:13:31,10.77,-0.01,23,24783,卖盘
11:13:34,10.77,0.0,95,102382,卖盘
11:13:40,10.76,-0.01,138,148490,卖盘
11:13:43,10.77,0.01,204,219448,买盘
11:13:46,10.77,0.0,8,8614,买盘
11:13:49,10.77,0.0,1,1077,买盘
11:13:52,10.77,0.0,102,109835,买盘
11:13:55,10.77,0.0,116,124922,买盘
11:13:58,10.77,0.0,94,101238,买盘
11:14:01,10.77,0.0,50,53858,买盘
11:14:04,10.77,0.0,23,24771,卖盘
11:14:07,10.77,0.0,41,44157,卖盘
11:14:10,10.78,0.01,105,113190,买盘
11:14:13,10.77,-0.01,67,72212,卖盘
11:14:16,10.77,0.0,118,127194,买盘
11:14:19,10.76,-0.01,21,22615,卖盘
11:14:22,10.76,0.0,15,16154,卖盘
11:14:25,10.77,0.01,28,30150,买盘
11:14:28,10.76,-0.01,100,107600,卖盘
11:14:31,10.77,0.01,12,12924,买盘
11:14:34,10.77,0.0,3,3231,买盘
11:14:37,10.76,-0.01,20,21520,卖盘
11:14:40,10.76,0.0,15,16140,卖盘
11:14:43,10.77,0.01,210,226170,买盘
11:14:46,10.76,-0.01,51,54877,卖盘
11:14:49,10.76,0.0,60,64560,卖盘
11:14:52,10.76,0.0,19,20444,卖盘
11:14:58,10.75,-0.01,15,16130,卖盘
11:15:01,10.75,0.0,76,81717,卖盘
11:15:04,10.75,0.0,113,121480,卖盘
11:15:07,10.76,0.01,58,62406,买盘
11:15:10,10.75,-0.01,15,16125,卖盘
11:15:13,10.75,0.0,220,236560,卖盘
11:15:16,10.75,0.0,60,64517,买盘
11:15:19,10.75,0.0,14,15050,买盘
11:15:25,10.75,0.0,23,24723,买盘
11:15:28,10.74,-0.01,78,83772,卖盘
11:15:31,10.74,0.0,452,485800,买盘
11:15:34,10.74,0.0,11,11814,买盘
11:15:37,10.74,0.0,43,46149,买盘
11:15:40,10.73,-0.01,20,21460,卖盘
11:15:43,10.74,0.01,49,52581,买盘
11:15:46,10.75,0.01,6,6450,买盘
11:15:49,10.75,0.0,30,32245,买盘
11:15:52,10.75,0.0,15,16125,买盘
11:15:55,10.74,-0.01,5,5370,卖盘
11:15:58,10.74,0.0,20,21480,卖盘
11:16:01,10.74,0.0,84,90242,卖盘
11:16:04,10.74,0.0,45,48350,卖盘
11:16:07,10.74,0.0,6,6444,卖盘
11:16:10,10.75,0.01,8,8593,买盘
11:16:13,10.75,0.0,46,49440,买盘
11:16:16,10.74,-0.01,9,9666,卖盘
11:16:19,10.74,0.0,101,108494,卖盘
11:16:22,10.74,0.0,1,1074,买盘
11:16:25,10.74,0.0,6,6444,买盘
11:16:28,10.74,0.0,68,73032,买盘
11:16:31,10.74,0.0,26,27921,买盘
11:16:34,10.73,-0.01,140,150220,卖盘
11:16:37,10.73,0.0,25,26825,买盘
11:16:40,10.73,0.0,36,38628,买盘
11:16:43,10.73,0.0,74,79351,买盘
11:16:49,10.73,0.0,68,72916,买盘
11:16:52,10.72,-0.01,86,92202,卖盘
11:16:55,10.73,0.01,50,53650,买盘
11:16:58,10.72,-0.01,43,46110,卖盘
11:17:01,10.73,0.01,10,10726,买盘
11:17:04,10.72,-0.01,12,12868,卖盘
11:17:07,10.73,0.01,36,38623,买盘
11:17:10,10.73,0.0,216,231568,买盘
11:17:13,10.72,-0.01,60,64329,卖盘
11:17:16,10.73,0.01,87,93351,买盘
11:17:19,10.73,0.0,11,11803,买盘
11:17:22,10.72,-0.01,3,3216,卖盘
11:17:25,10.72,0.0,100,107200,卖盘
11:17:28,10.72,0.0,10,10722,卖盘
11:17:31,10.72,0.0,10,10720,卖盘
11:17:34,10.72,0.0,13,13936,卖盘
11:17:37,10.73,0.01,5,5365,买盘
11:17:40,10.72,-0.01,25,26800,卖盘
11:17:43,10.73,0.01,121,129833,买盘
11:17:46,10.73,0.0,17,18236,卖盘
11:17:49,10.72,-0.01,87,93265,卖盘
11:17:52,10.72,0.0,15,16080,买盘
11:17:55,10.72,0.0,13,13945,卖盘
11:17:58,10.72,0.0,87,93303,卖盘
11:18:01,10.72,0.0,18,19296,买盘
11:18:04,10.72,0.0,23,24656,卖盘
11:18:07,10.72,0.0,14,15008,卖盘
11:18:10,10.72,0.0,12,12864,买盘
11:18:13,10.71,-0.01,6,6426,卖盘
11:18:16,10.72,0.01,18,19282,买盘
11:18:19,10.71,-0.01,75,80328,卖盘
11:18:22,10.72,0.01,110,117910,买盘
11:18:25,10.72,0.0,218,233673,买盘
11:18:28,10.72,0.0,29,31112,卖盘
11:18:31,10.72,0.0,11,11792,卖盘
11:18:34,10.72,0.0,122,130785,卖盘
11:18:37,10.72,0.0,6,6432,卖盘
11:18:40,10.72,0.0,1,1072,卖盘
11:18:43,10.72,0.0,6,6432,卖盘
11:18:46,10.73,0.01,5,5365,买盘
11:18:49,10.73,0.0,100,107300,买盘
11:18:52,10.73,0.0,3,3219,买盘
11:18:55,10.73,0.0,371,397934,买盘
11:18:58,10.74,0.01,15,16100,买盘
11:19:04,10.74,0.0,80,85920,买盘
11:19:07,10.77,0.03,232,249711,买盘
11:19:13,10.77,0.0,101,108777,买盘
11:19:16,10.77,0.0,32,34448,买盘
11:19:19,10.77,0.0,47,50619,买盘
11:19:22,10.77,0.0,181,194782,买盘
11:19:25,10.77,0.0,1,1077,买盘
11:19:28,10.77,0.0,106,114162,买盘
11:19:31,10.77,0.0,37,39849,买盘
11:19:34,10.77,0.0,85,91514,买盘
11:19:37,10.77,0.0,94,101238,买盘
11:19:40,10.77,0.0,2,2154,卖盘
11:19:43,10.77,0.0,40,43080,卖盘
11:19:46,10.78,0.01,10,10780,买盘
11:19:49,10.77,-0.01,39,42003,卖盘
11:19:52,10.78,0.01,15,16170,买盘
11:19:55,10.77,-0.01,42,45256,卖盘
11:19:58,10.78,0.01,123,132564,买盘
11:20:04,10.79,0.01,1,1079,买盘
11:20:07,10.79,0.0,38,41002,买盘
11:20:10,10.79,0.0,21,22659,买盘
11:20:13,10.79,0.0,10,10790,买盘
11:20:19,10.78,-0.01,44,47473,卖盘
11:20:22,10.79,0.01,16,17264,买盘
11:20:25,10.79,0.0,49,52871,买盘
11:20:28,10.79,0.0,36,38815,买盘
11:20:31,10.78,-0.01,16,17263,卖盘
11:20:34,10.79,0.01,89,96031,买盘
11:20:37,10.78,-0.01,103,111035,卖盘
11:20:43,10.79,0.01,4,4316,买盘
11:20:46,10.79,0.0,3,3237,买盘
11:20:49,10.79,0.0,109,117601,买盘
11:20:52,10.79,0.0,47,50713,买盘
11:20:55,10.79,0.0,8,8632,买盘
11:20:58,10.79,0.0,12,12948,卖盘
11:21:04,10.8,0.01,80,86400,买盘
11:21:07,10.8,0.0,58,62612,买盘
11:21:10,10.8,0.0,62,66960,买盘
11:21:13,10.81,0.01,1,1081,买盘
11:21:16,10.81,0.0,4,4324,买盘
11:21:19,10.81,0.0,19,20539,买盘
11:21:22,10.81,0.0,12,12972,买盘
11:21:25,10.81,0.0,60,64860,买盘
11:21:28,10.8,-0.01,67,72306,卖盘
11:21:31,10.81,0.01,25,27025,买盘
11:21:34,10.81,0.0,29,31349,中性盘
11:21:37,10.81,0.0,70,75690,买盘
11:21:40,10.81,0.0,31,33517,卖盘
11:21:43,10.82,0.01,1,1082,买盘
11:21:46,10.82,0.0,109,117875,买盘
11:21:49,10.83,0.01,26,28158,买盘
11:21:55,10.83,0.0,86,93101,买盘
11:21:58,10.82,-0.01,38,41116,买盘
11:22:01,10.82,0.0,59,63885,买盘
11:22:04,10.83,0.01,118,127730,买盘
11:22:07,10.84,0.01,140,151713,买盘
11:22:10,10.84,0.0,1,1084,买盘
11:22:13,10.83,-0.01,12,13005,卖盘
11:22:19,10.85,0.02,72,78058,买盘
11:22:22,10.85,0.0,3,3255,买盘
11:22:25,10.84,-0.01,127,137748,卖盘
11:22:28,10.85,0.01,13,14098,买盘
11:22:31,10.85,0.0,15,16275,买盘
11:22:34,10.84,-0.01,10,10847,卖盘
11:22:37,10.85,0.01,35,37975,买盘
11:22:40,10.85,0.0,11,11935,买盘
11:22:43,10.85,0.0,39,42314,买盘
11:22:46,10.85,0.0,325,352554,买盘
11:22:49,10.85,0.0,314,340690,买盘
11:22:52,10.86,0.01,37,40172,买盘
11:22:58,10.86,0.0,16,17376,卖盘
11:23:01,10.87,0.01,49,53263,买盘
11:23:04,10.87,0.0,76,82612,卖盘
11:23:07,10.88,0.01,66,71755,买盘
11:23:10,10.88,0.0,54,58700,买盘
11:23:13,10.87,-0.01,10,10870,卖盘
11:23:16,10.88,0.01,52,56550,买盘
11:23:19,10.88,0.0,241,262093,买盘
11:23:22,10.88,0.0,75,81600,买盘
11:23:25,10.87,-0.01,59,64160,卖盘
11:23:28,10.86,-0.01,154,167424,卖盘
11:23:31,10.86,0.0,59,64120,卖盘
11:23:34,10.83,-0.03,210,227730,卖盘
11:23:37,10.86,0.03,62,67332,买盘
11:23:40,10.87,0.01,305,331253,买盘
11:23:43,10.86,-0.01,14,15194,买盘
11:23:46,10.86,0.0,25,27147,买盘
11:23:49,10.86,0.0,86,93384,买盘
11:23:52,10.86,0.0,17,18451,买盘
11:23:55,10.85,-0.01,156,169339,卖盘
11:23:58,10.85,0.0,5,5425,买盘
11:24:01,10.83,-0.02,15,16255,卖盘
11:24:04,10.83,0.0,17,18421,卖盘
11:24:07,10.85,0.02,20,21700,买盘
11:24:10,10.85,0.0,11,11930,买盘
11:24:13,10.84,-0.01,26,28169,中性盘
11:24:16,10.83,-0.01,2,2167,卖盘
11:24:22,10.83,0.0,56,60649,卖盘
11:24:25,10.83,0.0,33,35741,卖盘
11:24:28,10.84,0.01,47,50915,买盘
11:24:31,10.84,0.0,6,6500,买盘
11:24:34,10.84,0.0,20,21680,买盘
11:24:37,10.84,0.0,11,11914,中性盘
11:24:40,10.82,-0.02,18,19476,卖盘
11:24:43,10.83,0.01,8,8664,买盘
11:24:46,10.82,-0.01,2,2164,卖盘
11:24:49,10.82,0.0,8,8656,卖盘
11:24:52,10.82,0.0,13,14069,卖盘
11:24:55,10.86,0.04,659,714556,买盘
11:24:58,10.86,0.0,99,107519,卖盘
11:25:04,10.87,0.01,65,70639,买盘
11:25:07,10.86,-0.01,14,15207,卖盘
11:25:10,10.87,0.01,4,4346,买盘
11:25:13,10.87,0.0,2,2174,买盘
11:25:16,10.87,0.0,125,135872,买盘
11:25:19,10.87,0.0,63,68481,买盘
11:25:22,10.87,0.0,26,28262,买盘
11:25:25,10.87,0.0,62,67394,买盘
11:25:28,10.87,0.0,15,16305,卖盘
11:25:31,10.88,0.01,64,69632,买盘
11:25:34,10.88,0.0,208,226304,买盘
11:25:37,10.88,0.0,31,33698,买盘
11:25:40,10.87,-0.01,141,153427,卖盘
11:25:43,10.89,0.02,196,213367,买盘
11:25:46,10.89,0.0,3,3267,买盘
11:25:49,10.9,0.01,222,241938,买盘
11:25:52,10.89,-0.01,20,21780,卖盘
11:25:55,10.89,0.0,71,77330,卖盘
11:25:58,10.89,0.0,46,50130,卖盘
11:26:01,10.9,0.01,25,27235,买盘
11:26:04,10.9,0.0,99,107918,买盘
11:26:07,10.92,0.02,44,47970,买盘
11:26:10,10.9,-0.02,89,96999,卖盘
11:26:13,10.9,0.0,39,42510,买盘
11:26:16,10.9,0.0,16,17440,买盘
11:26:19,10.9,0.0,14,15283,卖盘
11:26:22,10.92,0.02,8,8736,买盘
11:26:25,10.92,0.0,11,12007,买盘
11:26:28,10.91,-0.01,48,52406,卖盘
11:26:31,10.91,0.0,27,29444,买盘
11:26:34,10.91,0.0,33,36003,买盘
11:26:37,10.91,0.0,36,39276,买盘
11:26:40,10.91,0.0,67,73062,买盘
11:26:43,10.91,0.0,61,66541,买盘
11:26:46,10.91,0.0,73,79593,买盘
11:26:49,10.92,0.01,140,152823,买盘
11:26:52,10.92,0.0,56,61152,卖盘
11:26:55,10.91,-0.01,95,103786,卖盘
11:26:58,10.91,0.0,21,22950,卖盘
11:27:01,10.93,0.02,121,132233,买盘
11:27:04,10.93,0.0,52,56836,卖盘
11:27:07,10.94,0.01,101,110494,买盘
11:27:10,10.94,0.0,43,47042,买盘
11:27:13,10.95,0.01,36,39420,买盘
11:27:16,10.95,0.0,30,32840,买盘
11:27:19,10.96,0.01,172,188512,买盘
11:27:22,10.98,0.02,74,81241,买盘
11:27:25,10.98,0.0,119,130619,买盘
11:27:28,10.99,0.01,77,84623,买盘
11:27:31,10.99,0.0,397,436554,买盘
11:27:34,11.0,0.01,20,21990,买盘
11:27:37,11.0,0.0,152,167078,买盘
11:27:40,10.99,-0.01,292,321172,卖盘
11:27:43,11.0,0.01,1413,1553864,买盘
11:27:46,11.0,0.0,206,226528,买盘
11:27:49,10.97,-0.03,74,81357,卖盘
11:27:52,10.97,0.0,2,2194,买盘
11:27:55,10.99,0.02,26,28564,买盘
11:27:58,10.97,-0.02,406,445347,卖盘
11:28:01,10.98,0.01,24,26345,买盘
11:28:04,10.99,0.01,123,135068,买盘
11:28:07,10.98,-0.01,235,257898,买盘
11:28:10,10.97,-0.01,292,319966,卖盘
11:28:13,10.96,-0.01,75,82227,中性盘
11:28:16,10.94,-0.02,14,15326,卖盘
11:28:22,10.94,0.0,25,27351,卖盘
11:28:25,10.94,0.0,3,3282,买盘
11:28:28,10.93,-0.01,62,67766,卖盘
11:28:31,10.92,-0.01,4,4369,卖盘
11:28:34,10.91,-0.01,19,20729,卖盘
11:28:37,10.9,-0.01,211,230295,卖盘
11:28:40,10.9,0.0,2,2180,卖盘
11:28:43,10.91,0.01,156,170056,买盘
11:28:46,10.9,-0.01,51,55590,卖盘
11:28:49,10.89,-0.01,13,14157,卖盘
11:28:52,10.89,0.0,109,118752,卖盘
11:28:55,10.89,0.0,45,48985,买盘
11:28:58,10.88,-0.01,22,23948,卖盘
11:29:01,10.88,0.0,5,5440,买盘
11:29:04,10.88,0.0,34,36987,买盘
11:29:07,10.87,-0.01,193,209791,卖盘
11:29:10,10.87,0.0,63,68435,买盘
11:29:13,10.87,0.0,141,153208,买盘
11:29:16,10.86,-0.01,24,26064,买盘
11:29:19,10.87,0.01,508,552105,买盘
11:29:22,10.87,0.0,104,113043,买盘
11:29:25,10.86,-0.01,96,104256,卖盘
11:29:28,10.86,0.0,70,76020,买盘
11:29:31,10.86,0.0,42,45612,买盘
11:29:34,10.84,-0.02,55,59674,卖盘
11:29:37,10.85,0.01,1,1085,买盘
11:29:40,10.82,-0.03,98,106182,卖盘
11:29:43,10.84,0.02,13,14097,卖盘
11:29:46,10.84,0.0,14,15160,卖盘
11:29:49,10.84,0.0,28,30352,买盘
11:29:52,10.84,0.0,5,5420,买盘
11:29:55,10.81,-0.03,209,226289,卖盘
11:29:58,10.83,0.02,11,11913,卖盘
11:30:01,10.84,0.01,5,5420,买盘
13:00:01,10.83,-0.01,262,283707,卖盘
13:00:04,10.83,0.0,602,650997,买盘
13:00:07,10.81,-0.02,911,987015,卖盘
13:00:10,10.83,0.02,85,92012,中性盘
13:00:13,10.83,0.0,59,63895,买盘
13:00:16,10.83,0.0,1,1083,买盘
13:00:19,10.82,-0.01,44,47608,卖盘
13:00:22,10.83,0.01,22,23808,买盘
13:00:25,10.81,-0.02,58,62761,卖盘
13:00:28,10.81,0.0,122,132124,卖盘
13:00:34,10.83,0.02,129,139455,买盘
13:00:37,10.81,-0.02,14,15158,卖盘
13:00:40,10.81,0.0,126,136242,卖盘
13:00:43,10.81,0.0,41,44321,买盘
13:00:46,10.8,-0.01,31,33485,卖盘
13:00:49,10.81,0.01,24,25944,买盘
13:00:52,10.81,0.0,15,16215,卖盘
13:00:55,10.8,-0.01,288,311083,卖盘
13:00:58,10.81,0.01,4,4324,买盘
13:01:01,10.8,-0.01,100,108009,卖盘
13:01:04,10.8,0.0,388,419040,卖盘
13:01:07,10.8,0.0,22,23753,买盘
13:01:10,10.8,0.0,25,27000,买盘
13:01:13,10.8,0.0,3,3240,买盘
13:01:16,10.77,-0.03,47,50680,卖盘
13:01:19,10.75,-0.02,202,217228,卖盘
13:01:25,10.74,-0.01,169,181508,卖盘
13:01:28,10.75,0.01,53,56975,买盘
13:01:31,10.75,0.0,66,70894,买盘
13:01:34,10.74,-0.01,73,78405,卖盘
13:01:37,10.75,0.01,107,114805,买盘
13:01:40,10.75,0.0,29,31149,买盘
13:01:43,10.74,-0.01,42,45148,中性盘
13:01:46,10.73,-0.01,140,150434,卖盘
13:01:49,10.74,0.01,13,13952,中性盘
13:01:52,10.75,0.01,9,9671,买盘
13:01:55,10.73,-0.02,2,2147,卖盘
13:01:58,10.74,0.01,68,73034,买盘
13:02:01,10.74,0.0,110,118140,卖盘
13:02:04,10.75,0.01,4,4299,买盘
13:02:07,10.75,0.0,49,52670,买盘
13:02:10,10.75,0.0,13,13975,买盘
13:02:13,10.74,-0.01,62,66602,卖盘
13:02:16,10.74,0.0,31,33301,卖盘
13:02:19,10.74,0.0,76,81663,卖盘
13:02:22,10.74,0.0,38,40814,卖盘
13:02:25,10.75,0.01,24,25786,买盘
13:02:28,10.74,-0.01,54,58012,卖盘
13:02:31,10.75,0.01,55,59090,买盘
13:02:34,10.74,-0.01,132,141768,卖盘
13:02:37,10.74,0.0,11,11814,卖盘
13:02:40,10.75,0.01,38,40813,买盘
13:02:43,10.74,-0.01,104,111696,卖盘
13:02:46,10.74,0.0,34,36516,买盘
13:02:49,10.73,-0.01,73,78374,卖盘
13:02:52,10.74,0.01,131,140583,买盘
13:02:55,10.74,0.0,14,15036,买盘
13:02:58,10.74,0.0,70,75111,买盘
13:03:01,10.72,-0.02,245,262948,卖盘
13:03:04,10.73,0.01,26,27898,买盘
13:03:07,10.72,-0.01,24,25735,卖盘
13:03:10,10.72,0.0,48,51456,卖盘
13:03:13,10.72,0.0,17,18226,卖盘
13:03:16,10.73,0.01,266,285392,买盘
13:03:22,10.73,0.0,8,8584,卖盘
13:03:25,10.74,0.01,102,109532,买盘
13:03:28,10.74,0.0,15,16110,卖盘
13:03:31,10.73,-0.01,76,81564,卖盘
13:03:34,10.73,0.0,22,23586,买盘
13:03:37,10.72,-0.01,13,13937,卖盘
13:03:40,10.72,0.0,62,66503,卖盘
13:03:43,10.72,0.0,14,15021,卖盘
13:03:46,10.73,0.01,16,17168,买盘
13:03:49,10.72,-0.01,279,299138,卖盘
13:03:52,10.72,0.0,2,2144,买盘
13:03:55,10.72,0.0,31,33202,买盘
13:03:58,10.72,0.0,76,81411,买盘
13:04:01,10.72,0.0,206,220832,买盘
13:04:04,10.71,-0.01,494,529303,卖盘
13:04:07,10.7,-0.01,125,133750,卖盘
13:04:10,10.7,0.0,27,28907,卖盘
13:04:13,10.71,0.01,189,202262,买盘
13:04:16,10.7,-0.01,28,29961,卖盘
13:04:19,10.71,0.01,3,3213,买盘
13:04:22,10.7,-0.01,78,83499,卖盘
13:04:25,10.71,0.01,41,43904,买盘
13:04:28,10.71,0.0,86,92056,买盘
13:04:31,10.73,0.02,1,1073,买盘
13:04:34,10.71,-0.02,8,8568,卖盘
13:04:37,10.71,0.0,24,25704,卖盘
13:04:40,10.71,0.0,74,79258,卖盘
13:04:49,10.71,0.0,67,71795,卖盘
13:04:52,10.71,0.0,16,17140,卖盘
13:04:58,10.71,0.0,10,10710,卖盘
13:05:07,10.73,0.02,114,122160,买盘
13:05:10,10.71,-0.02,93,99681,卖盘
13:05:13,10.73,0.02,12,12876,买盘
13:05:16,10.71,-0.02,17,18216,卖盘
13:05:19,10.71,0.0,5,5355,卖盘
13:05:22,10.73,0.02,24,25718,买盘
13:05:28,10.73,0.0,23,24675,买盘
13:05:31,10.73,0.0,33,35377,买盘
13:05:34,10.73,0.0,10,10729,买盘
13:05:37,10.72,-0.01,1,1072,卖盘
13:05:40,10.73,0.01,60,64380,买盘
13:05:43,10.73,0.0,14,15022,买盘
13:05:49,10.72,-0.01,59,63253,卖盘
13:05:52,10.72,0.0,44,47170,卖盘
13:05:55,10.72,0.0,4,4288,卖盘
13:05:58,10.72,0.0,5,5360,买盘
13:06:01,10.72,0.0,11,11792,卖盘
13:06:04,10.72,0.0,16,17150,买盘
13:06:07,10.72,0.0,35,37520,卖盘
13:06:10,10.72,0.0,58,62176,买盘
13:06:13,10.73,0.01,186,199366,买盘
13:06:16,10.72,-0.01,34,36453,卖盘
13:06:19,10.72,0.0,2,2145,卖盘
13:06:25,10.72,0.0,30,32160,卖盘
13:06:28,10.72,0.0,1,1072,卖盘
13:06:31,10.72,0.0,3,3216,卖盘
13:06:34,10.73,0.01,38,40744,买盘
13:06:37,10.72,-0.01,19,20368,卖盘
13:06:40,10.73,0.01,1,1073,买盘
13:06:43,10.73,0.0,3,3219,买盘
13:06:46,10.72,-0.01,47,50386,卖盘
13:06:49,10.72,0.0,4,4289,卖盘
13:06:52,10.72,0.0,439,470870,卖盘
13:06:55,10.72,0.0,110,117920,卖盘
13:06:58,10.73,0.01,10,10730,买盘
13:07:01,10.73,0.0,4,4292,买盘
13:07:04,10.72,-0.01,142,152224,卖盘
13:07:07,10.73,0.01,2,2146,买盘
13:07:10,10.72,-0.01,10,10720,卖盘
13:07:13,10.73,0.01,2,2146,买盘
13:07:16,10.73,0.0,4,4291,买盘
13:07:19,10.73,0.0,30,32169,买盘
13:07:22,10.73,0.0,22,23604,买盘
13:07:25,10.73,0.0,24,25752,买盘
13:07:28,10.73,0.0,231,247863,买盘
13:07:37,10.75,0.02,60,64480,买盘
13:07:46,10.75,0.0,26,27950,买盘
13:07:49,10.75,0.0,4,4300,买盘
13:07:52,10.75,0.0,37,39775,买盘
13:07:58,10.75,0.0,6,6470,卖盘
13:08:01,10.75,0.0,5,5375,卖盘
13:08:04,10.78,0.03,7,7546,买盘
13:08:07,10.78,0.0,5,5390,买盘
13:08:10,10.78,0.0,7,7546,买盘
13:08:13,10.78,0.0,81,87318,买盘
13:08:16,10.78,0.0,13,14016,卖盘
13:08:22,10.79,0.01,14,15104,买盘
13:08:25,10.78,-0.01,70,75529,卖盘
13:08:31,10.79,0.01,35,37765,买盘
13:08:34,10.79,0.0,45,48535,买盘
13:08:37,10.79,0.0,106,114374,买盘
13:08:40,10.79,0.0,35,37765,卖盘
13:08:46,10.79,0.0,113,121907,卖盘
13:08:49,10.8,0.01,60,64783,买盘
13:08:52,10.8,0.0,47,50760,买盘
13:08:58,10.82,0.02,12,12984,买盘
13:09:01,10.82,0.0,3,3246,买盘
13:09:04,10.82,0.0,25,27050,买盘
13:09:07,10.82,0.0,5,5410,中性盘
13:09:10,10.82,0.0,150,162377,卖盘
13:09:13,10.81,-0.01,30,32430,卖盘
13:09:16,10.81,0.0,14,15122,买盘
13:09:19,10.81,0.0,13,14046,买盘
13:09:22,10.8,-0.01,170,183655,卖盘
13:09:25,10.81,0.01,1,1081,买盘
13:09:28,10.81,0.0,5,5405,卖盘
13:09:31,10.82,0.01,7,7574,买盘
13:09:34,10.82,0.0,24,25949,买盘
13:09:37,10.81,-0.01,82,88642,卖盘
13:09:43,10.8,-0.01,25,27000,卖盘
13:09:46,10.81,0.01,30,32430,买盘
13:09:49,10.81,0.0,41,44311,买盘
13:09:55,10.81,0.0,106,114586,买盘
13:09:58,10.81,0.0,42,45396,买盘
13:10:01,10.8,-0.01,70,75650,卖盘
13:10:04,10.8,0.0,150,162076,卖盘
13:10:07,10.8,0.0,44,47561,卖盘
13:10:13,10.8,0.0,1,1080,卖盘
13:10:16,10.81,0.01,19,20529,买盘
13:10:19,10.8,-0.01,59,63720,卖盘
13:10:22,10.8,0.0,12,12960,卖盘
13:10:25,10.81,0.01,15,16215,买盘
13:10:28,10.8,-0.01,274,295923,卖盘
13:10:31,10.8,0.0,103,111240,卖盘
13:10:34,10.8,0.0,40,43199,卖盘
13:10:37,10.8,0.0,40,43200,买盘
13:10:40,10.8,0.0,28,30229,买盘
13:10:43,10.8,0.0,67,72310,买盘
13:10:46,10.79,-0.01,2,2158,中性盘
13:10:49,10.79,0.0,37,39923,买盘
13:10:52,10.78,-0.01,5,5390,卖盘
13:10:58,10.78,0.0,69,74383,卖盘
13:11:01,10.77,-0.01,33,35559,卖盘
13:11:04,10.77,0.0,5,5385,卖盘
13:11:13,10.76,-0.01,2,2153,卖盘
13:11:16,10.76,0.0,121,130214,卖盘
13:11:19,10.76,0.0,26,27976,买盘
13:11:22,10.76,0.0,3,3228,买盘
13:11:25,10.76,0.0,10,10760,买盘
13:11:31,10.76,0.0,1,1076,买盘
13:11:34,10.75,-0.01,76,81701,卖盘
13:11:37,10.76,0.01,38,40853,买盘
13:11:40,10.76,0.0,16,17212,买盘
13:11:43,10.75,-0.01,14,15052,卖盘
13:11:46,10.76,0.01,4,4304,买盘
13:11:49,10.75,-0.01,37,39777,卖盘
13:11:52,10.75,0.0,8,8600,卖盘
13:11:55,10.75,0.0,31,33325,卖盘
13:12:01,10.75,0.0,8,8600,卖盘
13:12:04,10.74,-0.01,11,11814,卖盘
13:12:07,10.72,-0.02,200,214460,卖盘
13:12:13,10.73,0.01,58,62234,中性盘
13:12:16,10.75,0.02,149,160071,买盘
13:12:19,10.72,-0.03,93,99718,卖盘
13:12:22,10.72,0.0,2,2144,买盘
13:12:25,10.72,0.0,6,6432,买盘
13:12:28,10.72,0.0,19,20367,买盘
13:12:31,10.73,0.01,62,66526,买盘
13:12:37,10.73,0.0,2,2146,卖盘
13:12:43,10.73,0.0,47,50431,卖盘
13:12:46,10.72,-0.01,52,55748,卖盘
13:12:49,10.72,0.0,18,19311,卖盘
13:12:52,10.72,0.0,7,7504,卖盘
13:12:55,10.73,0.01,24,25738,买盘
13:12:58,10.72,-0.01,20,21432,卖盘
13:13:01,10.72,0.0,19,20368,买盘
13:13:04,10.72,0.0,38,40723,买盘
13:13:07,10.71,-0.01,5,5357,卖盘
13:13:10,10.72,0.01,22,23584,买盘
13:13:16,10.72,0.0,197,211134,买盘
13:13:19,10.72,0.0,10,10720,买盘
13:13:22,10.72,0.0,3,3216,买盘
13:13:25,10.72,0.0,5,5360,买盘
13:13:28,10.72,0.0,313,335534,买盘
13:13:34,10.72,0.0,6,6432,卖盘
13:13:37,10.73,0.01,62,66507,买盘
13:13:43,10.73,0.0,1,1073,买盘
13:13:46,10.73,0.0,6,6433,买盘
13:13:49,10.73,0.0,102,109347,买盘
13:13:52,10.72,-0.01,3,3216,卖盘
13:13:55,10.72,0.0,13,13945,卖盘
13:13:58,10.72,0.0,5,5360,卖盘
13:14:04,10.72,0.0,44,47168,卖盘
13:14:07,10.72,0.0,49,52528,卖盘
13:14:10,10.72,0.0,4,4288,买盘
13:14:13,10.71,-0.01,22,23565,卖盘
13:14:16,10.72,0.01,108,115776,买盘
13:14:19,10.72,0.0,25,26800,卖盘
13:14:22,10.72,0.0,6,6432,买盘
13:14:25,10.71,-0.01,66,70686,卖盘
13:14:28,10.72,0.01,5,5360,买盘
13:14:31,10.72,0.0,78,83595,买盘
13:14:34,10.71,-0.01,12,12862,卖盘
13:14:37,10.72,0.01,22,23584,买盘
13:14:40,10.72,0.0,51,54662,买盘
13:14:46,10.71,-0.01,34,36416,卖盘
13:14:52,10.71,0.0,25,26775,卖盘
13:14:58,10.71,0.0,41,43911,卖盘
13:15:01,10.72,0.01,18,19283,买盘
13:15:04,10.72,0.0,5,5360,买盘
13:15:07,10.71,-0.01,12,12852,卖盘
13:15:10,10.72,0.01,42,45024,买盘
13:15:13,10.71,-0.01,3,3213,卖盘
13:15:19,10.72,0.01,16,17142,买盘
13:15:22,10.71,-0.01,5,5355,卖盘
13:15:25,10.71,0.0,24,25704,卖盘
13:15:28,10.71,0.0,6,6427,卖盘
13:15:31,10.72,0.01,3,3216,买盘
13:15:34,10.71,-0.01,118,126443,卖盘
13:15:37,10.71,0.0,24,25704,卖盘
13:15:40,10.71,0.0,43,46076,卖盘
13:15:43,10.71,0.0,49,52524,卖盘
13:15:46,10.71,0.0,10,10710,卖盘
13:15:49,10.71,0.0,174,186464,卖盘
13:15:52,10.72,0.01,39,41799,买盘
13:15:55,10.71,-0.01,76,81428,卖盘
13:15:58,10.72,0.01,17,18217,中性盘
13:16:01,10.72,0.0,5,5360,买盘
13:16:04,10.72,0.0,53,56816,卖盘
13:16:07,10.72,0.0,5,5360,买盘
13:16:10,10.72,0.0,7,7504,买盘
13:16:13,10.72,0.0,27,28944,买盘
13:16:16,10.72,0.0,1,1072,买盘
13:16:19,10.72,0.0,62,66464,买盘
13:16:25,10.72,0.0,5,5360,买盘
13:16:28,10.72,0.0,127,136126,买盘
13:16:31,10.72,0.0,5,5360,买盘
13:16:37,10.72,0.0,26,27872,卖盘
13:16:40,10.72,0.0,61,65336,买盘
13:16:43,10.72,0.0,8,8576,买盘
13:16:46,10.72,0.0,5,5360,买盘
13:16:49,10.71,-0.01,6,6426,卖盘
13:16:52,10.71,0.0,14,14999,卖盘
13:16:55,10.71,0.0,4,4284,卖盘
13:16:58,10.71,0.0,24,25704,卖盘
13:17:01,10.71,0.0,137,146756,卖盘
13:17:04,10.7,-0.01,2029,2171550,卖盘
13:17:07,10.7,0.0,6,6416,买盘
13:17:10,10.7,0.0,29,31026,买盘
13:17:13,10.69,-0.01,115,122948,卖盘
13:17:16,10.68,-0.01,254,271272,卖盘
13:17:19,10.68,0.0,95,101465,卖盘
13:17:22,10.68,0.0,172,183696,卖盘
13:17:25,10.68,0.0,107,114276,卖盘
13:17:31,10.67,-0.01,78,83229,卖盘
13:17:34,10.68,0.01,96,102493,买盘
13:17:37,10.67,-0.01,8,8536,卖盘
13:17:40,10.66,-0.01,39,41574,卖盘
13:17:43,10.66,0.0,314,334701,卖盘
13:17:46,10.65,-0.01,147,156562,卖盘
13:17:49,10.65,0.0,16,17043,卖盘
13:17:52,10.65,0.0,6,6395,卖盘
13:17:55,10.64,-0.01,161,171458,卖盘
13:17:58,10.65,0.01,4,4260,买盘
13:18:01,10.64,-0.01,81,86184,卖盘
13:18:04,10.64,0.0,1,1064,买盘
13:18:07,10.64,0.0,65,69101,买盘
13:18:10,10.62,-0.02,259,275201,卖盘
13:18:13,10.61,-0.01,232,246363,卖盘
13:18:16,10.61,0.0,81,85943,卖盘
13:18:19,10.62,0.01,32,33963,买盘
13:18:22,10.63,0.01,19,20190,买盘
13:18:25,10.65,0.02,279,296960,买盘
13:18:28,10.64,-0.01,78,83030,卖盘
13:18:34,10.64,0.0,52,55356,卖盘
13:18:37,10.66,0.02,66,70320,买盘
13:18:40,10.64,-0.02,57,60672,卖盘
13:18:43,10.64,0.0,34,36176,买盘
13:18:46,10.64,0.0,60,63814,买盘
13:18:49,10.64,0.0,47,50008,买盘
13:18:52,10.64,0.0,191,203124,买盘
13:18:55,10.64,0.0,72,76608,卖盘
13:18:58,10.62,-0.02,46,48890,卖盘
13:19:01,10.64,0.02,37,39332,买盘
13:19:04,10.64,0.0,12,12748,买盘
13:19:07,10.62,-0.02,13,13814,卖盘
13:19:10,10.64,0.02,50,53200,买盘
13:19:13,10.62,-0.02,88,93467,卖盘
13:19:16,10.62,0.0,64,68022,卖盘
13:19:19,10.62,0.0,96,101952,卖盘
13:19:22,10.62,0.0,28,29736,卖盘
13:19:25,10.62,0.0,71,75442,卖盘
13:19:28,10.63,0.01,34,36132,买盘
13:19:31,10.63,0.0,25,26575,买盘
13:19:34,10.64,0.01,6,6379,买盘
13:19:40,10.64,0.0,10,10640,买盘
13:19:43,10.64,0.0,20,21280,买盘
13:19:46,10.64,0.0,26,27664,买盘
13:19:49,10.64,0.0,32,34048,卖盘
13:19:52,10.64,0.0,6,6384,卖盘
13:19:58,10.64,0.0,12,12770,卖盘
13:20:01,10.64,0.0,89,94706,卖盘
13:20:07,10.65,0.01,4,4260,买盘
13:20:10,10.65,0.0,21,22383,卖盘
13:20:13,10.66,0.01,66,70356,买盘
13:20:19,10.65,-0.01,51,54354,卖盘
13:20:22,10.66,0.01,44,46874,买盘
13:20:25,10.66,0.0,164,174663,买盘
13:20:28,10.66,0.0,80,85230,买盘
13:20:31,10.66,0.0,13,13858,买盘
13:20:34,10.66,0.0,24,25584,买盘
13:20:37,10.66,0.0,4,4264,买盘
13:20:40,10.65,-0.01,5,5329,卖盘
13:20:43,10.65,0.0,53,56454,卖盘
13:20:49,10.65,0.0,72,76726,卖盘
13:20:52,10.66,0.01,25,26630,买盘
13:20:55,10.65,-0.01,60,63900,卖盘
13:20:58,10.67,0.02,65,69295,买盘
13:21:07,10.67,0.0,146,155560,买盘
13:21:10,10.67,0.0,7,7469,买盘
13:21:13,10.67,0.0,5,5335,卖盘
13:21:16,10.68,0.01,1,1068,买盘
13:21:19,10.67,-0.01,51,54417,卖盘
13:21:22,10.67,0.0,48,51216,买盘
13:21:25,10.67,0.0,45,48015,买盘
13:21:28,10.66,-0.01,35,37313,卖盘
13:21:31,10.66,0.0,18,19200,卖盘
13:21:34,10.66,0.0,40,42621,卖盘
13:21:37,10.67,0.01,2,2134,卖盘
13:21:43,10.67,0.0,4,4268,买盘
13:21:46,10.67,0.0,10,10670,买盘
13:21:49,10.67,0.0,8,8534,买盘
13:21:52,10.67,0.0,3,3201,买盘
13:21:58,10.67,0.0,2,2134,买盘
13:22:04,10.67,0.0,10,10670,买盘
13:22:07,10.67,0.0,1,1067,买盘
13:22:10,10.67,0.0,1,1067,买盘
13:22:13,10.67,0.0,5,5335,买盘
13:22:16,10.67,0.0,76,81092,买盘
13:22:19,10.67,0.0,22,23474,卖盘
13:22:22,10.67,0.0,117,124839,卖盘
13:22:25,10.67,0.0,4,4268,卖盘
13:22:28,10.67,0.0,60,64070,卖盘
13:22:31,10.68,0.01,146,155792,买盘
13:22:34,10.67,-0.01,40,42697,中性盘
13:22:40,10.67,0.0,20,21357,卖盘
13:22:43,10.67,0.0,126,134547,卖盘
13:22:46,10.67,0.0,11,11740,卖盘
13:22:49,10.68,0.01,1,1068,买盘
13:22:52,10.68,0.0,35,37380,买盘
13:22:55,10.69,0.01,1,1069,买盘
13:22:58,10.69,0.0,53,56657,买盘
13:23:01,10.7,0.01,62,66340,买盘
13:23:04,10.69,-0.01,8,8552,卖盘
13:23:07,10.7,0.01,81,86670,买盘
13:23:16,10.7,0.0,8,8566,卖盘
13:23:22,10.71,0.01,27,28917,买盘
13:23:31,10.71,0.0,28,29983,买盘
13:23:34,10.72,0.01,20,21422,买盘
13:23:40,10.72,0.0,62,66464,买盘
13:23:43,10.71,-0.01,14,15000,卖盘
13:23:46,10.71,0.0,10,10718,卖盘
13:23:49,10.73,0.02,185,198505,买盘
13:23:52,10.73,0.0,11,11803,买盘
13:23:55,10.71,-0.02,10,10716,卖盘
13:23:58,10.73,0.02,4,4292,买盘
13:24:01,10.73,0.0,3,3219,买盘
13:24:04,10.73,0.0,19,20377,买盘
13:24:07,10.73,0.0,8,8584,买盘
13:24:10,10.73,0.0,15,16091,买盘
13:24:13,10.72,-0.01,20,21441,卖盘
13:24:16,10.73,0.01,36,38628,买盘
13:24:19,10.73,0.0,20,21460,买盘
13:24:22,10.73,0.0,7,7511,买盘
13:24:25,10.73,0.0,20,21460,买盘
13:24:28,10.72,-0.01,51,54672,卖盘
13:24:31,10.73,0.01,39,41839,买盘
13:24:34,10.72,-0.01,47,50384,中性盘
13:24:37,10.7,-0.02,192,205581,卖盘
13:24:40,10.69,-0.01,29,31051,卖盘
13:24:49,10.69,0.0,7,7483,卖盘
13:24:52,10.69,0.0,18,19244,卖盘
13:24:55,10.71,0.02,5,5347,买盘
13:24:58,10.69,-0.02,29,31001,卖盘
13:25:01,10.69,0.0,14,14966,卖盘
13:25:04,10.69,0.0,47,50288,卖盘
13:25:07,10.69,0.0,41,43827,卖盘
13:25:10,10.69,0.0,3,3207,买盘
13:25:16,10.68,-0.01,17,18163,卖盘
13:25:19,10.68,0.0,35,37380,卖盘
13:25:22,10.69,0.01,67,71592,买盘
13:25:25,10.69,0.0,67,71623,买盘
13:25:31,10.69,0.0,1,1069,卖盘
13:25:34,10.69,0.0,69,73761,卖盘
13:25:40,10.68,-0.01,12,12816,卖盘
13:25:43,10.68,0.0,446,476330,卖盘
13:25:46,10.68,0.0,5,5340,买盘
13:25:52,10.67,-0.01,23,24546,卖盘
13:25:55,10.67,0.0,323,344694,卖盘
13:25:58,10.67,0.0,14,14938,买盘
13:26:01,10.67,0.0,1,1067,买盘
13:26:07,10.67,0.0,36,38412,买盘
13:26:10,10.67,0.0,4,4268,卖盘
13:26:13,10.67,0.0,2,2134,卖盘
13:26:16,10.67,0.0,3,3201,买盘
13:26:19,10.67,0.0,3,3201,买盘
13:26:25,10.67,0.0,18,19206,买盘
13:26:28,10.67,0.0,60,63969,买盘
13:26:34,10.67,0.0,3,3201,卖盘
13:26:37,10.67,0.0,37,39491,卖盘
13:26:46,10.68,0.01,41,43788,卖盘
13:26:49,10.68,0.0,11,11748,卖盘
13:26:55,10.68,0.0,68,72624,卖盘
13:26:58,10.68,0.0,65,69420,买盘
13:27:01,10.68,0.0,231,246708,买盘
13:27:04,10.68,0.0,15,16020,买盘
13:27:07,10.67,-0.01,40,42700,卖盘
13:27:10,10.68,0.01,64,68301,买盘
13:27:13,10.67,-0.01,126,134563,卖盘
13:27:16,10.68,0.01,48,51221,买盘
13:27:19,10.68,0.0,36,38428,买盘
13:27:22,10.68,0.0,20,21360,买盘
13:27:25,10.68,0.0,87,92915,买盘
13:27:28,10.68,0.0,3,3204,卖盘
13:27:34,10.68,0.0,23,24564,卖盘
13:27:37,10.67,-0.01,23,24541,卖盘
13:27:43,10.67,0.0,1,1067,卖盘
13:27:46,10.68,0.01,4,4272,买盘
13:27:49,10.67,-0.01,9,9603,卖盘
13:27:52,10.67,0.0,12,12806,卖盘
13:27:55,10.68,0.01,68,72624,买盘
13:28:01,10.68,0.0,47,50196,买盘
13:28:07,10.68,0.0,18,19224,卖盘
13:28:19,10.69,0.01,15,16035,买盘
13:28:22,10.69,0.0,41,43829,买盘
13:28:25,10.69,0.0,10,10690,卖盘
13:28:34,10.7,0.01,41,43855,买盘
13:28:37,10.7,0.0,35,37450,买盘
13:28:40,10.7,0.0,109,116630,买盘
13:28:46,10.71,0.01,25,26772,买盘
13:28:49,10.71,0.0,10,10710,买盘
13:28:52,10.71,0.0,13,13923,买盘
13:28:55,10.73,0.02,214,229403,买盘
13:28:58,10.7,-0.03,15,16050,卖盘
13:29:04,10.73,0.03,80,85835,买盘
13:29:07,10.73,0.0,6,6438,买盘
13:29:10,10.73,0.0,137,147001,买盘
13:29:13,10.73,0.0,10,10730,买盘
13:29:16,10.73,0.0,115,123395,买盘
13:29:19,10.74,0.01,103,110522,买盘
13:29:22,10.74,0.0,24,25776,买盘
13:29:28,10.75,0.01,81,87075,买盘
13:29:31,10.75,0.0,5,5375,卖盘
13:29:34,10.76,0.01,12,12912,买盘
13:29:37,10.76,0.0,25,26890,买盘
13:29:40,10.77,0.01,23,24770,买盘
13:29:43,10.77,0.0,7,7539,买盘
13:29:46,10.78,0.01,20,21560,买盘
13:29:49,10.78,0.0,6,6468,买盘
13:29:52,10.78,0.0,1,1078,卖盘
13:29:55,10.79,0.01,16,17253,买盘
13:29:58,10.79,0.0,37,39923,买盘
13:30:01,10.79,0.0,97,104583,买盘
13:30:04,10.79,0.0,57,61503,买盘
13:30:07,10.79,0.0,77,83083,买盘
13:30:10,10.79,0.0,39,42081,卖盘
13:30:13,10.8,0.01,110,118700,买盘
13:30:16,10.79,-0.01,44,47476,卖盘
13:30:19,10.79,0.0,12,12948,买盘
13:30:22,10.79,0.0,58,62577,买盘
13:30:25,10.79,0.0,191,206015,买盘
13:30:28,10.79,0.0,261,281523,买盘
13:30:31,10.79,0.0,76,82014,卖盘
13:30:34,10.78,-0.01,4,4312,卖盘
13:30:40,10.78,0.0,8,8624,买盘
13:30:43,10.78,0.0,40,43120,买盘
13:30:46,10.78,0.0,23,24786,买盘
13:30:49,10.78,0.0,123,132531,买盘
13:30:52,10.77,-0.01,10,10770,卖盘
13:30:58,10.78,0.01,25,26950,买盘
13:31:01,10.77,-0.01,38,40931,卖盘
13:31:04,10.76,-0.01,23,24766,卖盘
13:31:07,10.77,0.01,72,77544,买盘
13:31:22,10.77,0.0,1,1077,买盘
13:31:25,10.77,0.0,40,43080,买盘
13:31:28,10.77,0.0,56,60262,买盘
13:31:31,10.77,0.0,35,37695,买盘
13:31:34,10.76,-0.01,74,79632,卖盘
13:31:37,10.75,-0.01,88,94678,卖盘
13:31:40,10.76,0.01,25,26900,买盘
13:31:43,10.76,0.0,5,5380,卖盘
13:31:46,10.77,0.01,200,215370,买盘
13:31:52,10.75,-0.02,33,35475,卖盘
13:31:55,10.75,0.0,2,2150,买盘
13:31:58,10.74,-0.01,10,10740,卖盘
13:32:04,10.75,0.01,7,7519,买盘
13:32:10,10.75,0.0,22,23632,买盘
13:32:16,10.74,-0.01,116,124584,卖盘
13:32:19,10.73,-0.01,25,26825,卖盘
13:32:22,10.74,0.01,248,266126,买盘
13:32:31,10.73,-0.01,10,10730,买盘
13:32:34,10.72,-0.01,17,18224,卖盘
13:32:37,10.73,0.01,36,38595,买盘
13:32:43,10.73,0.0,31,33263,买盘
13:32:46,10.71,-0.02,30,32156,卖盘
13:32:52,10.71,0.0,4,4284,卖盘
13:32:58,10.71,0.0,5,5355,卖盘
13:33:01,10.71,0.0,1,1071,卖盘
13:33:07,10.7,-0.01,65,69559,卖盘
13:33:10,10.7,0.0,7,7490,卖盘
13:33:16,10.71,0.01,62,66352,买盘
13:33:19,10.7,-0.01,110,117700,卖盘
13:33:25,10.7,0.0,2,2140,卖盘
13:33:34,10.71,0.01,45,48195,买盘
13:33:37,10.7,-0.01,3,3210,卖盘
13:33:40,10.7,0.0,116,124143,卖盘
13:33:43,10.7,0.0,16,17120,卖盘
13:33:49,10.7,0.0,200,214080,卖盘
13:33:52,10.7,0.0,54,57792,卖盘
13:33:55,10.7,0.0,6,6420,买盘
13:34:01,10.69,-0.01,39,41699,卖盘
13:34:04,10.7,0.01,19,20323,买盘
13:34:07,10.7,0.0,4,4280,买盘
13:34:10,10.7,0.0,121,129466,买盘
13:34:16,10.7,0.0,17,18190,买盘
13:34:19,10.7,0.0,187,199910,买盘
13:34:22,10.7,0.0,21,22470,卖盘
13:34:25,10.71,0.01,96,102785,买盘
13:34:28,10.71,0.0,20,21420,卖盘
13:34:31,10.71,0.0,10,10710,卖盘
13:34:34,10.71,0.0,1,1071,卖盘
13:34:37,10.71,0.0,11,11787,卖盘
13:34:43,10.71,0.0,19,20349,卖盘
13:34:46,10.72,0.01,2,2144,买盘
13:34:52,10.71,-0.01,60,64260,卖盘
13:34:55,10.72,0.01,33,35376,买盘
13:34:58,10.71,-0.01,11,11790,卖盘
13:35:01,10.72,0.01,102,109294,买盘
13:35:10,10.73,0.01,99,106227,买盘
13:35:16,10.73,0.0,10,10730,卖盘
13:35:19,10.74,0.01,12,12888,买盘
13:35:22,10.74,0.0,1,1074,卖盘
13:35:25,10.75,0.01,4,4298,买盘
13:35:28,10.74,-0.01,2,2148,卖盘
13:35:34,10.75,0.01,168,180600,买盘
13:35:37,10.75,0.0,52,55900,买盘
13:35:40,10.75,0.0,186,199950,买盘
13:35:43,10.75,0.0,179,192265,买盘
13:35:46,10.75,0.0,21,22575,买盘
13:35:49,10.75,0.0,146,156950,买盘
13:35:55,10.76,0.01,23,24748,买盘
13:35:58,10.75,-0.01,2,2150,卖盘
13:36:01,10.76,0.01,1,1076,买盘
13:36:04,10.76,0.0,3,3228,买盘
13:36:07,10.75,-0.01,48,51610,卖盘
13:36:10,10.78,0.03,45,48480,买盘
13:36:13,10.78,0.0,102,109957,卖盘
13:36:19,10.79,0.01,2,2157,买盘
13:36:22,10.78,-0.01,2,2156,卖盘
13:36:25,10.79,0.01,113,121847,买盘
13:36:28,10.79,0.0,1,1079,买盘
13:36:31,10.79,0.0,77,83083,买盘
13:36:37,10.8,0.01,132,142560,买盘
13:36:40,10.79,-0.01,8,8636,卖盘
13:36:43,10.8,0.01,255,275400,买盘
13:36:46,10.8,0.0,10,10800,卖盘
13:36:49,10.81,0.01,1,1081,买盘
13:36:52,10.8,-0.01,39,42155,卖盘
13:36:55,10.81,0.01,26,28106,买盘
13:36:58,10.81,0.0,40,43241,卖盘
13:37:01,10.81,0.0,29,31369,卖盘
13:37:04,10.8,-0.01,50,54011,卖盘
13:37:07,10.81,0.01,31,33541,中性盘
13:37:10,10.81,0.0,19,20539,卖盘
13:37:13,10.81,0.0,33,35668,买盘
13:37:16,10.81,0.0,30,32430,买盘
13:37:19,10.82,0.01,63,68138,买盘
13:37:22,10.81,-0.01,21,22690,中性盘
13:37:25,10.8,-0.01,69,74520,卖盘
13:37:28,10.8,0.0,53,57240,买盘
13:37:31,10.8,0.0,1,1080,买盘
13:37:34,10.79,-0.01,23,24822,卖盘
13:37:40,10.8,0.01,7,7555,买盘
13:37:43,10.79,-0.01,20,21563,中性盘
13:37:49,10.79,0.0,7,7553,买盘
13:37:52,10.8,0.01,20,21600,买盘
13:37:55,10.81,0.01,335,361815,买盘
13:37:58,10.79,-0.02,30,32371,卖盘
13:38:01,10.82,0.03,3,3245,买盘
13:38:04,10.81,-0.01,1,1081,中性盘
13:38:07,10.81,0.0,30,32415,买盘
13:38:10,10.81,0.0,1,1081,买盘
13:38:13,10.81,0.0,21,22701,买盘
13:38:19,10.81,0.0,10,10810,买盘
13:38:22,10.8,-0.01,4,4320,卖盘
13:38:25,10.81,0.01,40,43240,买盘
13:38:31,10.81,0.0,10,10810,买盘
13:38:34,10.81,0.0,65,70215,买盘
13:38:37,10.81,0.0,46,49737,卖盘
13:38:40,10.82,0.01,69,74654,买盘
13:38:43,10.82,0.0,326,352447,买盘
13:38:46,10.81,-0.01,83,89802,中性盘
13:38:49,10.82,0.01,66,71366,买盘
13:38:52,10.82,0.0,2,2164,买盘
13:38:55,10.82,0.0,23,24886,买盘
13:38:58,10.82,0.0,10,10820,买盘
13:39:01,10.82,0.0,22,23804,买盘
13:39:04,10.82,0.0,133,143906,卖盘
13:39:07,10.83,0.01,37,40070,买盘
13:39:10,10.83,0.0,24,25992,买盘
13:39:13,10.83,0.0,1,1083,买盘
13:39:16,10.82,-0.01,45,48690,卖盘
13:39:19,10.83,0.01,7,7581,买盘
13:39:22,10.83,0.0,5,5415,买盘
13:39:25,10.84,0.01,399,432201,买盘
13:39:31,10.83,-0.01,25,27080,中性盘
13:39:34,10.83,0.0,110,119130,卖盘
13:39:37,10.84,0.01,41,44427,买盘
13:39:40,10.84,0.0,23,24932,买盘
13:39:43,10.84,0.0,3,3252,买盘
13:39:46,10.84,0.0,94,101873,买盘
13:39:49,10.85,0.01,228,247162,买盘
13:39:52,10.84,-0.01,18,19512,卖盘
13:39:55,10.85,0.01,356,386256,买盘
13:39:58,10.85,0.0,58,62930,买盘
13:40:01,10.85,0.0,115,124775,买盘
13:40:04,10.85,0.0,36,39060,买盘
13:40:07,10.85,0.0,74,80290,买盘
13:40:10,10.85,0.0,104,112890,买盘
13:40:13,10.86,0.01,8,8688,买盘
13:40:16,10.85,-0.01,157,170398,卖盘
13:40:19,10.86,0.01,38,41268,买盘
13:40:22,10.86,0.0,17,18462,卖盘
13:40:25,10.87,0.01,15,16305,买盘
13:40:28,10.86,-0.01,53,57608,卖盘
13:40:31,10.87,0.01,17,18479,买盘
13:40:34,10.87,0.0,12,13044,卖盘
13:40:37,10.88,0.01,49,53301,买盘
13:40:40,10.88,0.0,63,68514,买盘
13:40:43,10.87,-0.01,69,75046,卖盘
13:40:46,10.87,0.0,11,11966,卖盘
13:40:49,10.88,0.01,158,171904,买盘
13:40:52,10.88,0.0,45,48960,卖盘
13:40:55,10.89,0.01,242,263528,买盘
13:41:01,10.9,0.01,143,155850,买盘
13:41:04,10.9,0.0,115,125310,买盘
13:41:07,10.9,0.0,371,404390,买盘
13:41:10,10.9,0.0,10,10900,卖盘
13:41:13,10.92,0.02,53,57843,买盘
13:41:16,10.91,-0.01,5,5455,卖盘
13:41:19,10.92,0.01,161,175812,买盘
13:41:22,10.93,0.01,19,20758,买盘
13:41:25,10.93,0.0,30,32790,买盘
13:41:31,10.94,0.01,102,111607,买盘
13:41:34,10.95,0.01,2,2190,买盘
13:41:37,10.95,0.0,131,143291,买盘
13:41:40,10.95,0.0,88,96360,买盘
13:41:43,10.95,0.0,317,347716,卖盘
13:41:46,10.98,0.03,56,61487,买盘
13:41:49,10.98,0.0,104,114182,买盘
13:41:52,10.97,-0.01,129,141629,中性盘
13:41:55,10.98,0.01,75,82304,买盘
13:41:58,10.97,-0.01,303,332614,卖盘
13:42:01,10.98,0.01,398,436136,买盘
13:42:04,10.98,0.0,76,83394,买盘
13:42:07,10.97,-0.01,450,493363,卖盘
13:42:10,10.97,0.0,214,234698,买盘
13:42:13,10.97,0.0,447,490161,买盘
13:42:16,10.95,-0.02,599,657461,卖盘
13:42:19,10.96,0.01,16,17525,买盘
13:42:22,10.95,-0.01,69,75575,卖盘
13:42:25,10.95,0.0,37,40513,买盘
13:42:28,10.93,-0.02,90,98546,卖盘
13:42:31,10.93,0.0,126,137838,卖盘
13:42:34,10.93,0.0,69,75457,卖盘
13:42:37,10.93,0.0,107,117023,卖盘
13:42:40,10.93,0.0,19,20767,卖盘
13:42:43,10.93,0.0,5,5465,买盘
13:42:46,10.91,-0.02,60,65500,卖盘
13:42:49,10.9,-0.01,93,101518,卖盘
13:42:52,10.91,0.01,53,57823,买盘
13:42:55,10.9,-0.01,214,233469,卖盘
13:42:58,10.91,0.01,58,63278,卖盘
13:43:01,10.89,-0.02,59,64268,卖盘
13:43:04,10.89,0.0,17,18513,买盘
13:43:07,10.88,-0.01,167,181696,卖盘
13:43:13,10.87,-0.01,17,18479,卖盘
13:43:16,10.87,0.0,204,221824,买盘
13:43:19,10.87,0.0,55,59785,卖盘
13:43:22,10.87,0.0,74,80382,卖盘
13:43:25,10.86,-0.01,7,7604,卖盘
13:43:28,10.87,0.01,16,17391,买盘
13:43:31,10.86,-0.01,80,86880,卖盘
13:43:34,10.87,0.01,39,42373,买盘
13:43:37,10.87,0.0,377,409449,买盘
13:43:43,10.87,0.0,92,100074,卖盘
13:43:46,10.87,0.0,69,75011,卖盘
13:43:49,10.87,0.0,45,48916,卖盘
13:43:52,10.88,0.01,3,3264,中性盘
13:43:58,10.9,0.02,91,99094,买盘
13:44:01,10.9,0.0,59,64310,买盘
13:44:04,10.92,0.02,180,196539,买盘
13:44:07,10.92,0.0,56,61146,买盘
13:44:10,10.91,-0.01,3,3273,卖盘
13:44:13,10.92,0.01,43,46943,买盘
13:44:16,10.92,0.0,28,30576,买盘
13:44:19,10.92,0.0,40,43680,买盘
13:44:22,10.92,0.0,69,75346,买盘
13:44:25,10.95,0.03,557,609161,买盘
13:44:28,10.92,-0.03,38,41500,卖盘
13:44:31,10.91,-0.01,60,65465,卖盘
13:44:34,10.92,0.01,16,17481,中性盘
13:44:37,10.92,0.0,10,10920,卖盘
13:44:40,10.95,0.03,1,1095,买盘
13:44:46,10.95,0.0,40,43800,买盘
13:44:49,10.95,0.0,2,2190,买盘
13:44:52,10.95,0.0,43,47085,买盘
13:44:55,10.93,-0.02,11,12024,卖盘
13:44:58,10.95,0.02,33,36115,买盘
13:45:04,10.94,-0.01,20,21886,卖盘
13:45:07,10.95,0.01,76,83165,买盘
13:45:10,10.95,0.0,15,16416,买盘
13:45:13,10.94,-0.01,71,77744,卖盘
13:45:16,10.95,0.01,103,112785,买盘
13:45:19,10.95,0.0,48,52560,卖盘
13:45:22,10.96,0.01,51,55852,买盘
13:45:25,10.96,0.0,81,88776,买盘
13:45:28,10.95,-0.01,23,25195,卖盘
13:45:31,10.96,0.01,184,201664,买盘
13:45:34,10.96,0.0,4,4384,卖盘
13:45:37,10.96,0.0,95,104157,卖盘
13:45:40,10.95,-0.01,132,144585,卖盘
13:45:43,10.95,0.0,34,37234,卖盘
13:45:46,10.96,0.01,79,86527,买盘
13:45:49,10.95,-0.01,27,29570,卖盘
13:45:52,10.95,0.0,243,266081,卖盘
13:45:55,10.95,0.0,2,2190,买盘
13:45:58,10.93,-0.02,22,24064,卖盘
13:46:01,10.93,0.0,104,113679,卖盘
13:46:04,10.93,0.0,400,437300,卖盘
13:46:07,10.93,0.0,115,125780,卖盘
13:46:10,10.92,-0.01,29,31689,卖盘
13:46:13,10.91,-0.01,97,105877,卖盘
13:46:16,10.91,0.0,27,29457,卖盘
13:46:22,10.91,0.0,30,32703,买盘
13:46:25,10.9,-0.01,115,125356,卖盘
13:46:28,10.9,0.0,111,120995,卖盘
13:46:31,10.9,0.0,33,35970,卖盘
13:46:34,10.9,0.0,59,64310,卖盘
13:46:37,10.86,-0.04,236,256684,卖盘
13:46:43,10.85,-0.01,1,1085,卖盘
13:46:46,10.85,0.0,52,56450,卖盘
13:46:49,10.85,0.0,9,9766,卖盘
13:46:52,10.85,0.0,6,6510,卖盘
13:46:55,10.85,0.0,51,55335,卖盘
13:47:01,10.85,0.0,20,21700,买盘
13:47:04,10.84,-0.01,65,70460,卖盘
13:47:07,10.83,-0.01,13,14079,卖盘
13:47:10,10.84,0.01,14,15165,买盘
13:47:13,10.83,-0.01,2,2166,卖盘
13:47:16,10.83,0.0,242,262293,卖盘
13:47:19,10.8,-0.03,132,142655,卖盘
13:47:22,10.83,0.03,33,35739,买盘
13:47:25,10.8,-0.03,15,16204,卖盘
13:47:37,10.81,0.01,15,16215,买盘
13:47:40,10.81,0.0,41,44321,买盘
13:47:43,10.83,0.02,66,71424,买盘
13:47:46,10.81,-0.02,4,4324,卖盘
13:47:49,10.83,0.02,35,37874,买盘
13:47:52,10.82,-0.01,2,2164,卖盘
13:47:58,10.83,0.01,6,6493,买盘
13:48:01,10.83,0.0,11,11913,买盘
13:48:04,10.83,0.0,44,47652,买盘
13:48:10,10.83,0.0,2,2166,卖盘
13:48:13,10.84,0.01,70,75818,买盘
13:48:16,10.83,-0.01,75,81334,卖盘
13:48:25,10.84,0.01,2,2168,卖盘
13:48:28,10.85,0.01,36,39025,买盘
13:48:31,10.84,-0.01,5,5420,卖盘
13:48:37,10.84,0.0,68,73750,卖盘
13:48:40,10.84,0.0,17,18428,卖盘
13:48:43,10.85,0.01,105,113920,买盘
13:48:49,10.85,0.0,4,4340,买盘
13:48:55,10.85,0.0,119,129115,买盘
13:48:58,10.85,0.0,1,1085,买盘
13:49:04,10.84,-0.01,10,10841,卖盘
13:49:10,10.85,0.01,62,67320,卖盘
13:49:13,10.85,0.0,56,60765,卖盘
13:49:16,10.84,-0.01,22,23852,卖盘
13:49:22,10.85,0.01,7,7595,卖盘
13:49:28,10.85,0.0,31,33659,卖盘
13:49:34,10.85,0.0,68,73780,卖盘
13:49:37,10.88,0.03,21,22806,买盘
13:49:40,10.89,0.01,30,32645,买盘
13:49:43,10.88,-0.01,10,10886,卖盘
13:49:46,10.89,0.01,2,2178,买盘
13:49:49,10.88,-0.01,18,19584,卖盘
13:49:52,10.88,0.0,112,121873,卖盘
13:49:58,10.89,0.01,25,27218,买盘
13:50:01,10.88,-0.01,1,1088,卖盘
13:50:04,10.88,0.0,35,38080,买盘
13:50:07,10.86,-0.02,13,14124,卖盘
13:50:13,10.88,0.02,36,39168,买盘
13:50:16,10.88,0.0,30,32645,买盘
13:50:19,10.86,-0.02,35,38010,卖盘
13:50:22,10.88,0.02,17,18492,买盘
13:50:25,10.88,0.0,5,5440,买盘
13:50:28,10.87,-0.01,1,1087,中性盘
13:50:31,10.87,0.0,3,3261,卖盘
13:50:40,10.87,0.0,2,2174,卖盘
13:50:43,10.87,0.0,5,5436,卖盘
13:50:49,10.87,0.0,10,10870,卖盘
13:50:52,10.87,0.0,10,10870,卖盘
13:50:55,10.87,0.0,4,4348,卖盘
13:50:58,10.87,0.0,5,5435,卖盘
13:51:01,10.88,0.01,36,39139,买盘
13:51:07,10.88,0.0,6,6528,买盘
13:51:10,10.88,0.0,75,81600,买盘
13:51:13,10.88,0.0,1,1088,买盘
13:51:16,10.88,0.0,18,19584,买盘
13:51:19,10.88,0.0,1,1088,买盘
13:51:28,10.88,0.0,17,18496,买盘
13:51:31,10.88,0.0,26,28288,买盘
13:51:34,10.88,0.0,10,10880,买盘
13:51:37,10.88,0.0,20,21760,买盘
13:51:40,10.88,0.0,7,7616,买盘
13:51:43,10.87,-0.01,34,36958,卖盘
13:51:46,10.88,0.01,1,1088,买盘
13:51:49,10.88,0.0,10,10880,买盘
13:51:52,10.87,-0.01,6,6522,卖盘
13:51:55,10.88,0.01,3,3264,买盘
13:52:01,10.87,-0.01,106,115223,卖盘
13:52:04,10.87,0.0,1,1087,买盘
13:52:07,10.87,0.0,5,5435,买盘
13:52:10,10.87,0.0,17,18479,买盘
13:52:13,10.87,0.0,5,5435,买盘
13:52:16,10.86,-0.01,23,24978,卖盘
13:52:19,10.86,0.0,1,1086,买盘
13:52:25,10.86,0.0,9,9774,买盘
13:52:28,10.86,0.0,12,13032,买盘
13:52:31,10.86,0.0,47,51031,买盘
13:52:34,10.85,-0.01,6,6510,卖盘
13:52:37,10.85,0.0,11,11935,卖盘
13:52:43,10.85,0.0,88,95480,卖盘
13:52:52,10.85,0.0,120,130200,买盘
13:52:58,10.85,0.0,36,39060,买盘
13:53:01,10.84,-0.01,174,188616,卖盘
13:53:07,10.83,-0.01,29,31407,卖盘
13:53:10,10.83,0.0,15,16245,卖盘
13:53:13,10.82,-0.01,2,2164,卖盘
13:53:19,10.84,0.02,79,85567,买盘
13:53:22,10.8,-0.04,216,233543,卖盘
13:53:31,10.8,0.0,16,17290,卖盘
13:53:34,10.82,0.02,14,15124,买盘
13:53:37,10.82,0.0,202,218164,买盘
13:53:40,10.82,0.0,7,7562,买盘
13:53:46,10.8,-0.02,23,24840,卖盘
13:53:52,10.8,0.0,7,7565,卖盘
13:54:01,10.8,0.0,78,84326,卖盘
13:54:07,10.8,0.0,2,2160,卖盘
13:54:10,10.8,0.0,145,156600,卖盘
13:54:13,10.8,0.0,98,105840,买盘
13:54:16,10.79,-0.01,5,5395,卖盘
13:54:19,10.8,0.01,153,165212,买盘
13:54:34,10.79,-0.01,89,96031,卖盘
13:54:40,10.79,0.0,1,1079,买盘
13:54:49,10.79,0.0,19,20501,买盘
13:54:52,10.79,0.0,11,11869,卖盘
13:54:55,10.79,0.0,4,4318,卖盘
13:54:58,10.78,-0.01,309,333138,卖盘
13:55:01,10.78,0.0,100,107800,买盘
13:55:07,10.78,0.0,7,7546,买盘
13:55:10,10.77,-0.01,4,4308,卖盘
13:55:13,10.78,0.01,8,8618,买盘
13:55:16,10.77,-0.01,55,59235,卖盘
13:55:19,10.77,0.0,5,5385,卖盘
13:55:22,10.77,0.0,50,53850,卖盘
13:55:25,10.78,0.01,1,1078,买盘
13:55:34,10.76,-0.02,32,34455,卖盘
13:55:37,10.78,0.02,6,6468,买盘
13:55:43,10.77,-0.01,6,6462,买盘
13:55:46,10.76,-0.01,8,8611,卖盘
13:55:49,10.76,0.0,2,2152,卖盘
13:55:52,10.76,0.0,20,21520,卖盘
13:55:55,10.76,0.0,16,17216,卖盘
13:56:01,10.76,0.0,11,11836,卖盘
13:56:04,10.76,0.0,126,135676,买盘
13:56:07,10.78,0.02,1,1078,买盘
13:56:10,10.78,0.0,28,30170,买盘
13:56:13,10.78,0.0,3,3234,买盘
13:56:16,10.76,-0.02,14,15074,卖盘
13:56:19,10.78,0.02,3,3234,买盘
13:56:22,10.76,-0.02,80,86146,卖盘
13:56:25,10.78,0.02,10,10780,买盘
13:56:31,10.76,-0.02,88,94692,卖盘
13:56:43,10.77,0.01,16,17231,买盘
13:56:49,10.77,0.0,57,61369,买盘
13:56:52,10.77,0.0,3,3231,买盘
13:56:55,10.78,0.01,10,10780,买盘
13:57:04,10.77,-0.01,46,49542,卖盘
13:57:10,10.78,0.01,1,1078,买盘
13:57:16,10.77,-0.01,13,14001,卖盘
13:57:19,10.77,0.0,3,3231,卖盘
13:57:22,10.77,0.0,13,14001,卖盘
13:57:25,10.77,0.0,20,21540,卖盘
13:57:34,10.78,0.01,3,3234,买盘
13:57:40,10.78,0.0,30,32340,买盘
13:57:43,10.78,0.0,210,226380,买盘
13:57:49,10.78,0.0,17,18320,买盘
13:57:52,10.78,0.0,27,29106,买盘
13:57:55,10.77,-0.01,4,4308,卖盘
13:57:58,10.78,0.01,94,101332,买盘
13:58:01,10.78,0.0,15,16166,买盘
13:58:07,10.77,-0.01,10,10772,卖盘
13:58:13,10.78,0.01,57,61440,买盘
13:58:16,10.77,-0.01,20,21540,卖盘
13:58:19,10.78,0.01,1,1078,买盘
13:58:22,10.78,0.0,124,133672,买盘
13:58:25,10.78,0.0,33,35574,买盘
13:58:28,10.78,0.0,65,70064,买盘
13:58:31,10.78,0.0,11,11858,买盘
13:58:34,10.78,0.0,5,5390,买盘
13:58:37,10.77,-0.01,115,123855,卖盘
13:58:40,10.78,0.01,118,127200,买盘
13:58:43,10.77,-0.01,13,14011,卖盘
13:58:46,10.78,0.01,8,8624,买盘
13:58:49,10.77,-0.01,53,57131,卖盘
13:58:52,10.77,0.0,20,21555,卖盘
13:58:55,10.78,0.01,2,2156,买盘
13:58:58,10.77,-0.01,38,40926,卖盘
13:59:01,10.77,0.0,1,1077,卖盘
13:59:07,10.77,0.0,260,280020,卖盘
13:59:13,10.78,0.01,30,32340,买盘
13:59:19,10.77,-0.01,33,35541,卖盘
13:59:22,10.78,0.01,5,5390,买盘
13:59:31,10.77,-0.01,43,46311,卖盘
13:59:34,10.78,0.01,1,1078,买盘
13:59:37,10.77,-0.01,103,110931,卖盘
13:59:40,10.78,0.01,4,4312,买盘
13:59:43,10.78,0.0,124,133672,买盘
13:59:46,10.79,0.01,2,2158,买盘
13:59:49,10.78,-0.01,1,1078,卖盘
13:59:52,10.78,0.0,178,191884,卖盘
13:59:58,10.78,0.0,6,6465,买盘
14:00:01,10.78,0.0,48,51719,买盘
14:00:04,10.78,0.0,1,1078,买盘
14:00:07,10.78,0.0,91,98098,买盘
14:00:10,10.78,0.0,41,44182,买盘
14:00:13,10.78,0.0,8,8624,买盘
14:00:16,10.77,-0.01,25,26925,卖盘
14:00:19,10.78,0.01,12,12936,买盘
14:00:22,10.78,0.0,11,11858,买盘
14:00:25,10.78,0.0,39,42042,买盘
14:00:28,10.78,0.0,10,10780,买盘
14:00:31,10.78,0.0,124,133672,买盘
14:00:34,10.78,0.0,2,2156,买盘
14:00:37,10.77,-0.01,1,1077,卖盘
14:00:46,10.78,0.01,6,6468,买盘
14:00:52,10.77,-0.01,25,26945,卖盘
