成交时间,成交价格,价格变动,成交量,成交金额,性质
09:25:03,3.88,0.0,8837,3428601,卖盘
09:30:00,3.9,0.02,1159,448165,买盘
09:30:04,3.91,0.01,2061,802116,买盘
09:30:06,3.88,-0.03,3818,1478351,中性盘
09:30:09,3.9,0.02,8173,3191630,买盘
09:30:12,3.99,0.09,8779,3467369,买盘
09:30:15,3.99,0.0,2456,980273,卖盘
09:30:18,3.98,-0.01,6225,2474906,卖盘
09:30:21,4.04,0.06,30113,12154527,买盘
09:30:24,4.04,0.0,4528,1829312,卖盘
09:30:27,4.04,0.0,3782,1527928,卖盘
09:30:30,4.04,0.0,11032,4456928,卖盘
09:30:33,4.04,0.0,6530,2638120,卖盘
09:30:36,4.04,0.0,8340,3369360,卖盘
09:30:39,4.04,0.0,7176,2899104,卖盘
09:30:42,4.04,0.0,7162,2893448,卖盘
09:30:45,4.04,0.0,921,372084,卖盘
09:30:48,4.04,0.0,2891,1167964,卖盘
09:30:51,4.04,0.0,986,398344,卖盘
09:30:54,4.04,0.0,4778,1930312,卖盘
09:30:57,4.04,0.0,498,201192,卖盘
09:31:00,4.04,0.0,591,238764,卖盘
09:31:03,4.04,0.0,284,114736,卖盘
09:31:06,4.04,0.0,714,288456,卖盘
09:31:09,4.04,0.0,653,263812,卖盘
09:31:12,4.04,0.0,451,182204,卖盘
09:31:15,4.04,0.0,1155,466620,卖盘
09:31:18,4.04,0.0,769,310676,卖盘
09:31:21,4.04,0.0,170,68842,卖盘
09:31:24,4.04,0.0,721,291284,卖盘
09:31:27,4.04,0.0,2278,920312,卖盘
09:31:30,4.04,0.0,498,201192,卖盘
09:31:33,4.04,0.0,2318,936472,卖盘
09:31:36,4.04,0.0,462,186648,卖盘
09:31:39,4.04,0.0,395,159580,卖盘
09:31:42,4.04,0.0,265,107060,卖盘
09:31:45,4.04,0.0,347,140188,卖盘
09:31:48,4.04,0.0,125,50500,卖盘
09:31:51,4.04,0.0,176,71104,卖盘
09:31:54,4.04,0.0,1346,543784,卖盘
09:31:57,4.04,0.0,2720,1098880,卖盘
09:32:00,4.04,0.0,110,44440,卖盘
09:32:03,4.04,0.0,548,221392,卖盘
09:32:06,4.04,0.0,24,9696,卖盘
09:32:09,4.04,0.0,264,106656,卖盘
09:32:12,4.04,0.0,432,174528,卖盘
09:32:15,4.04,0.0,1316,531664,卖盘
09:32:18,4.04,0.0,111,44844,卖盘
09:32:21,4.04,0.0,382,154328,卖盘
09:32:24,4.04,0.0,153,61812,卖盘
09:32:27,4.04,0.0,135,54540,卖盘
09:32:30,4.04,0.0,90,36360,卖盘
09:32:33,4.04,0.0,401,162004,卖盘
09:32:36,4.04,0.0,450,181800,卖盘
09:32:39,4.04,0.0,2108,851632,卖盘
09:32:42,4.04,0.0,597,241188,卖盘
09:32:45,4.04,0.0,505,204020,卖盘
09:32:48,4.04,0.0,232,93728,卖盘
09:32:51,4.04,0.0,291,117564,卖盘
09:32:54,4.04,0.0,254,102616,卖盘
09:32:57,4.04,0.0,624,252096,卖盘
09:33:00,4.04,0.0,236,95344,卖盘
09:33:03,4.04,0.0,1429,577316,卖盘
09:33:06,4.04,0.0,440,177760,卖盘
09:33:09,4.04,0.0,1035,418140,卖盘
09:33:12,4.04,0.0,278,112312,卖盘
09:33:15,4.04,0.0,1429,577316,卖盘
09:33:18,4.04,0.0,375,151500,卖盘
09:33:21,4.04,0.0,594,239976,卖盘
09:33:24,4.04,0.0,148,59792,卖盘
09:33:27,4.04,0.0,21,8484,卖盘
09:33:30,4.04,0.0,1492,602768,卖盘
09:33:33,4.04,0.0,12,4848,卖盘
09:33:36,4.04,0.0,255,103020,卖盘
09:33:39,4.04,0.0,957,386628,卖盘
09:33:42,4.04,0.0,136,54944,卖盘
09:33:45,4.04,0.0,80,32320,卖盘
09:33:48,4.04,0.0,100,40400,卖盘
09:33:51,4.04,0.0,163,65852,卖盘
09:33:54,4.04,0.0,103,41612,卖盘
09:33:57,4.04,0.0,131,52924,卖盘
09:34:00,4.04,0.0,1205,486820,卖盘
09:34:03,4.04,0.0,365,147460,卖盘
09:34:06,4.04,0.0,183,73932,卖盘
09:34:09,4.04,0.0,92,37168,卖盘
09:34:12,4.04,0.0,296,119584,卖盘
09:34:15,4.04,0.0,270,109080,卖盘
09:34:18,4.04,0.0,429,173316,卖盘
09:34:21,4.04,0.0,51,20604,卖盘
09:34:24,4.04,0.0,20,8080,卖盘
09:34:27,4.04,0.0,492,198768,卖盘
09:34:30,4.04,0.0,37,14948,卖盘
09:34:33,4.04,0.0,100,40400,卖盘
09:34:36,4.04,0.0,256,103424,卖盘
09:34:39,4.04,0.0,168,67872,卖盘
09:34:42,4.04,0.0,5,2020,卖盘
09:34:45,4.04,0.0,3296,1331584,卖盘
09:34:48,4.04,0.0,116,46864,卖盘
09:34:51,4.04,0.0,43,17372,卖盘
09:34:54,4.04,0.0,135,54540,卖盘
09:34:57,4.04,0.0,248,100192,卖盘
09:35:00,4.04,0.0,139,56156,卖盘
09:35:03,4.04,0.0,172,69488,卖盘
09:35:06,4.04,0.0,70,28280,卖盘
09:35:09,4.04,0.0,30,12120,卖盘
09:35:12,4.04,0.0,391,157964,卖盘
09:35:15,4.04,0.0,38,15352,卖盘
09:35:18,4.04,0.0,10,4040,卖盘
09:35:21,4.04,0.0,86,34744,卖盘
09:35:24,4.04,0.0,56,22624,卖盘
09:35:27,4.04,0.0,219,88476,卖盘
09:35:30,4.04,0.0,130,52520,卖盘
09:35:33,4.04,0.0,49,19796,卖盘
09:35:36,4.04,0.0,20,8080,卖盘
09:35:39,4.04,0.0,116,46864,卖盘
09:35:42,4.04,0.0,14,5656,卖盘
09:35:45,4.04,0.0,69,27876,卖盘
09:35:48,4.04,0.0,115,46460,卖盘
09:35:51,4.04,0.0,764,308656,卖盘
09:35:54,4.04,0.0,1029,415716,卖盘
09:35:57,4.04,0.0,25,10100,卖盘
09:36:00,4.04,0.0,110,44440,卖盘
09:36:03,4.04,0.0,142,57368,卖盘
09:36:06,4.04,0.0,8,3232,卖盘
09:36:09,4.04,0.0,60,24240,卖盘
09:36:12,4.04,0.0,14,5656,卖盘
09:36:15,4.04,0.0,205,82820,卖盘
09:36:18,4.04,0.0,1820,735280,卖盘
09:36:21,4.04,0.0,279,112716,卖盘
09:36:24,4.04,0.0,374,151096,卖盘
09:36:27,4.04,0.0,2,808,卖盘
09:36:30,4.04,0.0,298,120392,卖盘
09:36:33,4.04,0.0,1329,536916,卖盘
09:36:36,4.04,0.0,9,3636,卖盘
09:36:39,4.04,0.0,14,5656,卖盘
09:36:42,4.04,0.0,123,49692,卖盘
09:36:45,4.04,0.0,200,80800,卖盘
09:36:48,4.04,0.0,203,82012,卖盘
09:36:51,4.04,0.0,20,8080,卖盘
09:36:54,4.04,0.0,30,12120,卖盘
09:36:57,4.04,0.0,1010,408040,卖盘
09:37:00,4.04,0.0,162,65448,卖盘
09:37:03,4.04,0.0,44,17776,卖盘
09:37:06,4.04,0.0,8271,3341484,卖盘
09:37:09,4.04,0.0,185,74821,卖盘
09:37:12,4.04,0.0,90,36360,卖盘
09:37:15,4.04,0.0,88,35552,卖盘
09:37:18,4.04,0.0,251,101404,卖盘
09:37:21,4.04,0.0,135,54540,卖盘
09:37:24,4.04,0.0,9,3636,卖盘
09:37:27,4.04,0.0,188,75790,卖盘
09:37:30,4.04,0.0,175,70700,卖盘
09:37:33,4.04,0.0,107,43228,卖盘
09:37:36,4.04,0.0,119,48076,卖盘
09:37:39,4.04,0.0,422,170585,卖盘
09:37:42,4.04,0.0,271,109484,卖盘
09:37:45,4.04,0.0,1010,408040,卖盘
09:37:48,4.04,0.0,60,24240,卖盘
09:37:51,4.04,0.0,482,194728,卖盘
09:37:54,4.04,0.0,17,6868,卖盘
09:37:57,4.04,0.0,20,8080,卖盘
09:38:00,4.04,0.0,102,41208,卖盘
09:38:03,4.04,0.0,440,177760,卖盘
09:38:06,4.04,0.0,1280,517120,卖盘
09:38:09,4.04,0.0,10,4040,卖盘
09:38:12,4.04,0.0,75,30300,卖盘
09:38:15,4.04,0.0,363,146652,卖盘
09:38:18,4.04,0.0,57,23028,卖盘
09:38:21,4.04,0.0,1294,522776,卖盘
09:38:24,4.04,0.0,61,24644,卖盘
09:38:27,4.04,0.0,723,292092,卖盘
09:38:30,4.04,0.0,46,18584,卖盘
09:38:33,4.04,0.0,35,14140,卖盘
09:38:36,4.04,0.0,144,58176,卖盘
09:38:42,4.04,0.0,116,46864,卖盘
09:38:45,4.04,0.0,515,208060,卖盘
09:38:48,4.04,0.0,20,8080,卖盘
09:38:51,4.04,0.0,247,99788,卖盘
09:38:54,4.04,0.0,85,34340,卖盘
09:38:57,4.04,0.0,15,6060,卖盘
09:39:06,4.04,0.0,36,14544,卖盘
09:39:09,4.04,0.0,129,52116,卖盘
09:39:12,4.04,0.0,20,8080,卖盘
09:39:18,4.04,0.0,620,250480,卖盘
09:39:21,4.04,0.0,14,5656,卖盘
09:39:24,4.04,0.0,345,139380,卖盘
09:39:27,4.04,0.0,30,12120,卖盘
09:39:30,4.04,0.0,106,42824,卖盘
09:39:33,4.04,0.0,130,52520,卖盘
09:39:36,4.04,0.0,10,4040,卖盘
09:39:39,4.04,0.0,317,128068,卖盘
09:39:42,4.04,0.0,78,31512,卖盘
09:39:45,4.04,0.0,22,8888,卖盘
09:39:48,4.04,0.0,20,8080,卖盘
09:39:51,4.04,0.0,25,10100,卖盘
09:39:54,4.04,0.0,32,12928,卖盘
09:39:57,4.04,0.0,38,15352,卖盘
09:40:00,4.04,0.0,17,6868,卖盘
09:40:03,4.04,0.0,95,38380,卖盘
09:40:06,4.04,0.0,16,6464,卖盘
09:40:09,4.04,0.0,75,30300,卖盘
09:40:12,4.04,0.0,30,12120,卖盘
09:40:15,4.04,0.0,3,1212,卖盘
09:40:18,4.04,0.0,27,10908,卖盘
09:40:21,4.04,0.0,20,8080,卖盘
09:40:24,4.04,0.0,23,9292,卖盘
09:40:30,4.04,0.0,83,33532,卖盘
09:40:33,4.04,0.0,10,4040,卖盘
09:40:36,4.04,0.0,150,60600,卖盘
09:40:39,4.04,0.0,55,22220,卖盘
09:40:42,4.04,0.0,20,8080,卖盘
09:40:45,4.04,0.0,380,153520,卖盘
09:40:48,4.04,0.0,20,8080,卖盘
09:40:51,4.04,0.0,330,133320,卖盘
09:40:54,4.04,0.0,10,4040,卖盘
09:41:00,4.04,0.0,71,28684,卖盘
09:41:03,4.04,0.0,11,4444,卖盘
09:41:06,4.04,0.0,53,21412,卖盘
09:41:09,4.04,0.0,1,404,卖盘
09:41:12,4.04,0.0,5,2020,卖盘
09:41:15,4.04,0.0,6,2424,卖盘
09:41:18,4.04,0.0,100,40400,卖盘
09:41:24,4.04,0.0,20,8080,卖盘
09:41:27,4.04,0.0,210,84840,卖盘
09:41:30,4.04,0.0,16,6464,卖盘
09:41:33,4.04,0.0,2,808,卖盘
09:41:36,4.04,0.0,501,202404,卖盘
09:41:39,4.04,0.0,238,96233,卖盘
09:41:42,4.04,0.0,50,20200,卖盘
09:41:45,4.04,0.0,438,176952,卖盘
09:41:48,4.04,0.0,295,119180,卖盘
09:41:51,4.04,0.0,10,4040,卖盘
09:41:57,4.04,0.0,311,125644,卖盘
09:42:00,4.04,0.0,145,58580,卖盘
09:42:03,4.04,0.0,78,31512,卖盘
09:42:06,4.04,0.0,16,6464,卖盘
09:42:09,4.04,0.0,39,15756,卖盘
09:42:12,4.04,0.0,61,24644,卖盘
09:42:15,4.04,0.0,5,2020,卖盘
09:42:18,4.04,0.0,556,224624,卖盘
09:42:21,4.04,0.0,35,14140,卖盘
09:42:24,4.04,0.0,395,159580,卖盘
09:42:27,4.04,0.0,83,33694,卖盘
09:42:30,4.04,0.0,89,35956,卖盘
09:42:33,4.04,0.0,11,4444,卖盘
09:42:36,4.04,0.0,75,30300,卖盘
09:42:39,4.04,0.0,2068,835472,卖盘
09:42:42,4.04,0.0,50,20200,卖盘
09:42:45,4.04,0.0,72,29088,卖盘
09:42:48,4.04,0.0,306,123624,卖盘
09:42:51,4.04,0.0,30,12120,卖盘
09:42:54,4.04,0.0,115,46460,卖盘
09:42:57,4.04,0.0,128,51712,卖盘
09:43:00,4.04,0.0,21,8484,卖盘
09:43:03,4.04,0.0,148,59792,卖盘
09:43:06,4.04,0.0,28,11312,卖盘
09:43:09,4.04,0.0,227,91708,卖盘
09:43:18,4.04,0.0,52,21008,卖盘
09:43:21,4.04,0.0,164,66256,卖盘
09:43:24,4.04,0.0,130,52520,卖盘
09:43:27,4.04,0.0,10,4040,卖盘
09:43:30,4.04,0.0,10,4040,卖盘
09:43:33,4.04,0.0,56,22624,卖盘
09:43:36,4.04,0.0,40,16160,卖盘
09:43:39,4.04,0.0,131,52924,卖盘
09:43:42,4.04,0.0,18,7272,卖盘
09:43:45,4.04,0.0,600,242400,卖盘
09:43:48,4.04,0.0,4,1616,卖盘
09:43:54,4.04,0.0,288,116352,卖盘
09:44:03,4.04,0.0,144,58176,卖盘
09:44:06,4.04,0.0,71,28684,卖盘
09:44:09,4.04,0.0,40,16160,卖盘
09:44:12,4.04,0.0,113,45652,卖盘
09:44:18,4.04,0.0,98,39592,卖盘
09:44:21,4.04,0.0,5,2020,卖盘
09:44:24,4.04,0.0,429,173316,卖盘
09:44:30,4.04,0.0,1,404,卖盘
09:44:33,4.04,0.0,40,16160,卖盘
09:44:36,4.04,0.0,23,9292,卖盘
09:44:42,4.04,0.0,65,26260,卖盘
09:44:48,4.04,0.0,200,80800,卖盘
09:44:51,4.04,0.0,12,4848,卖盘
09:44:54,4.04,0.0,119,48076,卖盘
09:45:00,4.04,0.0,29,11716,卖盘
09:45:09,4.04,0.0,50,20200,卖盘
09:45:12,4.04,0.0,57,23028,卖盘
09:45:18,4.04,0.0,200,80800,卖盘
09:45:30,4.04,0.0,56,22624,卖盘
09:45:33,4.04,0.0,100,40400,卖盘
09:45:39,4.04,0.0,90,36360,卖盘
09:45:42,4.04,0.0,25,10100,卖盘
09:45:45,4.04,0.0,223,90092,卖盘
09:45:51,4.04,0.0,30,12120,卖盘
09:46:03,4.04,0.0,103,41612,卖盘
09:46:06,4.04,0.0,38,15352,卖盘
09:46:09,4.04,0.0,57,23108,卖盘
09:46:12,4.04,0.0,10,4040,卖盘
09:46:15,4.04,0.0,10,4040,卖盘
09:46:24,4.04,0.0,110,44440,卖盘
09:46:30,4.04,0.0,30,12120,卖盘
09:46:36,4.04,0.0,71,28684,卖盘
09:46:39,4.04,0.0,43,17372,卖盘
09:46:48,4.04,0.0,80,32320,卖盘
09:46:51,4.04,0.0,24,9696,卖盘
09:47:00,4.04,0.0,30,12120,卖盘
09:47:03,4.04,0.0,51,20604,卖盘
09:47:09,4.04,0.0,122,49288,卖盘
09:47:12,4.04,0.0,45,18180,卖盘
09:47:15,4.04,0.0,5,2020,卖盘
09:47:18,4.04,0.0,18,7272,卖盘
09:47:21,4.04,0.0,5,2020,卖盘
09:47:27,4.04,0.0,8,3232,卖盘
09:47:33,4.04,0.0,43,17372,卖盘
09:47:36,4.04,0.0,15,6060,卖盘
09:47:39,4.04,0.0,15,6060,卖盘
09:47:42,4.04,0.0,2,808,卖盘
09:47:45,4.04,0.0,12,4848,卖盘
09:47:57,4.04,0.0,14,5656,卖盘
09:48:03,4.04,0.0,142,57368,卖盘
09:48:06,4.04,0.0,110,44440,卖盘
09:48:09,4.04,0.0,33,13332,卖盘
09:48:12,4.04,0.0,20,8080,卖盘
09:48:15,4.04,0.0,31,12524,卖盘
09:48:18,4.04,0.0,1,404,卖盘
09:48:24,4.04,0.0,420,169680,卖盘
09:48:27,4.04,0.0,1,404,卖盘
09:48:33,4.04,0.0,34,13736,卖盘
09:48:39,4.04,0.0,21,8484,卖盘
09:48:45,4.04,0.0,50,20200,卖盘
09:48:57,4.04,0.0,103,41612,卖盘
09:49:00,4.04,0.0,10,4040,卖盘
09:49:03,4.04,0.0,58,23432,卖盘
09:49:12,4.04,0.0,1,485,卖盘
09:49:15,4.04,0.0,66,26664,卖盘
09:49:18,4.04,0.0,10,4040,卖盘
09:49:24,4.04,0.0,110,44440,卖盘
09:49:30,4.04,0.0,11,4444,卖盘
09:49:33,4.04,0.0,20,8080,卖盘
09:49:36,4.04,0.0,14,5656,卖盘
09:49:39,4.04,0.0,5,1899,卖盘
09:49:42,4.04,0.0,55,22220,卖盘
09:49:48,4.04,0.0,20,8080,卖盘
09:49:51,4.04,0.0,25,10100,卖盘
09:49:54,4.04,0.0,10,4040,卖盘
09:49:57,4.04,0.0,60,24240,卖盘
09:50:03,4.04,0.0,17,6868,卖盘
09:50:09,4.04,0.0,3,1212,卖盘
09:50:12,4.04,0.0,12,4848,卖盘
09:50:15,4.04,0.0,30,12120,卖盘
09:50:18,4.04,0.0,3,1212,卖盘
09:50:21,4.04,0.0,20,8080,卖盘
09:50:24,4.04,0.0,20,8080,卖盘
09:50:30,4.04,0.0,70,28280,卖盘
09:50:33,4.04,0.0,79,31916,卖盘
09:50:39,4.04,0.0,8,3232,卖盘
09:50:51,4.04,0.0,1,404,卖盘
09:50:54,4.04,0.0,3,1212,卖盘
09:50:57,4.04,0.0,30,12120,卖盘
09:51:00,4.04,0.0,187,75548,卖盘
09:51:06,4.04,0.0,90,36360,卖盘
09:51:12,4.04,0.0,20,8080,卖盘
09:51:15,4.04,0.0,20,8080,卖盘
09:51:18,4.04,0.0,2,808,卖盘
09:51:21,4.04,0.0,333,134532,卖盘
09:51:24,4.04,0.0,100,40400,卖盘
09:51:30,4.04,0.0,10,4040,卖盘
09:51:36,4.04,0.0,5,2020,卖盘
09:51:39,4.04,0.0,11,4444,卖盘
09:51:51,4.04,0.0,10,4040,卖盘
09:51:54,4.04,0.0,15,6060,卖盘
09:52:00,4.04,0.0,3,1212,卖盘
09:52:03,4.04,0.0,3,1212,卖盘
09:52:09,4.04,0.0,2,808,卖盘
09:52:15,4.04,0.0,50,20200,卖盘
09:52:18,4.04,0.0,10,4040,卖盘
09:52:21,4.04,0.0,87,35148,卖盘
09:52:24,4.04,0.0,12,4848,卖盘
09:52:33,4.04,0.0,12,4848,卖盘
09:52:36,4.04,0.0,74,29896,卖盘
09:52:42,4.04,0.0,7,2828,卖盘
09:52:45,4.04,0.0,66,26664,卖盘
09:52:51,4.04,0.0,4,1616,卖盘
09:52:57,4.04,0.0,25,10100,卖盘
09:53:00,4.04,0.0,35,14140,卖盘
09:53:03,4.04,0.0,10,4040,卖盘
09:53:21,4.04,0.0,21,8484,卖盘
09:53:27,4.04,0.0,15,6060,卖盘
09:53:42,4.04,0.0,110,44440,卖盘
09:53:45,4.04,0.0,104,42016,卖盘
09:53:57,4.04,0.0,30,12120,卖盘
09:54:06,4.04,0.0,74,29896,卖盘
09:54:09,4.04,0.0,33,13332,卖盘
09:54:12,4.04,0.0,3,1212,卖盘
09:54:15,4.04,0.0,40,16160,卖盘
09:54:21,4.04,0.0,60,24240,卖盘
09:54:45,4.04,0.0,10,4040,卖盘
09:54:48,4.04,0.0,3,1212,卖盘
09:55:03,4.04,0.0,2,808,卖盘
09:55:09,4.04,0.0,1262,509848,卖盘
09:55:12,4.04,0.0,10,4040,卖盘
09:55:18,4.04,0.0,10,4040,卖盘
09:55:27,4.04,0.0,20,8080,卖盘
09:55:30,4.04,0.0,94,37976,卖盘
09:55:33,4.04,0.0,8,3232,卖盘
09:55:39,4.04,0.0,1530,618120,卖盘
09:55:45,4.04,0.0,8,3232,卖盘
09:55:48,4.04,0.0,5,1842,卖盘
09:55:51,4.04,0.0,70,28280,卖盘
09:55:54,4.04,0.0,10,4040,卖盘
09:55:57,4.04,0.0,39,15756,卖盘
09:56:06,4.04,0.0,10,4040,卖盘
09:56:15,4.04,0.0,510,206040,卖盘
09:56:21,4.04,0.0,30,12120,卖盘
09:56:24,4.04,0.0,33,13332,卖盘
09:56:30,4.04,0.0,39,15756,卖盘
09:56:39,4.04,0.0,10,4040,卖盘
09:56:42,4.04,0.0,10,4040,卖盘
09:56:51,4.04,0.0,29,11716,卖盘
09:56:54,4.04,0.0,2,808,卖盘
09:56:57,4.04,0.0,180,72720,卖盘
09:57:03,4.04,0.0,50,20200,卖盘
09:57:06,4.04,0.0,30,12120,卖盘
09:57:09,4.04,0.0,170,68680,卖盘
09:57:12,4.04,0.0,55,22220,卖盘
09:57:15,4.04,0.0,13,5252,卖盘
09:57:18,4.04,0.0,3586,1448744,卖盘
09:57:21,4.04,0.0,13,5252,卖盘
09:57:24,4.04,0.0,8,3232,卖盘
09:57:33,4.04,0.0,59,23836,卖盘
09:57:36,4.04,0.0,85,34340,卖盘
09:57:39,4.04,0.0,6,2424,卖盘
09:57:42,4.04,0.0,5,2020,卖盘
09:57:51,4.04,0.0,28,11474,卖盘
09:57:57,4.04,0.0,60,24240,卖盘
09:58:00,4.04,0.0,12,4848,卖盘
09:58:03,4.04,0.0,30,12120,卖盘
09:58:06,4.04,0.0,63,25452,卖盘
09:58:09,4.04,0.0,30,12120,卖盘
09:58:12,4.04,0.0,203,82012,卖盘
09:58:18,4.04,0.0,13,5252,卖盘
09:58:21,4.04,0.0,400,161600,卖盘
09:58:24,4.04,0.0,10,4040,卖盘
09:58:33,4.04,0.0,30,12120,卖盘
09:58:36,4.04,0.0,47,18988,卖盘
09:58:39,4.04,0.0,100,40400,卖盘
09:58:45,4.04,0.0,52,21008,卖盘
09:58:51,4.04,0.0,250,101000,卖盘
09:59:00,4.04,0.0,113,45652,卖盘
09:59:12,4.04,0.0,2,808,卖盘
09:59:18,4.04,0.0,25,10100,卖盘
09:59:24,4.04,0.0,10,4040,卖盘
09:59:27,4.04,0.0,12,4848,卖盘
09:59:30,4.04,0.0,35,14140,卖盘
09:59:36,4.04,0.0,5,2020,卖盘
09:59:45,4.04,0.0,8,3232,卖盘
09:59:57,4.04,0.0,200,80800,卖盘
10:00:06,4.04,0.0,80,32320,卖盘
10:00:09,4.04,0.0,13,5252,卖盘
10:00:21,4.04,0.0,2,808,卖盘
10:00:24,4.04,0.0,20,8080,卖盘
10:00:39,4.04,0.0,2000,808000,卖盘
10:00:45,4.04,0.0,125,50500,卖盘
10:00:48,4.04,0.0,2,808,卖盘
10:00:54,4.04,0.0,42,16968,卖盘
10:00:57,4.04,0.0,94,37976,卖盘
10:01:00,4.04,0.0,100,40400,卖盘
10:01:06,4.04,0.0,1605,648420,卖盘
10:01:12,4.04,0.0,38,15352,卖盘
10:01:18,4.04,0.0,210,84840,卖盘
10:01:21,4.04,0.0,70,28280,卖盘
10:01:24,4.04,0.0,100,40400,卖盘
10:01:27,4.04,0.0,3,1212,卖盘
10:01:30,4.04,0.0,15,6060,卖盘
10:01:33,4.04,0.0,56,22624,卖盘
10:01:36,4.04,0.0,43,17420,卖盘
10:01:39,4.04,0.0,280,113120,卖盘
10:01:42,4.04,0.0,30,12120,卖盘
10:01:45,4.04,0.0,300,121200,卖盘
10:01:48,4.04,0.0,10,4040,卖盘
10:01:51,4.04,0.0,80,32320,卖盘
10:01:54,4.04,0.0,199,80396,卖盘
10:01:57,4.04,0.0,30,12120,卖盘
10:02:00,4.04,0.0,120,48480,卖盘
10:02:03,4.04,0.0,3,1212,卖盘
10:02:06,4.04,0.0,9,3636,卖盘
10:02:12,4.04,0.0,11,4444,卖盘
10:02:15,4.04,0.0,200,80800,卖盘
10:02:18,4.04,0.0,200,80800,卖盘
10:02:21,4.04,0.0,522,210888,卖盘
10:02:24,4.04,0.0,5,2020,卖盘
10:02:27,4.04,0.0,3,1212,卖盘
10:02:30,4.04,0.0,43,17372,卖盘
10:02:36,4.04,0.0,20,8080,卖盘
10:02:42,4.04,0.0,56,22624,卖盘
10:02:45,4.04,0.0,20,8080,卖盘
10:02:51,4.04,0.0,221,89284,卖盘
10:03:00,4.04,0.0,815,329260,卖盘
10:03:03,4.04,0.0,12,4848,卖盘
10:03:06,4.04,0.0,10,4040,卖盘
10:03:09,4.04,0.0,257,103828,卖盘
10:03:15,4.04,0.0,57,23028,卖盘
10:03:18,4.04,0.0,83,33532,卖盘
10:03:21,4.04,0.0,100,40400,卖盘
10:03:24,4.04,0.0,44,17615,卖盘
10:03:27,4.04,0.0,144,58176,卖盘
10:03:30,4.04,0.0,133,53732,卖盘
10:03:33,4.04,0.0,40,16160,卖盘
10:03:36,4.04,0.0,39,15756,卖盘
10:03:39,4.04,0.0,2,808,卖盘
10:03:48,4.04,0.0,23,9292,卖盘
10:03:51,4.04,0.0,8,3232,卖盘
10:04:00,4.04,0.0,3165,1278660,卖盘
10:04:03,4.04,0.0,15,6060,卖盘
10:04:06,4.04,0.0,851,343804,卖盘
10:04:09,4.04,0.0,2009,811636,卖盘
10:04:12,4.04,0.0,517,208868,卖盘
10:04:15,4.04,0.0,370,149480,卖盘
10:04:18,4.04,0.0,620,250480,卖盘
10:04:21,4.04,0.0,312,126048,卖盘
10:04:24,4.04,0.0,572,231169,卖盘
10:04:27,4.04,0.0,543,219372,卖盘
10:04:30,4.04,0.0,2094,845976,卖盘
10:04:33,4.04,0.0,929,375316,卖盘
10:04:36,4.04,0.0,134,54136,卖盘
10:04:39,4.04,0.0,3087,1247148,卖盘
10:04:42,4.04,0.0,219,88476,卖盘
10:04:45,4.04,0.0,120,48480,卖盘
10:04:48,4.04,0.0,536,216544,卖盘
10:04:51,4.04,0.0,506,204424,卖盘
10:04:54,4.04,0.0,590,238360,卖盘
10:04:57,4.04,0.0,40,16160,卖盘
10:05:00,4.04,0.0,51,20604,卖盘
10:05:06,4.04,0.0,10055,4062220,卖盘
10:05:09,4.04,0.0,97,39188,卖盘
10:05:12,4.04,0.0,110,44440,卖盘
10:05:15,4.04,0.0,1,404,卖盘
10:05:18,4.04,0.0,70,28280,卖盘
10:05:21,4.04,0.0,70,28280,卖盘
10:05:27,4.04,0.0,87,35148,卖盘
10:05:30,4.04,0.0,10,4040,卖盘
10:05:33,4.04,0.0,41,16564,卖盘
10:05:36,4.04,0.0,49,19796,卖盘
10:05:39,4.04,0.0,20,8080,卖盘
10:05:42,4.04,0.0,60,24240,卖盘
10:05:45,4.04,0.0,274,110696,卖盘
10:05:51,4.04,0.0,62,25048,卖盘
10:05:54,4.04,0.0,215,86860,卖盘
10:05:57,4.04,0.0,3020,1220080,卖盘
10:06:00,4.04,0.0,10,4040,卖盘
10:06:03,4.04,0.0,103,41612,卖盘
10:06:06,4.04,0.0,30,12120,卖盘
10:06:09,4.04,0.0,200,80800,卖盘
10:06:12,4.04,0.0,45,18180,卖盘
10:06:15,4.04,0.0,2090,844360,卖盘
10:06:18,4.04,0.0,260,105124,卖盘
10:06:21,4.04,0.0,79,31916,卖盘
10:06:24,4.04,0.0,115,46460,卖盘
10:06:27,4.04,0.0,863,348652,卖盘
10:06:30,4.04,0.0,599,241996,卖盘
10:06:33,4.04,0.0,36,14544,卖盘
10:06:36,4.04,0.0,230,92920,卖盘
10:06:39,4.04,0.0,16,6464,卖盘
10:06:42,4.04,0.0,80,32320,卖盘
10:06:45,4.04,0.0,685,276740,卖盘
10:06:48,4.04,0.0,1840,743360,卖盘
10:06:51,4.04,0.0,90,36360,卖盘
10:06:54,4.04,0.0,526,212504,卖盘
10:06:57,4.04,0.0,100,40400,卖盘
10:07:00,4.04,0.0,1326,535704,卖盘
10:07:03,4.04,0.0,15,6060,卖盘
10:07:06,4.04,0.0,2720,1098880,卖盘
10:07:09,4.04,0.0,319,128876,卖盘
10:07:12,4.04,0.0,283,114332,卖盘
10:07:15,4.04,0.0,483,195132,卖盘
10:07:18,4.04,0.0,11980,4839920,卖盘
10:07:21,4.04,0.0,1443,582972,卖盘
10:07:24,4.04,0.0,29507,11920828,卖盘
10:07:27,3.96,-0.08,13663,5496627,卖盘
10:07:30,3.92,-0.04,1983,780474,卖盘
10:07:33,3.94,0.02,296,116173,买盘
10:07:36,3.92,-0.02,2365,929184,卖盘
10:07:39,3.92,0.0,2474,969444,买盘
10:07:42,3.91,-0.01,506,198135,卖盘
10:07:45,3.92,0.01,358,140271,买盘
10:07:48,3.92,0.0,2714,1064301,买盘
10:07:51,3.93,0.01,410,160635,买盘
10:07:54,3.92,-0.01,300,117877,卖盘
10:07:57,3.93,0.01,2711,1064291,买盘
10:08:00,3.92,-0.01,2413,946533,卖盘
10:08:03,3.91,-0.01,2793,1092311,卖盘
10:08:06,3.93,0.02,4545,1777182,买盘
10:08:09,3.93,0.0,1531,602849,卖盘
10:08:12,3.95,0.02,2912,1155733,买盘
10:08:15,3.97,0.02,956,377409,买盘
10:08:18,3.96,-0.01,961,380781,中性盘
10:08:21,3.96,0.0,358,141824,买盘
10:08:24,3.96,0.0,1449,573868,买盘
10:08:27,3.96,0.0,1554,619164,卖盘
10:08:30,3.99,0.03,873,347198,买盘
10:08:33,3.98,-0.01,976,388327,中性盘
10:08:36,3.99,0.01,388,154663,买盘
10:08:39,3.98,-0.01,469,187730,卖盘
10:08:42,3.96,-0.02,5127,2048025,卖盘
10:08:45,3.95,-0.01,2538,1003194,卖盘
10:08:48,3.93,-0.02,5418,2135880,卖盘
10:08:51,3.95,0.02,573,226566,中性盘
10:08:54,3.95,0.0,716,282691,买盘
10:08:57,3.96,0.01,1025,404783,买盘
10:09:00,3.95,-0.01,883,349397,卖盘
10:09:03,3.96,0.01,873,345192,买盘
10:09:06,3.96,0.0,3468,1372676,买盘
10:09:09,3.95,-0.01,913,361359,卖盘
10:09:12,3.96,0.01,1984,783660,买盘
10:09:15,3.96,0.0,1471,583860,卖盘
10:09:18,3.97,0.01,258,102223,买盘
10:09:21,3.97,0.0,1324,525088,买盘
10:09:24,3.97,0.0,702,279071,卖盘
10:09:27,3.98,0.01,291,115586,买盘
10:09:30,3.98,0.0,1650,655919,买盘
10:09:33,3.98,0.0,346,137658,买盘
10:09:36,3.98,0.0,834,331829,买盘
10:09:39,3.98,0.0,1304,518805,买盘
10:09:42,3.98,0.0,287,114214,卖盘
10:09:45,3.99,0.01,546,217746,买盘
10:09:48,3.99,0.0,1271,506740,买盘
10:09:51,4.0,0.01,3740,1490604,买盘
10:09:54,4.0,0.0,731,291504,买盘
10:09:57,3.98,-0.02,840,335103,卖盘
10:10:00,3.99,0.01,769,306522,买盘
10:10:03,3.98,-0.01,534,212572,卖盘
10:10:06,3.98,0.0,1274,506174,买盘
10:10:09,3.98,0.0,2085,831251,买盘
10:10:12,4.0,0.02,458,182189,买盘
10:10:15,3.99,-0.01,317,126199,中性盘
10:10:18,3.98,-0.01,164,65304,卖盘
10:10:21,3.98,0.0,1042,413970,买盘
10:10:24,3.97,-0.01,1640,650695,中性盘
10:10:27,3.98,0.01,1790,707602,买盘
10:10:30,3.97,-0.01,1401,558378,中性盘
10:10:33,3.98,0.01,993,394486,买盘
10:10:36,3.95,-0.03,596,236018,卖盘
10:10:39,3.98,0.03,631,250280,买盘
10:10:42,3.98,0.0,945,375430,买盘
10:10:45,3.97,-0.01,1001,398153,卖盘
10:10:48,3.96,-0.01,1974,782683,卖盘
10:10:51,3.97,0.01,118,46801,买盘
10:10:54,3.97,0.0,334,132554,买盘
10:10:57,3.97,0.0,201,79663,买盘
10:11:00,3.96,-0.01,473,187257,卖盘
10:11:03,3.96,0.0,2079,822165,买盘
10:11:06,3.96,0.0,174,68894,买盘
10:11:09,3.95,-0.01,1038,410117,卖盘
10:11:12,3.96,0.01,337,133451,买盘
10:11:15,3.96,0.0,474,187412,买盘
10:11:18,3.96,0.0,155,61380,买盘
10:11:21,3.96,0.0,975,387044,卖盘
10:11:24,3.97,0.01,993,393386,买盘
10:11:27,3.97,0.0,182,72128,买盘
10:11:30,3.97,0.0,173,68612,买盘
10:11:33,3.96,-0.01,123,48792,卖盘
10:11:36,3.96,0.0,3146,1245734,卖盘
10:11:39,3.96,0.0,701,277202,买盘
10:11:42,3.96,0.0,500,197689,买盘
10:11:45,3.94,-0.02,153,60480,卖盘
10:11:48,3.94,0.0,352,138973,卖盘
10:11:51,3.95,0.01,120,47400,买盘
10:11:54,3.95,0.0,326,128759,买盘
10:11:57,3.94,-0.01,57,22471,卖盘
10:12:00,3.95,0.01,108,42627,买盘
10:12:03,3.95,0.0,229,90424,买盘
10:12:06,3.95,0.0,296,116820,买盘
10:12:09,3.95,0.0,1319,520905,买盘
10:12:12,3.95,0.0,511,201846,买盘
10:12:15,3.96,0.01,74,29237,买盘
10:12:18,3.96,0.0,3270,1291171,买盘
10:12:21,3.95,-0.01,1979,781736,卖盘
10:12:24,3.95,0.0,385,152154,买盘
10:12:27,3.95,0.0,1735,685751,卖盘
10:12:30,3.95,0.0,52,20573,卖盘
10:12:33,3.95,0.0,592,234072,卖盘
10:12:36,3.95,0.0,1563,617484,卖盘
10:12:39,3.95,0.0,719,283387,卖盘
10:12:42,3.94,-0.01,319,125984,卖盘
10:12:45,3.95,0.01,198,78103,买盘
10:12:48,3.94,-0.01,701,276395,卖盘
10:12:51,3.95,0.01,551,217421,买盘
10:12:54,3.95,0.0,69,27188,买盘
10:12:57,3.94,-0.01,1091,429929,卖盘
10:13:00,3.94,0.0,966,380604,卖盘
10:13:03,3.94,0.0,575,226509,买盘
10:13:06,3.94,0.0,596,234824,买盘
10:13:09,3.94,0.0,103,40582,买盘
10:13:12,3.94,0.0,314,123696,买盘
10:13:15,3.94,0.0,436,171690,买盘
10:13:18,3.94,0.0,75,29550,买盘
10:13:21,3.94,0.0,3371,1324848,买盘
10:13:24,3.93,-0.01,1541,605708,卖盘
10:13:27,3.93,0.0,466,183219,卖盘
10:13:30,3.93,0.0,1209,475872,卖盘
10:13:33,3.93,0.0,379,149011,卖盘
10:13:36,3.93,0.0,661,259783,卖盘
10:13:39,3.93,0.0,356,139908,卖盘
10:13:42,3.93,0.0,608,238944,卖盘
10:13:45,3.94,0.01,878,345830,买盘
10:13:48,3.94,0.0,2909,1145434,买盘
10:13:51,3.93,-0.01,1353,532182,卖盘
10:13:54,3.94,0.01,205,80756,中性盘
10:13:57,3.94,0.0,4,1577,卖盘
10:14:00,3.95,0.01,2114,833851,买盘
10:14:03,3.94,-0.01,242,95407,卖盘
10:14:06,3.95,0.01,696,274696,买盘
10:14:12,3.95,0.0,398,157153,买盘
10:14:15,3.95,0.0,337,133178,买盘
10:14:18,3.95,0.0,60,23700,卖盘
10:14:21,3.95,0.0,127,50166,卖盘
10:14:24,3.96,0.01,372,146944,买盘
10:14:27,3.95,-0.01,242,95590,卖盘
10:14:30,3.95,0.0,314,124034,卖盘
10:14:33,3.95,0.0,7,2765,买盘
10:14:36,3.94,-0.01,140,55298,卖盘
10:14:39,3.95,0.01,156,61620,买盘
10:14:42,3.95,0.0,86,33885,买盘
10:14:45,3.95,0.0,221,87295,买盘
10:14:48,3.95,0.0,211,83345,买盘
10:14:51,3.95,0.0,158,62410,卖盘
10:14:54,3.95,0.0,290,114550,卖盘
10:14:57,3.95,0.0,453,178748,买盘
10:15:00,3.95,0.0,164,64780,买盘
10:15:03,3.95,0.0,38,15010,买盘
10:15:06,3.94,-0.01,1233,485980,卖盘
10:15:12,3.95,0.01,398,157130,买盘
10:15:15,3.94,-0.01,289,113950,卖盘
10:15:18,3.95,0.01,606,238757,买盘
10:15:21,3.95,0.0,34,13430,买盘
10:15:24,3.95,0.0,68,26830,买盘
10:15:27,3.94,-0.01,68,26792,卖盘
10:15:30,3.95,0.01,2,790,买盘
10:15:33,3.95,0.0,329,129830,买盘
10:15:36,3.95,0.0,108,42660,买盘
10:15:39,3.95,0.0,225,88660,买盘
10:15:42,3.95,0.0,11,4345,买盘
10:15:45,3.94,-0.01,484,190696,卖盘
10:15:48,3.94,0.0,656,258154,买盘
10:15:51,3.93,-0.01,927,364357,卖盘
10:15:54,3.93,0.0,167,65753,卖盘
10:15:57,3.93,0.0,117,46054,卖盘
10:16:00,3.93,0.0,416,163708,卖盘
10:16:03,3.93,0.0,422,165949,卖盘
10:16:06,3.93,0.0,84,33012,卖盘
10:16:09,3.93,0.0,1386,544729,卖盘
10:16:12,3.93,0.0,309,121437,卖盘
10:16:15,3.93,0.0,193,75747,买盘
10:16:18,3.93,0.0,42,16496,买盘
10:16:21,3.93,0.0,42,16496,买盘
10:16:24,3.92,-0.01,196,76947,卖盘
10:16:27,3.92,0.0,1317,516157,卖盘
10:16:30,3.92,0.0,1347,528994,卖盘
10:16:33,3.91,-0.01,108,42234,卖盘
10:16:36,3.91,0.0,491,191984,卖盘
10:16:39,3.92,0.01,86,33636,买盘
10:16:42,3.91,-0.01,1440,563040,卖盘
10:16:45,3.91,0.0,222,86678,买盘
10:16:48,3.91,0.0,353,137988,买盘
10:16:51,3.91,0.0,67,26163,买盘
10:16:54,3.9,-0.01,770,300442,卖盘
10:16:57,3.9,0.0,1948,759957,卖盘
10:17:00,3.9,0.0,53,20670,买盘
10:17:03,3.89,-0.01,239,93197,卖盘
10:17:06,3.89,0.0,732,284976,卖盘
10:17:09,3.9,0.01,1440,561550,买盘
10:17:12,3.9,0.0,785,306154,卖盘
10:17:15,3.9,0.0,231,90091,卖盘
10:17:18,3.91,0.01,250,97670,买盘
10:17:21,3.91,0.0,602,234930,买盘
10:17:24,3.91,0.0,200,78043,买盘
10:17:27,3.91,0.0,386,150648,买盘
10:17:30,3.91,0.0,698,272407,买盘
10:17:33,3.9,-0.01,541,211156,卖盘
10:17:36,3.9,0.0,1709,666510,卖盘
10:17:39,3.9,0.0,435,169736,买盘
10:17:42,3.9,0.0,100,39020,卖盘
10:17:45,3.91,0.01,899,350942,买盘
10:17:48,3.91,0.0,444,173451,买盘
10:17:51,3.9,-0.01,166,64811,卖盘
10:17:54,3.9,0.0,445,173550,卖盘
10:17:57,3.9,0.0,85,33155,卖盘
10:18:00,3.9,0.0,86,33580,卖盘
10:18:03,3.91,0.01,277,108185,买盘
10:18:06,3.91,0.0,1807,705442,买盘
10:18:09,3.9,-0.01,240,93835,卖盘
10:18:12,3.9,0.0,184,71787,卖盘
10:18:15,3.9,0.0,65,25360,卖盘
10:18:18,3.91,0.01,431,168362,买盘
10:18:21,3.91,0.0,789,308319,买盘
10:18:24,3.9,-0.01,157,61246,卖盘
10:18:27,3.91,0.01,549,214515,买盘
10:18:30,3.91,0.0,281,109711,买盘
10:18:33,3.91,0.0,368,143882,卖盘
10:18:36,3.9,-0.01,51,19909,卖盘
10:18:39,3.91,0.01,198,77277,买盘
10:18:42,3.9,-0.01,45,17575,卖盘
10:18:45,3.9,0.0,625,243800,卖盘
10:18:48,3.9,0.0,87,33930,卖盘
10:18:51,3.9,0.0,33,12870,买盘
10:18:54,3.9,0.0,53,20670,买盘
10:18:57,3.9,0.0,51,19890,买盘
10:19:00,3.89,-0.01,185,71970,卖盘
10:19:03,3.89,0.0,358,139578,卖盘
10:19:06,3.9,0.01,242,94338,买盘
10:19:09,3.89,-0.01,143,55660,卖盘
10:19:12,3.89,0.0,384,149376,卖盘
10:19:15,3.89,0.0,227,88325,卖盘
10:19:18,3.89,0.0,725,282052,卖盘
10:19:21,3.89,0.0,35,13615,买盘
10:19:24,3.88,-0.01,234,90988,卖盘
10:19:27,3.88,0.0,152,58978,卖盘
10:19:30,3.89,0.01,246,95598,买盘
10:19:33,3.89,0.0,277,107690,买盘
10:19:36,3.88,-0.01,444,172400,卖盘
10:19:39,3.89,0.01,11,4278,买盘
10:19:42,3.88,-0.01,446,173150,卖盘
10:19:45,3.88,0.0,397,154384,卖盘
10:19:48,3.89,0.01,1845,716256,买盘
10:19:51,3.89,0.0,599,232995,买盘
10:19:54,3.89,0.0,538,208293,买盘
10:19:57,3.88,-0.01,170,65960,卖盘
10:20:00,3.89,0.01,82,31846,买盘
10:20:03,3.89,0.0,690,268410,卖盘
10:20:06,3.89,0.0,397,154264,买盘
10:20:09,3.89,0.0,11,4279,买盘
10:20:12,3.88,-0.01,222,86259,卖盘
10:20:15,3.89,0.01,282,109603,买盘
10:20:18,3.89,0.0,3645,1417931,买盘
10:20:21,3.89,0.0,1872,729720,卖盘
10:20:24,3.9,0.01,834,324557,买盘
10:20:27,3.9,0.0,259,100860,买盘
10:20:30,3.9,0.0,951,370834,买盘
10:20:33,3.9,0.0,139,54210,买盘
10:20:36,3.91,0.01,25,9765,买盘
10:20:39,3.91,0.0,679,264850,买盘
10:20:42,3.91,0.0,454,177272,买盘
10:20:45,3.9,-0.01,167,65167,中性盘
10:20:48,3.9,0.0,299,116894,卖盘
10:20:51,3.91,0.01,486,189889,买盘
10:20:54,3.9,-0.01,423,165120,卖盘
10:20:57,3.91,0.01,56,21896,买盘
10:21:00,3.9,-0.01,1393,543657,卖盘
10:21:03,3.91,0.01,686,267607,买盘
10:21:06,3.91,0.0,100,39100,买盘
10:21:09,3.9,-0.01,626,244155,卖盘
10:21:12,3.91,0.01,97,37854,买盘
10:21:15,3.91,0.0,314,122510,买盘
10:21:18,3.91,0.0,512,200186,买盘
10:21:21,3.9,-0.01,102,39872,卖盘
10:21:24,3.91,0.01,76,29716,买盘
10:21:27,3.9,-0.01,146,57051,卖盘
10:21:30,3.9,0.0,246,95940,卖盘
10:21:33,3.91,0.01,237,92667,买盘
10:21:36,3.91,0.0,619,242081,买盘
10:21:39,3.91,0.0,133,52003,卖盘
10:21:42,3.91,0.0,32,12512,卖盘
10:21:45,3.92,0.01,177,69213,买盘
10:21:48,3.92,0.0,689,269631,买盘
10:21:51,3.91,-0.01,87,34027,卖盘
10:21:54,3.91,0.0,115,44953,买盘
10:21:57,3.9,-0.01,1116,435514,卖盘
10:22:00,3.91,0.01,527,205725,买盘
10:22:03,3.91,0.0,305,119258,卖盘
10:22:06,3.92,0.01,18,7056,买盘
10:22:09,3.91,-0.01,92,36010,卖盘
10:22:12,3.9,-0.01,671,262624,卖盘
10:22:15,3.91,0.01,80,31269,买盘
10:22:18,3.89,-0.02,575,224161,卖盘
10:22:21,3.9,0.01,73,28470,中性盘
10:22:24,3.91,0.01,109,42562,买盘
10:22:27,3.91,0.0,153,59730,买盘
10:22:30,3.91,0.0,17,6633,买盘
10:22:33,3.91,0.0,196,76453,买盘
10:22:36,3.91,0.0,43,16796,买盘
10:22:39,3.91,0.0,61,23770,买盘
10:22:42,3.9,-0.01,107,41712,买盘
10:22:45,3.91,0.01,27,10535,买盘
10:22:48,3.9,-0.01,1858,723242,中性盘
10:22:51,3.9,0.0,368,143573,买盘
10:22:54,3.9,0.0,56,21840,买盘
10:22:57,3.9,0.0,116,45215,买盘
10:23:00,3.89,-0.01,718,279400,卖盘
10:23:03,3.89,0.0,602,234191,卖盘
10:23:06,3.89,0.0,389,151678,买盘
10:23:09,3.89,0.0,3,1167,买盘
10:23:12,3.89,0.0,214,83057,买盘
10:23:24,3.89,0.0,83,32344,卖盘
10:23:30,3.89,0.0,69,26841,卖盘
10:23:33,3.89,0.0,5,1945,卖盘
10:23:36,3.9,0.01,442,172360,买盘
10:23:39,3.89,-0.01,56,21829,卖盘
10:23:42,3.9,0.01,54,21060,买盘
10:23:45,3.9,0.0,186,72540,买盘
10:23:48,3.9,0.0,252,98032,买盘
10:23:51,3.9,0.0,20,7787,买盘
10:23:54,3.9,0.0,85,33145,买盘
10:23:57,3.9,0.0,403,157170,买盘
10:24:00,3.9,0.0,10,3900,卖盘
10:24:03,3.9,0.0,39,15210,卖盘
10:24:09,3.9,0.0,135,52651,卖盘
10:24:12,3.91,0.01,70,27333,买盘
10:24:15,3.9,-0.01,92,35910,卖盘
10:24:18,3.9,0.0,57,22234,卖盘
10:24:21,3.91,0.01,107,41767,买盘
10:24:24,3.91,0.0,93,36363,买盘
10:24:27,3.91,0.0,160,62430,买盘
10:24:30,3.9,-0.01,248,96721,卖盘
10:24:33,3.9,0.0,199,77610,买盘
10:24:36,3.9,0.0,213,83070,买盘
10:24:39,3.9,0.0,10,3900,买盘
10:24:42,3.9,0.0,57,22230,买盘
10:24:45,3.9,0.0,316,123240,买盘
10:24:48,3.9,0.0,306,119340,买盘
10:24:51,3.9,0.0,66,25740,买盘
10:24:54,3.9,0.0,58,22620,买盘
10:24:57,3.9,0.0,120,46800,买盘
10:25:00,3.9,0.0,244,95030,买盘
10:25:03,3.9,0.0,282,109972,买盘
10:25:06,3.89,-0.01,535,208147,卖盘
10:25:09,3.9,0.01,130,50660,买盘
10:25:12,3.89,-0.01,110,42856,卖盘
10:25:15,3.89,0.0,30,11685,卖盘
10:25:18,3.9,0.01,59,23008,买盘
10:25:21,3.9,0.0,103,40093,买盘
10:25:24,3.89,-0.01,590,229529,卖盘
10:25:27,3.89,0.0,825,320925,卖盘
10:25:30,3.89,0.0,302,117231,买盘
10:25:33,3.88,-0.01,104,40356,卖盘
10:25:39,3.89,0.01,38,14782,买盘
10:25:42,3.89,0.0,58,22562,买盘
10:25:45,3.89,0.0,156,60680,买盘
10:25:48,3.89,0.0,89,34573,买盘
10:25:51,3.88,-0.01,15,5825,卖盘
10:25:54,3.88,0.0,100,38805,卖盘
10:25:57,3.88,0.0,63,24505,卖盘
10:26:00,3.89,0.01,308,119722,买盘
10:26:03,3.88,-0.01,143,55507,卖盘
10:26:06,3.89,0.01,185,71919,买盘
10:26:09,3.89,0.0,99,38511,卖盘
10:26:12,3.89,0.0,41,15949,卖盘
10:26:15,3.89,0.0,3553,1378962,卖盘
10:26:18,3.89,0.0,180,70020,卖盘
10:26:21,3.89,0.0,100,38900,买盘
10:26:24,3.89,0.0,101,39277,买盘
10:26:27,3.89,0.0,36,14004,买盘
10:26:30,3.89,0.0,30,11670,买盘
10:26:33,3.89,0.0,23,8947,买盘
10:26:39,3.89,0.0,55,21391,买盘
10:26:42,3.88,-0.01,1253,486417,卖盘
10:26:45,3.88,0.0,30,11615,买盘
10:26:48,3.88,0.0,228,88464,买盘
10:26:51,3.88,0.0,509,197427,买盘
10:26:54,3.88,0.0,47,18250,卖盘
10:26:57,3.88,0.0,1,388,卖盘
10:27:00,3.88,0.0,35,13580,卖盘
10:27:03,3.88,0.0,273,105924,卖盘
10:27:06,3.88,0.0,24,9312,买盘
10:27:09,3.89,0.01,125,48526,买盘
10:27:12,3.87,-0.02,101,39093,卖盘
10:27:15,3.88,0.01,64,24787,买盘
10:27:18,3.87,-0.01,223,86467,卖盘
10:27:21,3.87,0.0,49,18963,卖盘
10:27:24,3.88,0.01,42,16284,买盘
10:27:27,3.88,0.0,237,91721,买盘
10:27:33,3.88,0.0,29,11252,买盘
10:27:36,3.88,0.0,43,16672,买盘
10:27:39,3.87,-0.01,94,36436,卖盘
10:27:42,3.88,0.01,107,41415,买盘
10:27:45,3.87,-0.01,42,16256,卖盘
10:27:48,3.87,0.0,100,38770,卖盘
10:27:51,3.88,0.01,67,25986,买盘
10:27:54,3.88,0.0,76,29488,买盘
10:27:57,3.88,0.0,19,7372,买盘
10:28:00,3.87,-0.01,98,37970,卖盘
10:28:03,3.88,0.01,1,388,买盘
10:28:09,3.87,-0.01,65,25167,卖盘
10:28:12,3.88,0.01,7,2716,买盘
10:28:15,3.88,0.0,16,6208,买盘
10:28:18,3.88,0.0,122,47286,买盘
10:28:21,3.88,0.0,7,2715,买盘
10:28:24,3.87,-0.01,752,291024,卖盘
10:28:30,3.87,0.0,122,47224,卖盘
10:28:33,3.88,0.01,50,19400,买盘
10:28:36,3.87,-0.01,3,1162,卖盘
10:28:39,3.87,0.0,30,11610,卖盘
10:28:42,3.88,0.01,579,224227,买盘
10:28:45,3.87,-0.01,1420,549541,卖盘
10:28:48,3.87,0.0,209,80930,买盘
10:28:51,3.87,0.0,456,176126,买盘
10:28:54,3.87,0.0,182,70434,买盘
10:28:57,3.87,0.0,66,25515,买盘
10:29:00,3.87,0.0,41,15860,买盘
10:29:03,3.87,0.0,3,1160,买盘
10:29:06,3.87,0.0,672,259448,买盘
10:29:09,3.87,0.0,1701,656766,买盘
10:29:12,3.87,0.0,241,92966,买盘
10:29:15,3.86,-0.01,11,4251,买盘
10:29:18,3.86,0.0,67,25864,买盘
10:29:24,3.86,0.0,616,237176,买盘
10:29:27,3.85,-0.01,238,91725,卖盘
10:29:30,3.85,0.0,58,22338,卖盘
10:29:33,3.85,0.0,450,173406,卖盘
10:29:36,3.86,0.01,27,10422,卖盘
10:29:39,3.85,-0.01,289,111437,卖盘
10:29:42,3.85,0.0,60,23110,卖盘
10:29:45,3.87,0.02,231,89180,买盘
10:29:48,3.86,-0.01,143,55198,卖盘
10:29:51,3.86,0.0,100,38600,买盘
10:29:54,3.86,0.0,20,7720,买盘
10:29:57,3.85,-0.01,52,20058,卖盘
10:30:00,3.86,0.01,139,53554,买盘
10:30:03,3.86,0.0,1409,542472,买盘
10:30:06,3.86,0.0,272,104735,买盘
10:30:09,3.86,0.0,13,5018,买盘
10:30:12,3.85,-0.01,127,48902,卖盘
10:30:15,3.86,0.01,76,29336,买盘
10:30:18,3.85,-0.01,82,31595,卖盘
10:30:21,3.85,0.0,90,34650,卖盘
10:30:24,3.85,0.0,199,76615,卖盘
10:30:27,3.85,0.0,551,212188,卖盘
10:30:30,3.85,0.0,335,128975,卖盘
10:30:33,3.85,0.0,232,89362,卖盘
10:30:36,3.84,-0.01,826,317188,卖盘
10:30:39,3.84,0.0,1336,513026,卖盘
10:30:42,3.84,0.0,538,206658,卖盘
10:30:45,3.85,0.01,453,174056,买盘
10:30:48,3.84,-0.01,472,181370,卖盘
10:30:51,3.84,0.0,175,67322,卖盘
10:30:54,3.84,0.0,204,78336,卖盘
10:30:57,3.84,0.0,184,70656,卖盘
10:31:00,3.84,0.0,163,62568,卖盘
10:31:03,3.84,0.0,84,32288,卖盘
10:31:06,3.84,0.0,175,67203,卖盘
10:31:09,3.85,0.01,232,89182,买盘
10:31:12,3.85,0.0,122,46860,买盘
10:31:15,3.85,0.0,10,3845,买盘
10:31:18,3.85,0.0,156,59975,买盘
10:31:21,3.85,0.0,81,31125,买盘
10:31:24,3.85,0.0,59,22661,买盘
10:31:27,3.85,0.0,239,91949,买盘
10:31:30,3.86,0.01,2644,1017931,买盘
10:31:33,3.85,-0.01,850,326860,卖盘
10:31:36,3.85,0.0,107,41204,中性盘
10:31:39,3.85,0.0,55,21225,卖盘
10:31:42,3.85,0.0,87,33499,卖盘
10:31:45,3.85,0.0,148,56980,买盘
10:31:48,3.85,0.0,242,93083,买盘
10:31:51,3.85,0.0,134,51590,买盘
10:31:54,3.85,0.0,20,7700,买盘
10:31:57,3.85,0.0,168,64655,买盘
10:32:00,3.84,-0.01,78,30023,卖盘
10:32:03,3.85,0.01,133,51205,买盘
10:32:06,3.84,-0.01,77,29620,卖盘
10:32:09,3.85,0.01,122,46925,买盘
10:32:12,3.84,-0.01,62,23845,卖盘
10:32:15,3.85,0.01,125,48092,买盘
10:32:18,3.85,0.0,136,52285,买盘
10:32:21,3.85,0.0,883,338968,买盘
10:32:24,3.85,0.0,10,3850,买盘
10:32:27,3.85,0.0,286,110013,买盘
10:32:30,3.83,-0.02,297,114243,卖盘
10:32:33,3.84,0.01,1,384,买盘
10:32:36,3.84,0.0,16,6144,买盘
10:32:39,3.84,0.0,96,36842,卖盘
10:32:42,3.84,0.0,35,13440,买盘
10:32:45,3.84,0.0,13,4987,买盘
10:32:48,3.84,0.0,27,10368,卖盘
10:32:51,3.85,0.01,23,8842,买盘
10:32:54,3.84,-0.01,365,139951,卖盘
10:32:57,3.84,0.0,218,83768,卖盘
10:33:00,3.84,0.0,50,19200,买盘
10:33:03,3.84,0.0,119,45694,买盘
10:33:06,3.84,0.0,191,73294,买盘
10:33:09,3.84,0.0,4,1536,买盘
10:33:12,3.83,-0.01,98,37629,卖盘
10:33:15,3.84,0.01,14,5376,买盘
10:33:18,3.84,0.0,112,42958,买盘
10:33:21,3.84,0.0,194,74496,买盘
10:33:24,3.84,0.0,63,24192,买盘
10:33:27,3.83,-0.01,377,144450,卖盘
10:33:30,3.83,0.0,60,23014,卖盘
10:33:36,3.84,0.01,35,13440,买盘
10:33:39,3.83,-0.01,125,47990,卖盘
10:33:42,3.83,0.0,375,143749,卖盘
10:33:45,3.84,0.01,16,6144,买盘
10:33:48,3.83,-0.01,92,35294,卖盘
10:33:51,3.84,0.01,37,14208,买盘
10:33:54,3.83,-0.01,115,44125,卖盘
10:33:57,3.83,0.0,34,13051,卖盘
10:34:00,3.83,0.0,204,78203,卖盘
10:34:03,3.84,0.01,90,34530,买盘
10:34:06,3.84,0.0,134,51335,买盘
10:34:09,3.83,-0.01,12,4598,卖盘
10:34:12,3.84,0.01,35,13440,买盘
10:34:15,3.84,0.0,128,49152,买盘
10:34:18,3.84,0.0,185,71040,买盘
10:34:21,3.85,0.01,123,47260,买盘
10:34:27,3.85,0.0,4,1540,买盘
10:34:30,3.85,0.0,24,9239,买盘
10:34:33,3.85,0.0,30,11550,买盘
10:34:36,3.85,0.0,14,5390,买盘
10:34:39,3.85,0.0,1,385,买盘
10:34:42,3.85,0.0,84,32310,买盘
10:34:45,3.85,0.0,10,3850,买盘
10:34:48,3.85,0.0,43,16555,买盘
10:34:51,3.85,0.0,94,36190,买盘
10:34:54,3.85,0.0,164,63140,买盘
10:34:57,3.85,0.0,714,274835,买盘
10:35:00,3.86,0.01,14,5404,买盘
10:35:03,3.86,0.0,3,1158,买盘
10:35:07,3.85,-0.01,1093,420805,卖盘
10:35:09,3.86,0.01,6,2312,买盘
10:35:12,3.86,0.0,177,68321,买盘
10:35:15,3.86,0.0,36,13896,买盘
10:35:18,3.86,0.0,50,19300,买盘
10:35:24,3.86,0.0,89,34354,买盘
10:35:27,3.86,0.0,181,69815,买盘
10:35:30,3.86,0.0,277,106864,买盘
10:35:33,3.86,0.0,135,52073,买盘
10:35:36,3.86,0.0,249,96095,买盘
10:35:39,3.86,0.0,667,257326,买盘
10:35:42,3.86,0.0,1,386,卖盘
10:35:45,3.86,0.0,71,27406,卖盘
10:35:48,3.86,0.0,3,1158,卖盘
10:35:51,3.86,0.0,708,274140,卖盘
10:35:54,3.87,0.01,5,1935,中性盘
10:35:57,3.87,0.0,96,37106,买盘
10:36:00,3.87,0.0,63,24329,买盘
10:36:03,3.87,0.0,136,52632,买盘
10:36:06,3.87,0.0,50,19350,买盘
10:36:09,3.87,0.0,66,25542,买盘
10:36:12,3.86,-0.01,43,16621,卖盘
10:36:15,3.86,0.0,732,282663,卖盘
10:36:18,3.87,0.01,75,28992,买盘
10:36:21,3.86,-0.01,2,772,卖盘
10:36:24,3.87,0.01,172,66563,买盘
10:36:27,3.87,0.0,13,5031,买盘
10:36:30,3.86,-0.01,1,386,卖盘
10:36:33,3.87,0.01,23,8901,买盘
10:36:36,3.87,0.0,40,15480,买盘
10:36:39,3.86,-0.01,230,88780,卖盘
10:36:42,3.86,0.0,113,43685,买盘
10:36:45,3.86,0.0,188,72731,买盘
10:36:48,3.85,-0.01,35,13490,卖盘
10:36:51,3.86,0.01,100,38600,买盘
10:36:54,3.86,0.0,10,3860,买盘
10:36:57,3.86,0.0,5,1930,买盘
10:37:00,3.86,0.0,71,27406,买盘
10:37:03,3.86,0.0,6,2316,买盘
10:37:06,3.86,0.0,1,386,买盘
10:37:09,3.86,0.0,14,5404,买盘
10:37:12,3.86,0.0,12,4632,买盘
10:37:15,3.86,0.0,92,35471,买盘
10:37:18,3.86,0.0,83,31998,买盘
10:37:21,3.86,0.0,2,772,卖盘
10:37:24,3.86,0.0,6,2316,卖盘
10:37:27,3.86,0.0,6,2316,卖盘
10:37:30,3.87,0.01,19,7352,买盘
10:37:33,3.86,-0.01,80,30880,卖盘
10:37:36,3.87,0.01,12,4644,买盘
10:37:39,3.87,0.0,30,11610,买盘
10:37:42,3.87,0.0,23,8901,买盘
10:37:45,3.86,-0.01,25,9650,卖盘
10:37:48,3.86,0.0,51,19716,卖盘
10:37:51,3.87,0.01,72,27864,买盘
10:37:54,3.86,-0.01,13,5018,卖盘
10:37:57,3.85,-0.01,358,138158,卖盘
10:38:00,3.86,0.01,31,11954,中性盘
10:38:03,3.86,0.0,82,31652,买盘
10:38:06,3.85,-0.01,12,4626,卖盘
10:38:09,3.86,0.01,133,51338,买盘
10:38:15,3.86,0.0,12,4632,卖盘
10:38:18,3.86,0.0,58,22388,卖盘
10:38:21,3.86,0.0,6,2316,卖盘
10:38:27,3.86,0.0,70,27070,卖盘
10:38:30,3.86,0.0,249,96114,卖盘
10:38:33,3.86,0.0,93,35903,卖盘
10:38:36,3.86,0.0,27,10422,卖盘
10:38:39,3.86,0.0,580,223609,卖盘
10:38:42,3.86,0.0,73,28165,买盘
10:38:45,3.86,0.0,126,48635,买盘
10:38:48,3.86,0.0,14,5404,买盘
10:38:51,3.86,0.0,30,11580,买盘
10:38:54,3.86,0.0,67,25862,买盘
10:38:57,3.87,0.01,39,15064,买盘
10:39:03,3.86,-0.01,71,27457,卖盘
10:39:09,3.87,0.01,100,38700,买盘
10:39:12,3.87,0.0,1,387,买盘
10:39:15,3.87,0.0,518,200078,买盘
10:39:18,3.86,-0.01,8,3088,卖盘
10:39:21,3.85,-0.01,252,97153,卖盘
10:39:24,3.86,0.01,212,81832,买盘
10:39:27,3.86,0.0,14,5404,买盘
10:39:33,3.85,-0.01,20,7700,卖盘
10:39:36,3.85,0.0,1,385,卖盘
10:39:39,3.86,0.01,10,3860,买盘
10:39:42,3.86,0.0,100,38600,买盘
10:39:45,3.86,0.0,73,28148,买盘
10:39:48,3.85,-0.01,90,34650,卖盘
10:39:54,3.86,0.01,14,5399,买盘
10:39:57,3.85,-0.01,20,7700,卖盘
10:40:00,3.85,0.0,528,203280,卖盘
10:40:03,3.85,0.0,201,77530,卖盘
10:40:06,3.86,0.01,10,3860,买盘
10:40:12,3.86,0.0,35,13505,买盘
10:40:18,3.85,-0.01,665,256025,卖盘
10:40:21,3.86,0.01,3,1158,买盘
10:40:24,3.85,-0.01,90,34650,卖盘
10:40:27,3.86,0.01,1792,690929,买盘
10:40:30,3.85,-0.01,61,23485,卖盘
10:40:36,3.86,0.01,70,26990,买盘
10:40:39,3.85,-0.01,15,5788,卖盘
10:40:42,3.85,0.0,207,79695,卖盘
10:40:45,3.85,0.0,380,146067,买盘
10:40:48,3.85,0.0,30,11550,买盘
10:40:51,3.84,-0.01,40,15362,卖盘
10:40:54,3.85,0.01,247,95053,买盘
10:40:57,3.85,0.0,4,1540,买盘
10:41:03,3.85,0.0,6,2310,买盘
10:41:06,3.85,0.0,16,6160,买盘
10:41:09,3.85,0.0,65,25019,买盘
10:41:12,3.85,0.0,212,81620,买盘
10:41:15,3.85,0.0,36,13894,卖盘
10:41:21,3.86,0.01,1,386,买盘
10:41:24,3.85,-0.01,10,3850,卖盘
10:41:27,3.85,0.0,113,43535,卖盘
10:41:30,3.86,0.01,1,386,买盘
10:41:33,3.85,-0.01,42,16170,卖盘
10:41:36,3.86,0.01,55,21230,买盘
10:41:39,3.86,0.0,151,58281,买盘
10:41:42,3.86,0.0,30,11580,买盘
10:41:45,3.86,0.0,95,36670,买盘
10:41:48,3.86,0.0,2,772,买盘
10:41:51,3.86,0.0,215,82990,买盘
10:41:54,3.86,0.0,535,206510,卖盘
10:41:57,3.86,0.0,3,1158,卖盘
10:42:00,3.86,0.0,78,30108,卖盘
10:42:03,3.86,0.0,100,38600,买盘
10:42:06,3.86,0.0,51,19686,买盘
10:42:09,3.86,0.0,217,83779,卖盘
10:42:12,3.87,0.01,11,4257,买盘
10:42:15,3.86,-0.01,27,10431,卖盘
10:42:18,3.87,0.01,40,15445,买盘
10:42:21,3.87,0.0,1,387,买盘
10:42:24,3.86,-0.01,372,143592,卖盘
10:42:27,3.87,0.01,300,115972,买盘
10:42:30,3.86,-0.01,64,24704,中性盘
10:42:36,3.87,0.01,3,1161,买盘
10:42:42,3.87,0.0,17,6579,买盘
10:42:45,3.87,0.0,56,21672,买盘
10:42:48,3.86,-0.01,5,1930,卖盘
10:42:51,3.87,0.01,691,267417,买盘
10:42:54,3.87,0.0,59,22833,买盘
10:42:57,3.87,0.0,110,42493,买盘
10:43:00,3.88,0.01,69,26772,买盘
10:43:03,3.88,0.0,417,161737,买盘
10:43:06,3.88,0.0,113,43844,买盘
10:43:09,3.88,0.0,590,228920,买盘
10:43:12,3.88,0.0,155,60140,卖盘
10:43:15,3.89,0.01,16,6224,买盘
10:43:18,3.89,0.0,15,5835,买盘
10:43:21,3.89,0.0,273,106054,买盘
10:43:27,3.89,0.0,747,290583,买盘
10:43:30,3.89,0.0,472,183608,卖盘
10:43:33,3.9,0.01,23,8954,买盘
10:43:36,3.9,0.0,149,58110,买盘
10:43:39,3.89,-0.01,456,177129,卖盘
10:43:42,3.89,0.0,49,19061,买盘
10:43:45,3.89,0.0,232,90248,买盘
10:43:48,3.89,0.0,1,389,买盘
10:43:51,3.89,0.0,20,7780,买盘
10:43:54,3.89,0.0,121,47069,卖盘
10:43:57,3.9,0.01,20,7800,买盘
10:44:00,3.9,0.0,148,57720,买盘
10:44:03,3.9,0.0,131,51090,买盘
10:44:06,3.9,0.0,211,82290,买盘
10:44:09,3.9,0.0,8,3120,买盘
10:44:12,3.9,0.0,239,93210,买盘
10:44:15,3.9,0.0,244,95160,卖盘
10:44:18,3.91,0.01,484,188811,买盘
10:44:21,3.91,0.0,10,3901,买盘
10:44:24,3.91,0.0,273,106743,买盘
10:44:27,3.9,-0.01,24,9360,中性盘
10:44:30,3.91,0.01,402,157156,买盘
10:44:33,3.9,-0.01,142,55286,中性盘
10:44:36,3.91,0.01,927,362320,买盘
10:44:39,3.91,0.0,131,51221,卖盘
10:44:42,3.91,0.0,268,104788,卖盘
10:44:45,3.91,0.0,445,173585,买盘
10:44:48,3.9,-0.01,41,15990,卖盘
10:44:51,3.9,0.0,48,18720,卖盘
10:44:54,3.9,0.0,312,121845,卖盘
10:44:57,3.9,0.0,1,390,买盘
10:45:00,3.9,0.0,10,3900,买盘
10:45:03,3.9,0.0,70,27300,买盘
10:45:06,3.9,0.0,507,197230,买盘
10:45:09,3.9,0.0,156,60839,买盘
10:45:15,3.9,0.0,787,306840,买盘
10:45:18,3.9,0.0,46,17940,买盘
10:45:21,3.9,0.0,60,23400,买盘
10:45:24,3.89,-0.01,115,44735,卖盘
10:45:27,3.9,0.01,536,208930,买盘
10:45:30,3.9,0.0,103,40170,卖盘
10:45:36,3.91,0.01,905,353855,买盘
10:45:39,3.9,-0.01,20,7800,卖盘
10:45:42,3.9,0.0,13,5078,卖盘
10:45:45,3.9,0.0,20,7800,卖盘
10:45:48,3.9,0.0,11,4290,卖盘
10:45:51,3.9,0.0,30,11700,卖盘
10:45:54,3.9,0.0,577,225074,卖盘
10:45:57,3.9,0.0,134,52260,卖盘
10:46:00,3.9,0.0,14,5464,卖盘
10:46:06,3.9,0.0,79,30912,卖盘
10:46:09,3.89,-0.01,25,9725,卖盘
10:46:12,3.9,0.01,81,31590,买盘
10:46:15,3.9,0.0,137,53407,买盘
10:46:18,3.9,0.0,7,2729,买盘
10:46:24,3.9,0.0,177,68928,买盘
10:46:27,3.9,0.0,12,4680,卖盘
10:46:33,3.9,0.0,53,20670,卖盘
10:46:36,3.91,0.01,234,91268,买盘
10:46:39,3.9,-0.01,60,23502,卖盘
10:46:45,3.9,0.0,16,6240,买盘
10:46:54,3.9,0.0,6,2340,买盘
10:46:57,3.9,0.0,20,7800,买盘
10:47:06,3.9,0.0,44,17158,买盘
10:47:12,3.9,0.0,4,1560,买盘
10:47:15,3.9,0.0,22,8580,买盘
10:47:18,3.89,-0.01,20,7780,卖盘
10:47:21,3.9,0.01,1,390,买盘
10:47:24,3.9,0.0,406,158340,买盘
10:47:30,3.89,-0.01,115,44750,卖盘
10:47:33,3.9,0.01,151,58788,买盘
10:47:36,3.9,0.0,146,56940,卖盘
10:47:39,3.91,0.01,53,20758,买盘
10:47:42,3.9,-0.01,19,7395,买盘
10:47:45,3.9,0.0,191,74490,买盘
10:47:48,3.9,0.0,37,14430,卖盘
10:47:51,3.9,0.0,11,4290,卖盘
10:47:57,3.9,0.0,61,23790,买盘
10:48:03,3.9,0.0,53,20670,买盘
10:48:06,3.9,0.0,15,5838,买盘
10:48:09,3.89,-0.01,484,188759,卖盘
10:48:12,3.9,0.01,27,10530,买盘
10:48:15,3.9,0.0,10,3900,买盘
10:48:24,3.9,0.0,1,390,买盘
10:48:27,3.9,0.0,66,25740,买盘
10:48:30,3.9,0.0,349,136110,卖盘
10:48:33,3.89,-0.01,95,37002,卖盘
10:48:36,3.89,0.0,69,26841,卖盘
10:48:39,3.89,0.0,8,3112,卖盘
10:48:42,3.89,0.0,1,280,卖盘
10:48:45,3.89,0.0,1029,400291,卖盘
10:48:48,3.89,0.0,159,61851,卖盘
10:48:51,3.89,0.0,18,7111,卖盘
10:49:03,3.89,0.0,6,2334,买盘
10:49:09,3.89,0.0,18,7002,买盘
10:49:12,3.88,-0.01,25,9700,卖盘
10:49:18,3.89,0.01,327,127203,买盘
10:49:21,3.89,0.0,40,15530,买盘
10:49:24,3.89,0.0,10,3890,买盘
10:49:27,3.89,0.0,154,59896,买盘
10:49:30,3.89,0.0,49,18952,买盘
10:49:51,3.9,0.01,3,1170,买盘
10:49:54,3.89,-0.01,157,61073,卖盘
10:49:57,3.9,0.01,2194,853769,买盘
10:50:03,3.9,0.0,10,3900,买盘
10:50:06,3.9,0.0,47,18300,买盘
10:50:09,3.89,-0.01,26,10114,卖盘
10:50:15,3.89,0.0,31,12059,买盘
10:50:21,3.89,0.0,7,2723,买盘
10:50:24,3.88,-0.01,63,24459,卖盘
10:50:27,3.88,0.0,61,23668,卖盘
10:50:30,3.89,0.01,251,97638,买盘
10:50:33,3.89,0.0,58,22562,买盘
10:50:36,3.88,-0.01,5,1940,卖盘
10:50:39,3.88,0.0,49,19033,卖盘
10:50:42,3.89,0.01,29,11281,买盘
10:50:51,3.89,0.0,6,2334,买盘
10:50:54,3.88,-0.01,36,13968,卖盘
10:51:00,3.88,0.0,26,10094,卖盘
10:51:03,3.89,0.01,1,389,买盘
10:51:06,3.88,-0.01,12,4661,卖盘
10:51:09,3.88,0.0,169,65738,卖盘
10:51:18,3.89,0.01,29,11281,买盘
10:51:24,3.89,0.0,32,12448,买盘
10:51:27,3.89,0.0,52,20228,买盘
10:51:30,3.89,0.0,111,43150,买盘
10:51:33,3.89,0.0,1,389,买盘
10:51:36,3.88,-0.01,162,62886,卖盘
10:51:39,3.89,0.01,2,778,买盘
10:51:48,3.89,0.0,50,19450,买盘
10:51:51,3.89,0.0,10,3883,买盘
10:51:54,3.88,-0.01,21,8148,卖盘
10:52:00,3.89,0.01,10,3890,买盘
10:52:06,3.89,0.0,54,21006,买盘
10:52:12,3.89,0.0,20,7780,买盘
10:52:15,3.89,0.0,29,11281,买盘
10:52:24,3.88,-0.01,30,11640,卖盘
10:52:27,3.89,0.01,10,3890,买盘
10:52:30,3.89,0.0,117,45413,买盘
10:52:33,3.89,0.0,185,71965,买盘
10:52:36,3.89,0.0,4,1556,卖盘
10:52:39,3.9,0.01,7,2730,买盘
10:52:45,3.89,-0.01,1,389,卖盘
10:52:48,3.9,0.01,2,780,买盘
10:52:54,3.9,0.0,704,273857,买盘
10:53:00,3.9,0.0,54,21060,买盘
10:53:03,3.89,-0.01,10,3890,卖盘
10:53:06,3.9,0.01,29,11310,买盘
10:53:09,3.89,-0.01,33,12841,卖盘
10:53:15,3.9,0.01,650,253500,买盘
10:53:18,3.9,0.0,31,12090,买盘
10:53:24,3.89,-0.01,128,49913,卖盘
10:53:27,3.9,0.01,148,57720,买盘
10:53:33,3.9,0.0,5,1950,买盘
10:53:39,3.9,0.0,202,78780,买盘
10:53:42,3.9,0.0,42,16380,买盘
10:53:45,3.9,0.0,91,35440,买盘
10:53:48,3.9,0.0,9,3510,买盘
10:53:51,3.9,0.0,119,46410,买盘
10:53:54,3.9,0.0,4,1560,买盘
10:54:00,3.9,0.0,2,780,买盘
10:54:03,3.9,0.0,312,121680,买盘
10:54:06,3.9,0.0,189,73710,买盘
10:54:09,3.9,0.0,1,390,买盘
10:54:12,3.9,0.0,216,84239,买盘
10:54:15,3.9,0.0,110,42791,买盘
10:54:18,3.9,0.0,73,28470,卖盘
10:54:21,3.9,0.0,25,9750,卖盘
10:54:24,3.9,0.0,21,8193,卖盘
10:54:27,3.9,0.0,52,20280,买盘
10:54:30,3.91,0.01,30,11714,买盘
10:54:33,3.9,-0.01,90,35100,卖盘
10:54:36,3.91,0.01,12,4692,买盘
10:54:39,3.91,0.0,1258,491866,买盘
10:54:42,3.91,0.0,1,391,卖盘
10:54:45,3.92,0.01,91,35672,买盘
10:54:48,3.91,-0.01,20,7820,卖盘
10:54:54,3.92,0.01,1000,392000,买盘
10:54:57,3.91,-0.01,100,39100,卖盘
10:55:06,3.92,0.01,9,3528,买盘
10:55:09,3.92,0.0,173,67816,买盘
10:55:12,3.91,-0.01,7,2743,卖盘
10:55:21,3.92,0.01,60,23520,买盘
10:55:24,3.91,-0.01,95,37145,卖盘
10:55:27,3.92,0.01,24,9407,买盘
10:55:30,3.92,0.0,380,148960,买盘
10:55:33,3.92,0.0,76,29792,买盘
10:55:36,3.91,-0.01,60,23495,卖盘
10:55:39,3.92,0.01,46,18032,买盘
10:55:42,3.92,0.0,257,100714,买盘
10:55:45,3.92,0.0,148,58016,买盘
10:55:48,3.92,0.0,204,79968,买盘
10:55:51,3.92,0.0,2,784,买盘
10:55:54,3.92,0.0,61,23912,买盘
10:55:57,3.92,0.0,12,4704,买盘
10:56:00,3.92,0.0,61,23912,买盘
10:56:03,3.92,0.0,3,1176,买盘
10:56:06,3.92,0.0,6,2352,买盘
10:56:09,3.92,0.0,600,235200,卖盘
10:56:12,3.92,0.0,28,10976,卖盘
10:56:21,3.92,0.0,12,4704,买盘
10:56:24,3.92,0.0,1,392,买盘
10:56:30,3.91,-0.01,70,27370,卖盘
10:56:33,3.92,0.01,24,9408,买盘
10:56:36,3.91,-0.01,10,3910,卖盘
10:56:45,3.91,0.0,110,43010,卖盘
10:56:51,3.92,0.01,201,78792,买盘
10:56:54,3.91,-0.01,152,59576,卖盘
10:56:57,3.92,0.01,4,1568,买盘
10:57:06,3.92,0.0,3,1176,买盘
10:57:09,3.92,0.0,30,11760,买盘
10:57:15,3.92,0.0,4,1568,买盘
10:57:18,3.92,0.0,54,21168,买盘
10:57:21,3.91,-0.01,66,25807,卖盘
10:57:27,3.92,0.01,30,11760,买盘
10:57:30,3.92,0.0,300,117600,买盘
10:57:33,3.92,0.0,32,12544,买盘
10:57:39,3.92,0.0,10,3920,买盘
10:57:45,3.92,0.0,14,5488,买盘
10:57:57,3.92,0.0,67,26264,买盘
10:58:00,3.92,0.0,42,16617,买盘
10:58:03,3.93,0.01,3,1179,买盘
10:58:09,3.92,-0.01,14,5492,卖盘
10:58:15,3.92,0.0,27,10607,卖盘
10:58:18,3.92,0.0,10,3920,卖盘
10:58:21,3.93,0.01,600,235800,买盘
10:58:27,3.93,0.0,41,16113,买盘
10:58:30,3.92,-0.01,66,25888,卖盘
10:58:36,3.93,0.01,5,1965,买盘
10:58:39,3.93,0.0,15,5895,买盘
10:58:42,3.92,-0.01,56,21958,卖盘
10:58:45,3.93,0.01,38,14934,买盘
10:58:48,3.93,0.0,25,9825,买盘
10:58:51,3.93,0.0,494,194142,买盘
10:58:54,3.93,0.0,79,31042,买盘
10:58:57,3.93,0.0,128,50304,买盘
10:59:00,3.93,0.0,20,7860,买盘
10:59:03,3.93,0.0,177,69561,买盘
10:59:09,3.94,0.01,6,2364,买盘
10:59:12,3.94,0.0,5,1970,买盘
10:59:15,3.94,0.0,572,225358,买盘
10:59:21,3.94,0.0,150,59100,买盘
10:59:24,3.94,0.0,32,12608,卖盘
10:59:27,3.94,0.0,220,86689,买盘
10:59:30,3.94,0.0,308,121352,买盘
10:59:33,3.94,0.0,15,5910,买盘
10:59:36,3.94,0.0,322,126865,买盘
10:59:39,3.94,0.0,2,788,买盘
10:59:42,3.94,0.0,1,394,买盘
10:59:45,3.94,0.0,856,337264,买盘
10:59:48,3.94,0.0,18,7092,买盘
10:59:51,3.94,0.0,10,3940,买盘
10:59:54,3.94,0.0,210,82638,买盘
10:59:57,3.94,0.0,57,22560,卖盘
11:00:00,3.95,0.01,27,10662,买盘
11:00:03,3.95,0.0,24,9474,买盘
11:00:06,3.94,-0.01,404,159181,卖盘
11:00:09,3.95,0.01,164,64710,买盘
11:00:12,3.95,0.0,133,52475,买盘
11:00:15,3.95,0.0,273,107835,买盘
11:00:18,3.95,0.0,97,38315,买盘
11:00:21,3.95,0.0,322,127007,买盘
11:00:24,3.95,0.0,98,38518,买盘
11:00:27,3.93,-0.02,224,88040,卖盘
11:00:30,3.93,0.0,522,205462,卖盘
11:00:33,3.94,0.01,534,209664,买盘
11:00:36,3.93,-0.01,10,3930,中性盘
11:00:39,3.93,0.0,98,38514,买盘
11:00:42,3.92,-0.01,43,16865,卖盘
11:00:45,3.92,0.0,9,3528,卖盘
11:00:48,3.92,0.0,21,8232,买盘
11:00:51,3.92,0.0,8,3136,买盘
11:00:54,3.92,0.0,23,9013,卖盘
11:00:57,3.92,0.0,6,2352,卖盘
11:01:00,3.92,0.0,39,15288,买盘
11:01:03,3.92,0.0,36,14112,卖盘
11:01:06,3.92,0.0,4,1568,卖盘
11:01:09,3.92,0.0,1,392,卖盘
11:01:15,3.93,0.01,6,2358,买盘
11:01:21,3.93,0.0,28,11004,买盘
11:01:27,3.93,0.0,10,3930,买盘
11:01:30,3.93,0.0,4,1569,买盘
11:01:33,3.92,-0.01,30,11760,卖盘
11:01:36,3.93,0.01,13,5109,买盘
11:01:39,3.93,0.0,531,208183,买盘
11:01:42,3.93,0.0,3,1179,买盘
11:01:45,3.93,0.0,30,11790,买盘
11:01:48,3.93,0.0,21,8253,买盘
11:01:51,3.93,0.0,271,106501,买盘
11:01:54,3.93,0.0,5,1965,卖盘
11:01:57,3.93,0.0,34,13362,卖盘
11:02:00,3.93,0.0,321,126153,卖盘
11:02:06,3.93,0.0,1,393,卖盘
11:02:09,3.94,0.01,8,3152,买盘
11:02:15,3.94,0.0,37,14571,买盘
11:02:18,3.94,0.0,10,3940,买盘
11:02:21,3.94,0.0,20,7880,买盘
11:02:24,3.94,0.0,3,1182,买盘
11:02:27,3.94,0.0,26,10244,买盘
11:02:33,3.94,0.0,1,394,买盘
11:02:36,3.94,0.0,5,1970,买盘
11:02:39,3.93,-0.01,10,3939,卖盘
11:02:42,3.93,0.0,93,36560,卖盘
11:02:45,3.93,0.0,271,106503,卖盘
11:02:48,3.92,-0.01,165,64794,卖盘
11:02:51,3.93,0.01,11,4313,买盘
11:02:54,3.92,-0.01,110,43120,卖盘
11:02:57,3.92,0.0,63,24696,卖盘
11:03:00,3.92,0.0,3,1176,卖盘
11:03:03,3.93,0.01,50,19650,买盘
11:03:09,3.92,-0.01,20,7840,卖盘
11:03:15,3.93,0.01,100,39300,买盘
11:03:27,3.92,-0.01,9,3532,卖盘
11:03:30,3.93,0.01,55,21615,买盘
11:03:33,3.93,0.0,11,4323,买盘
11:03:36,3.93,0.0,173,67977,买盘
11:03:39,3.93,0.0,2,786,买盘
11:03:45,3.92,-0.01,50,19600,卖盘
11:03:51,3.92,0.0,6,2352,卖盘
11:03:54,3.93,0.01,6,2358,买盘
11:03:57,3.93,0.0,51,19993,买盘
11:04:03,3.93,0.0,1,393,买盘
11:04:06,3.93,0.0,100,39300,买盘
11:04:09,3.93,0.0,85,33355,买盘
11:04:12,3.93,0.0,15,5895,买盘
11:04:24,3.93,0.0,2,786,买盘
11:04:33,3.92,-0.01,5,1964,卖盘
11:04:36,3.92,0.0,50,19600,卖盘
11:04:39,3.92,0.0,131,51352,卖盘
11:04:42,3.92,0.0,24,9408,卖盘
11:04:45,3.92,0.0,1300,509600,卖盘
11:04:48,3.92,0.0,185,72520,卖盘
11:04:51,3.93,0.01,27,10594,买盘
11:04:54,3.92,-0.01,31,12152,卖盘
11:04:57,3.92,0.0,56,21978,卖盘
11:05:00,3.92,0.0,55,21560,卖盘
11:05:03,3.92,0.0,68,26679,卖盘
11:05:06,3.92,0.0,50,19600,卖盘
11:05:12,3.92,0.0,180,70560,卖盘
11:05:15,3.92,0.0,73,28666,卖盘
11:05:18,3.92,0.0,38,14896,卖盘
11:05:24,3.92,0.0,57,22344,卖盘
11:05:27,3.92,0.0,16,6272,卖盘
11:05:30,3.92,0.0,48,18816,卖盘
11:05:36,3.92,0.0,4,1568,卖盘
11:05:39,3.92,0.0,12,4706,卖盘
11:05:42,3.92,0.0,33,12936,卖盘
11:05:45,3.92,0.0,7,2744,卖盘
11:05:48,3.92,0.0,30,11760,卖盘
11:05:51,3.92,0.0,20,7840,卖盘
11:05:54,3.93,0.01,35,13755,买盘
11:05:57,3.92,-0.01,110,43246,卖盘
11:06:03,3.93,0.01,93,36549,买盘
11:06:06,3.92,-0.01,60,23520,卖盘
11:06:12,3.93,0.01,12,4716,买盘
11:06:15,3.92,-0.01,925,362475,卖盘
11:06:18,3.92,0.0,259,101345,买盘
11:06:21,3.91,-0.01,3,1173,卖盘
11:06:27,3.91,0.0,36,14076,卖盘
11:06:30,3.91,0.0,26,10166,卖盘
11:06:33,3.92,0.01,30,11760,买盘
11:06:36,3.91,-0.01,1,391,卖盘
11:06:39,3.91,0.0,5,1955,卖盘
11:06:42,3.91,0.0,35,13690,卖盘
11:06:45,3.91,0.0,312,121992,买盘
11:06:51,3.9,-0.01,100,39089,卖盘
11:07:00,3.91,0.01,10,3910,卖盘
11:07:03,3.91,0.0,4,1564,买盘
11:07:18,3.91,0.0,1,391,买盘
11:07:30,3.9,-0.01,20,7800,卖盘
11:07:36,3.91,0.01,46,17986,买盘
11:07:39,3.91,0.0,17,6647,买盘
11:07:48,3.91,0.0,447,174777,买盘
11:07:57,3.91,0.0,134,52404,卖盘
11:08:03,3.9,-0.01,78,30420,卖盘
11:08:12,3.9,0.0,5,1950,卖盘
11:08:15,3.91,0.01,8,3128,买盘
11:08:27,3.91,0.0,30,11730,买盘
11:08:36,3.91,0.0,12,4692,买盘
11:08:42,3.91,0.0,1,391,买盘
11:08:48,3.91,0.0,10,3910,买盘
11:08:54,3.9,-0.01,10,3905,卖盘
11:09:00,3.9,0.0,20,7800,卖盘
11:09:06,3.9,0.0,20,7800,卖盘
11:09:09,3.9,0.0,10,3900,卖盘
11:09:12,3.91,0.01,4,1564,买盘
11:09:15,3.91,0.0,20,7820,买盘
11:09:21,3.9,-0.01,10,3900,卖盘
11:09:24,3.91,0.01,2,782,买盘
11:09:39,3.91,0.0,211,82401,买盘
11:09:42,3.91,0.0,2,782,买盘
11:09:54,3.91,0.0,7,2737,买盘
11:09:57,3.9,-0.01,3,1170,卖盘
11:10:12,3.9,0.0,2,780,卖盘
11:10:15,3.91,0.01,28,10948,买盘
11:10:18,3.9,-0.01,120,46800,卖盘
11:10:21,3.9,0.0,11,4300,卖盘
11:10:24,3.9,0.0,42,16380,卖盘
11:10:27,3.91,0.01,30,11727,买盘
11:10:30,3.9,-0.01,71,27690,卖盘
11:10:33,3.91,0.01,1,391,买盘
11:10:48,3.91,0.0,55,21505,买盘
11:10:51,3.91,0.0,4,1564,买盘
11:10:57,3.91,0.0,18,7038,买盘
11:11:09,3.91,0.0,3,1173,买盘
11:11:12,3.91,0.0,10,3910,买盘
11:11:15,3.9,-0.01,200,78000,卖盘
11:11:18,3.9,0.0,5,1950,卖盘
11:11:21,3.9,0.0,42,16380,卖盘
11:11:24,3.9,0.0,4,1560,卖盘
11:11:27,3.9,0.0,15,5850,卖盘
11:11:30,3.9,0.0,5,1950,卖盘
11:11:33,3.9,0.0,361,140790,卖盘
11:11:36,3.9,0.0,184,71649,买盘
11:11:39,3.89,-0.01,12,4674,卖盘
11:11:42,3.9,0.01,3,1170,买盘
11:11:45,3.89,-0.01,3,1168,卖盘
11:11:51,3.89,0.0,16,6224,卖盘
11:11:54,3.9,0.01,4,1560,买盘
11:11:57,3.9,0.0,4,1560,买盘
11:12:00,3.89,-0.01,20,7780,卖盘
11:12:12,3.9,0.01,369,143910,买盘
11:12:15,3.89,-0.01,4,1556,卖盘
11:12:21,3.89,0.0,22,8577,卖盘
11:12:27,3.9,0.01,50,19500,买盘
11:12:33,3.89,-0.01,1,389,卖盘
11:12:39,3.89,0.0,24,9346,卖盘
11:12:42,3.89,0.0,59,22951,卖盘
11:12:45,3.9,0.01,2,780,买盘
11:12:48,3.89,-0.01,2,778,卖盘
11:13:00,3.89,0.0,15,5835,卖盘
11:13:03,3.89,0.0,1,389,卖盘
11:13:21,3.9,0.01,51,19890,买盘
11:13:27,3.9,0.0,1,390,买盘
11:13:33,3.9,0.0,18,7020,买盘
11:13:39,3.9,0.0,4,1559,买盘
11:13:57,3.9,0.0,32,12480,买盘
11:14:03,3.9,0.0,1,390,买盘
11:14:15,3.9,0.0,582,226403,买盘
11:14:18,3.89,-0.01,6,2334,卖盘
11:14:21,3.89,0.0,62,24118,卖盘
11:14:24,3.89,0.0,14,5446,卖盘
11:14:27,3.9,0.01,50,19500,买盘
11:14:33,3.9,0.0,3,1170,买盘
11:14:36,3.9,0.0,50,19500,买盘
11:14:39,3.89,-0.01,5,1945,卖盘
11:14:42,3.9,0.01,11,4289,买盘
11:14:57,3.9,0.0,70,27300,买盘
11:15:06,3.9,0.0,43,16770,买盘
11:15:09,3.9,0.0,10,3900,买盘
11:15:18,3.9,0.0,3,1170,买盘
11:15:24,3.89,-0.01,24,9356,卖盘
11:15:27,3.9,0.01,43,16744,买盘
11:15:39,3.89,-0.01,6,2334,卖盘
11:15:45,3.9,0.01,200,78000,买盘
11:15:48,3.89,-0.01,20,7780,卖盘
11:16:09,3.9,0.01,4,1560,买盘
11:16:12,3.89,-0.01,10,3890,卖盘
11:16:15,3.9,0.01,125,48750,买盘
11:16:18,3.9,0.0,42,16380,买盘
11:16:21,3.9,0.0,1,390,买盘
11:16:30,3.89,-0.01,12,4678,卖盘
11:16:36,3.89,0.0,10,3890,卖盘
11:16:39,3.89,0.0,106,41234,卖盘
11:16:42,3.89,0.0,1,389,卖盘
11:16:54,3.9,0.01,11,4290,买盘
11:17:00,3.9,0.0,1,390,买盘
11:17:06,3.9,0.0,2,780,买盘
11:17:12,3.9,0.0,1,390,买盘
11:17:18,3.89,-0.01,1012,393680,卖盘
11:17:21,3.9,0.01,4,1560,买盘
11:17:27,3.89,-0.01,1297,504533,卖盘
11:17:30,3.88,-0.01,100,38800,卖盘
11:17:33,3.89,0.01,122,47457,买盘
11:17:39,3.88,-0.01,6,2328,卖盘
11:17:42,3.89,0.01,10,3890,买盘
11:17:45,3.89,0.0,62,24068,买盘
11:17:48,3.88,-0.01,2,776,卖盘
11:18:00,3.89,0.01,70,27210,买盘
11:18:06,3.89,0.0,5,1945,买盘
11:18:12,3.89,0.0,5,1945,买盘
11:18:18,3.88,-0.01,17,6596,卖盘
11:18:21,3.88,0.0,333,129504,卖盘
11:18:39,3.88,0.0,96,37248,卖盘
11:18:42,3.88,0.0,13,5047,卖盘
11:18:45,3.89,0.01,5,1945,买盘
11:18:48,3.88,-0.01,188,72984,卖盘
11:18:51,3.88,0.0,248,96224,卖盘
11:18:57,3.89,0.01,6,2334,买盘
11:19:09,3.89,0.0,6,2333,买盘
11:19:12,3.88,-0.01,25,9700,卖盘
11:19:15,3.89,0.01,10,3890,买盘
11:19:18,3.88,-0.01,100,38800,卖盘
11:19:27,3.89,0.01,160,62083,买盘
11:19:33,3.88,-0.01,11,4268,卖盘
11:19:36,3.88,0.0,15,5820,卖盘
11:19:39,3.88,0.0,112,43456,卖盘
11:19:42,3.88,0.0,454,176602,卖盘
11:19:45,3.88,0.0,21,8148,卖盘
11:19:48,3.89,0.01,2,778,买盘
11:19:51,3.89,0.0,2,778,买盘
11:19:54,3.89,0.0,20,7780,买盘
11:20:00,3.89,0.0,100,38900,买盘
11:20:03,3.89,0.0,45,17505,买盘
11:20:06,3.88,-0.01,100,38800,卖盘
11:20:21,3.89,0.01,1,389,买盘
11:20:27,3.88,-0.01,7,2716,卖盘
11:20:30,3.88,0.0,32,12416,卖盘
11:20:36,3.89,0.01,8,3112,买盘
11:20:39,3.88,-0.01,5,1940,卖盘
11:20:42,3.89,0.01,1,389,买盘
11:20:57,3.88,-0.01,2,776,卖盘
11:21:00,3.89,0.01,1,389,买盘
11:21:03,3.88,-0.01,20,7760,卖盘
11:21:18,3.89,0.01,5,1945,买盘
11:21:24,3.89,0.0,6,2330,买盘
11:21:27,3.88,-0.01,895,347260,卖盘
11:21:30,3.87,-0.01,154,59627,卖盘
11:21:39,3.87,0.0,22,8533,卖盘
11:21:48,3.88,0.01,2,776,买盘
11:22:00,3.88,0.0,56,21728,买盘
11:22:03,3.88,0.0,60,23280,买盘
11:22:06,3.87,-0.01,37,14355,卖盘
11:22:24,3.87,0.0,2,774,卖盘
11:22:27,3.88,0.01,2,776,买盘
11:22:33,3.87,-0.01,9,3483,卖盘
11:22:39,3.87,0.0,6,2322,卖盘
11:22:48,3.88,0.01,2,776,买盘
11:22:51,3.88,0.0,7,2716,买盘
11:22:57,3.87,-0.01,10,3870,卖盘
11:23:12,3.87,0.0,6,2322,卖盘
11:23:18,3.87,0.0,737,285735,卖盘
11:23:21,3.88,0.01,5,1940,买盘
11:23:30,3.88,0.0,30,11640,买盘
11:23:36,3.88,0.0,41,15908,买盘
11:23:39,3.88,0.0,10,3880,买盘
11:23:42,3.88,0.0,13,5035,买盘
11:23:45,3.87,-0.01,30,11630,卖盘
11:23:54,3.88,0.01,112,43456,买盘
11:24:03,3.88,0.0,91,35308,买盘
11:24:06,3.88,0.0,9,3492,买盘
11:24:09,3.88,0.0,17,6596,买盘
11:24:12,3.88,0.0,5,1940,买盘
11:24:15,3.88,0.0,12,4656,买盘
11:24:21,3.88,0.0,1,388,买盘
11:24:33,3.88,0.0,28,10864,买盘
11:24:36,3.88,0.0,49,19006,买盘
11:24:39,3.88,0.0,13,5044,买盘
11:24:45,3.88,0.0,7,2716,买盘
11:24:51,3.88,0.0,4,1552,买盘
11:25:09,3.87,-0.01,106,41122,卖盘
11:25:12,3.87,0.0,20,7740,卖盘
11:25:15,3.88,0.01,8,3104,买盘
11:25:18,3.87,-0.01,50,19399,卖盘
11:25:24,3.87,0.0,3,1162,卖盘
11:25:30,3.88,0.01,30,11640,买盘
11:25:33,3.87,-0.01,105,40635,卖盘
11:25:36,3.88,0.01,1,388,买盘
11:25:42,3.88,0.0,10,3880,买盘
11:25:48,3.88,0.0,50,19400,买盘
11:25:57,3.88,0.0,13,5044,买盘
11:26:00,3.88,0.0,66,25608,买盘
11:26:03,3.88,0.0,27,10476,买盘
11:26:06,3.88,0.0,41,15908,买盘
11:26:09,3.88,0.0,54,20952,买盘
11:26:12,3.88,0.0,33,12799,买盘
11:26:24,3.88,0.0,30,11640,买盘
11:26:27,3.88,0.0,10,3880,买盘
11:26:33,3.88,0.0,20,7760,买盘
11:26:36,3.88,0.0,65,25220,买盘
11:26:39,3.88,0.0,24,9312,买盘
11:26:42,3.88,0.0,54,20937,买盘
11:26:45,3.88,0.0,35,13580,卖盘
11:26:48,3.88,0.0,6,2328,卖盘
11:26:51,3.88,0.0,7,2716,卖盘
11:26:54,3.89,0.01,4,1556,买盘
11:27:00,3.89,0.0,58,22527,买盘
11:27:06,3.88,-0.01,1,388,卖盘
11:27:12,3.88,0.0,24,9312,卖盘
11:27:18,3.88,0.0,25,9714,卖盘
11:27:27,3.88,0.0,150,58200,卖盘
11:27:30,3.89,0.01,43,16727,买盘
11:27:33,3.89,0.0,6,2329,买盘
11:27:51,3.89,0.0,12,4668,买盘
11:27:54,3.89,0.0,2,778,买盘
11:27:57,3.89,0.0,15,5835,买盘
11:28:06,3.89,0.0,9,3501,买盘
11:28:09,3.89,0.0,10,3890,买盘
11:28:12,3.89,0.0,20,7780,买盘
11:28:18,3.88,-0.01,110,42680,卖盘
11:28:21,3.88,0.0,1,388,买盘
11:28:30,3.88,0.0,682,264616,买盘
11:28:33,3.87,-0.01,29,11223,卖盘
11:28:36,3.87,0.0,81,31347,卖盘
11:28:39,3.87,0.0,1,387,卖盘
11:28:42,3.87,0.0,2,775,卖盘
11:28:48,3.88,0.01,186,72168,买盘
11:28:51,3.88,0.0,28,10837,买盘
11:28:57,3.88,0.0,7,2716,买盘
11:29:06,3.88,0.0,39,15132,买盘
11:29:12,3.87,-0.01,3,1161,卖盘
11:29:15,3.87,0.0,29,11223,卖盘
11:29:24,3.88,0.01,38,14744,买盘
11:29:30,3.88,0.0,42,16296,买盘
11:29:33,3.87,-0.01,200,77400,卖盘
11:29:42,3.88,0.01,78,30264,买盘
11:29:51,3.88,0.0,522,202536,买盘
11:29:57,3.88,0.0,1,388,买盘
13:00:00,3.88,0.0,27,10476,买盘
13:00:03,3.87,-0.01,2308,893349,卖盘
13:00:06,3.88,0.01,824,318947,买盘
13:00:09,3.87,-0.01,1011,391447,卖盘
13:00:12,3.87,0.0,578,223686,买盘
13:00:15,3.87,0.0,36,13932,买盘
13:00:18,3.87,0.0,166,64242,买盘
13:00:24,3.87,0.0,100,38700,买盘
13:00:30,3.86,-0.01,174,67308,卖盘
13:00:39,3.86,0.0,526,203036,卖盘
13:00:42,3.86,0.0,308,118890,卖盘
13:00:45,3.86,0.0,89,34354,卖盘
13:00:48,3.86,0.0,88,33968,卖盘
13:00:51,3.86,0.0,1169,451234,卖盘
13:00:54,3.85,-0.01,43,16580,卖盘
13:01:12,3.85,0.0,281,108185,卖盘
13:01:18,3.86,0.01,159,61374,买盘
13:01:21,3.85,-0.01,30,11550,卖盘
13:01:27,3.86,0.01,20,7720,买盘
13:01:30,3.86,0.0,87,33582,买盘
13:01:33,3.86,0.0,67,25862,买盘
13:01:36,3.86,0.0,20,7720,买盘
13:01:39,3.86,0.0,60,23150,买盘
13:01:42,3.86,0.0,100,38600,买盘
13:01:45,3.86,0.0,17,6562,买盘
13:01:48,3.86,0.0,23,8878,买盘
13:01:51,3.86,0.0,245,94555,买盘
13:01:54,3.85,-0.01,324,124760,卖盘
13:01:57,3.85,0.0,48,18522,卖盘
13:02:00,3.85,0.0,215,82980,卖盘
13:02:06,3.86,0.01,2,772,买盘
13:02:09,3.86,0.0,180,69480,买盘
13:02:12,3.86,0.0,97,37442,买盘
13:02:15,3.86,0.0,2,772,买盘
13:02:21,3.85,-0.01,1000,385000,卖盘
13:02:24,3.86,0.01,78,30108,买盘
13:02:36,3.85,-0.01,126,48540,卖盘
13:02:39,3.86,0.01,30,11579,买盘
13:02:45,3.86,0.0,1,386,买盘
13:02:54,3.86,0.0,351,135236,买盘
13:03:00,3.85,-0.01,1,385,卖盘
13:03:06,3.85,0.0,110,42350,卖盘
13:03:09,3.86,0.01,2,772,买盘
13:03:12,3.86,0.0,8,3088,买盘
13:03:15,3.85,-0.01,12,4620,卖盘
13:03:18,3.86,0.01,37,14282,买盘
13:03:27,3.86,0.0,8,3088,买盘
13:03:33,3.86,0.0,59,22765,买盘
13:03:42,3.86,0.0,23,8878,买盘
13:03:54,3.86,0.0,38,14643,买盘
13:03:57,3.86,0.0,25,9650,买盘
13:04:00,3.86,0.0,69,26634,买盘
13:04:09,3.85,-0.01,101,38886,卖盘
13:04:18,3.86,0.01,93,35898,买盘
13:04:30,3.86,0.0,1,386,买盘
13:04:33,3.85,-0.01,1,385,卖盘
13:04:36,3.85,0.0,25,9625,卖盘
13:04:39,3.86,0.01,150,57900,买盘
13:04:42,3.85,-0.01,150,57750,卖盘
13:04:51,3.86,0.01,4,1544,买盘
13:05:03,3.86,0.0,37,14282,买盘
13:05:06,3.86,0.0,45,17370,买盘
13:05:12,3.86,0.0,10,3860,买盘
13:05:27,3.85,-0.01,50,19250,卖盘
13:05:39,3.85,0.0,5,1925,卖盘
13:05:42,3.85,0.0,7,2695,卖盘
13:05:45,3.85,0.0,7,2695,卖盘
13:05:54,3.86,0.01,20,7710,买盘
13:05:57,3.85,-0.01,1181,454685,卖盘
13:06:00,3.85,0.0,130,50060,卖盘
13:06:03,3.85,0.0,76,29260,卖盘
13:06:06,3.86,0.01,24,9246,买盘
13:06:09,3.86,0.0,30,11580,买盘
13:06:18,3.85,-0.01,50,19250,卖盘
13:06:21,3.85,0.0,4,1540,卖盘
13:06:24,3.86,0.01,2,772,买盘
13:06:27,3.85,-0.01,4,1540,卖盘
13:06:33,3.85,0.0,23,8868,卖盘
13:06:36,3.85,0.0,5,1925,卖盘
13:06:39,3.85,0.0,2,770,卖盘
13:06:45,3.86,0.01,7,2702,买盘
13:06:51,3.85,-0.01,4,1540,卖盘
13:07:03,3.86,0.01,315,121590,买盘
13:07:15,3.85,-0.01,117,45132,卖盘
13:07:18,3.86,0.01,10,3860,买盘
13:07:21,3.85,-0.01,2,770,卖盘
13:07:27,3.85,0.0,11,4245,卖盘
13:07:36,3.85,0.0,40,15400,卖盘
13:07:39,3.86,0.01,37,14282,买盘
13:08:06,3.85,-0.01,120,46300,卖盘
13:08:09,3.86,0.01,1500,579000,买盘
13:08:12,3.86,0.0,10,3860,买盘
13:08:15,3.85,-0.01,18,6930,卖盘
13:08:18,3.86,0.01,31,11966,买盘
13:08:24,3.85,-0.01,173,66678,卖盘
13:08:27,3.85,0.0,10,3850,卖盘
13:08:30,3.86,0.01,10,3860,买盘
13:08:33,3.86,0.0,31,11966,买盘
13:08:39,3.86,0.0,263,101533,买盘
13:08:45,3.87,0.01,2,774,买盘
13:08:48,3.87,0.0,8,3096,买盘
13:08:51,3.87,0.0,24,9284,买盘
13:08:54,3.87,0.0,2,773,买盘
13:08:57,3.87,0.0,3,1161,买盘
13:09:12,3.87,0.0,3,1161,买盘
13:09:24,3.87,0.0,20,7740,买盘
13:09:33,3.87,0.0,50,19350,买盘
13:09:36,3.87,0.0,49,18963,买盘
13:09:39,3.87,0.0,10,3870,买盘
13:09:42,3.87,0.0,175,67725,买盘
13:09:45,3.87,0.0,229,88623,买盘
13:09:51,3.87,0.0,30,11610,卖盘
13:09:57,3.87,0.0,381,147447,卖盘
13:10:00,3.87,0.0,100,38700,买盘
13:10:03,3.87,0.0,6,2322,买盘
13:10:15,3.87,0.0,2,774,买盘
13:10:18,3.87,0.0,5,1935,买盘
13:10:30,3.86,-0.01,5,1930,卖盘
13:10:39,3.87,0.01,11,4257,买盘
13:10:45,3.87,0.0,20,7740,买盘
13:10:48,3.87,0.0,91,35217,买盘
13:10:51,3.87,0.0,2,774,买盘
13:11:00,3.87,0.0,41,15867,买盘
13:11:06,3.87,0.0,1,387,买盘
13:11:09,3.87,0.0,50,19350,买盘
13:11:12,3.87,0.0,41,15867,买盘
13:11:15,3.87,0.0,11,4257,买盘
13:11:18,3.87,0.0,97,37539,买盘
13:11:21,3.87,0.0,30,11610,买盘
13:11:27,3.87,0.0,1,387,买盘
13:11:30,3.87,0.0,50,19350,买盘
13:11:42,3.87,0.0,70,27090,买盘
13:11:45,3.87,0.0,1,387,买盘
13:11:48,3.87,0.0,25,9675,买盘
13:11:54,3.87,0.0,165,63855,买盘
13:11:57,3.87,0.0,38,14706,卖盘
13:12:03,3.87,0.0,92,35604,买盘
13:12:21,3.87,0.0,316,122292,买盘
13:12:24,3.87,0.0,174,67338,卖盘
13:12:27,3.87,0.0,18,6950,买盘
13:12:42,3.87,0.0,690,267030,买盘
13:12:45,3.87,0.0,38,14706,卖盘
13:12:48,3.87,0.0,46,17802,卖盘
13:12:51,3.87,0.0,142,54954,卖盘
13:13:00,3.86,-0.01,5,1931,卖盘
13:13:06,3.87,0.01,10,3870,买盘
13:13:12,3.87,0.0,1,387,买盘
13:13:15,3.86,-0.01,4,1544,卖盘
13:13:21,3.87,0.01,15,5805,买盘
13:13:24,3.87,0.0,23,8901,买盘
13:13:33,3.87,0.0,24,9288,买盘
13:13:36,3.86,-0.01,6,2316,卖盘
13:13:39,3.86,0.0,8,3088,卖盘
13:13:42,3.87,0.01,7,2709,买盘
13:13:45,3.87,0.0,5,1935,买盘
13:13:51,3.86,-0.01,6,2320,卖盘
13:14:00,3.87,0.01,13,5022,买盘
13:14:03,3.86,-0.01,8,3094,卖盘
13:14:06,3.86,0.0,4,1544,卖盘
13:14:09,3.86,0.0,222,85697,卖盘
13:14:12,3.86,0.0,264,101904,卖盘
13:14:15,3.86,0.0,66,25476,卖盘
13:14:18,3.86,0.0,11,4254,卖盘
13:14:21,3.86,0.0,4,1544,卖盘
13:14:24,3.87,0.01,62,23933,买盘
13:14:27,3.86,-0.01,1,386,卖盘
13:14:30,3.86,0.0,211,81641,卖盘
13:14:33,3.86,0.0,4,1544,卖盘
13:14:36,3.86,0.0,44,16984,卖盘
13:14:39,3.86,0.0,103,39758,卖盘
13:14:42,3.86,0.0,4,1544,卖盘
13:14:48,3.86,0.0,5,1930,卖盘
13:14:51,3.86,0.0,100,38600,卖盘
13:15:00,3.86,0.0,3,1158,卖盘
13:15:03,3.86,0.0,2,772,卖盘
13:15:06,3.87,0.01,76,29411,买盘
13:15:09,3.86,-0.01,4,1544,卖盘
13:15:12,3.87,0.01,4,1546,买盘
13:15:15,3.86,-0.01,54,20844,卖盘
13:15:18,3.86,0.0,42,16212,卖盘
13:15:21,3.86,0.0,7,2702,卖盘
13:15:24,3.87,0.01,21,8118,买盘
13:15:30,3.86,-0.01,796,307241,卖盘
13:15:33,3.86,0.0,72,27792,买盘
13:15:42,3.86,0.0,10,3860,买盘
13:15:45,3.86,0.0,28,10823,买盘
13:15:48,3.86,0.0,34,13124,卖盘
13:15:51,3.87,0.01,24,9274,买盘
13:15:54,3.86,-0.01,14,5404,卖盘
13:16:00,3.86,0.0,1,386,卖盘
13:16:03,3.86,0.0,1,386,卖盘
13:16:06,3.86,0.0,2,772,卖盘
13:16:21,3.86,0.0,5,1930,卖盘
13:16:24,3.86,0.0,17,6562,卖盘
13:16:27,3.86,0.0,2,772,卖盘
13:16:33,3.86,0.0,8,3088,卖盘
13:16:36,3.87,0.01,2,774,买盘
13:16:42,3.86,-0.01,1,386,卖盘
13:16:45,3.86,0.0,1,386,卖盘
13:16:54,3.86,0.0,67,25862,卖盘
13:17:00,3.87,0.01,1,387,买盘
13:17:03,3.87,0.0,13,5031,买盘
13:17:06,3.87,0.0,20,7740,买盘
13:17:12,3.87,0.0,12,4644,买盘
13:17:18,3.87,0.0,111,42947,买盘
13:17:21,3.87,0.0,1,387,买盘
13:17:27,3.87,0.0,30,11610,买盘
13:17:36,3.87,0.0,15,5805,买盘
13:17:39,3.86,-0.01,19,7352,卖盘
13:17:45,3.87,0.01,10,3868,买盘
13:17:51,3.86,-0.01,37,14282,卖盘
13:17:57,3.87,0.01,53,20511,买盘
13:18:03,3.86,-0.01,210,81070,卖盘
13:18:06,3.86,0.0,60,23160,卖盘
13:18:09,3.86,0.0,15,5800,卖盘
13:18:30,3.87,0.01,1,387,买盘
13:18:33,3.87,0.0,20,7740,买盘
13:18:36,3.87,0.0,10,3870,买盘
13:18:54,3.86,-0.01,20,7720,卖盘
13:19:09,3.86,0.0,17,6562,卖盘
13:19:27,3.87,0.01,2,774,买盘
13:19:33,3.86,-0.01,1,386,卖盘
13:19:42,3.86,0.0,27,10422,卖盘
13:19:45,3.87,0.01,42,16254,买盘
13:19:48,3.86,-0.01,101,38987,卖盘
13:19:51,3.86,0.0,3,1158,卖盘
13:20:03,3.86,0.0,10,3860,卖盘
13:20:15,3.87,0.01,4,1548,买盘
13:20:18,3.86,-0.01,100,38600,卖盘
13:20:21,3.87,0.01,19,7353,买盘
13:20:24,3.87,0.0,26,10062,买盘
13:20:33,3.86,-0.01,27,10422,卖盘
13:20:36,3.87,0.01,129,49923,买盘
13:20:42,3.87,0.0,2,774,买盘
13:20:57,3.86,-0.01,5,1930,卖盘
13:21:00,3.87,0.01,20,7740,买盘
13:21:03,3.86,-0.01,5,1930,卖盘
13:21:18,3.87,0.01,26,10055,买盘
13:21:21,3.87,0.0,100,38700,买盘
13:21:39,3.86,-0.01,32,12382,卖盘
13:21:51,3.87,0.01,5,1935,买盘
13:21:57,3.86,-0.01,3,1158,卖盘
13:22:00,3.87,0.01,52,20074,买盘
13:22:12,3.87,0.0,5,1935,买盘
13:22:27,3.87,0.0,356,137772,买盘
13:22:30,3.87,0.0,2,774,买盘
13:22:33,3.86,-0.01,46,17757,卖盘
13:22:39,3.87,0.01,46,17802,买盘
13:22:48,3.87,0.0,60,23220,买盘
13:23:00,3.86,-0.01,1,386,卖盘
13:23:03,3.86,0.0,5,1930,卖盘
13:23:12,3.87,0.01,11,4257,买盘
13:23:18,3.87,0.0,106,41022,买盘
13:23:21,3.86,-0.01,2,772,卖盘
13:23:24,3.87,0.01,33,12771,买盘
13:23:57,3.86,-0.01,50,19300,卖盘
13:24:12,3.86,0.0,10,3860,卖盘
13:24:15,3.87,0.01,110,42570,买盘
13:24:21,3.86,-0.01,2,772,卖盘
13:24:24,3.87,0.01,11,4257,买盘
13:24:30,3.87,0.0,50,19350,买盘
13:24:33,3.87,0.0,309,119583,买盘
13:24:36,3.87,0.0,159,61533,买盘
13:24:39,3.87,0.0,21,8127,买盘
13:24:42,3.87,0.0,179,69273,买盘
13:24:45,3.87,0.0,23,8901,买盘
13:24:48,3.87,0.0,42,16254,买盘
13:24:51,3.87,0.0,77,29799,卖盘
13:24:57,3.86,-0.01,1,386,卖盘
13:25:00,3.87,0.01,50,19350,买盘
13:25:03,3.87,0.0,4,1548,买盘
13:25:06,3.86,-0.01,6,2316,卖盘
13:25:15,3.87,0.01,1,387,买盘
13:25:21,3.87,0.0,155,59985,买盘
13:25:24,3.87,0.0,16,6192,卖盘
13:25:27,3.88,0.01,21,8144,买盘
13:25:36,3.88,0.0,51,19788,买盘
13:25:45,3.88,0.0,33,12804,买盘
13:25:48,3.88,0.0,77,29876,买盘
13:25:51,3.88,0.0,100,38800,买盘
13:25:54,3.88,0.0,42,16296,买盘
13:25:57,3.88,0.0,76,29488,买盘
13:26:00,3.88,0.0,470,182360,买盘
13:26:03,3.88,0.0,79,30652,买盘
13:26:09,3.88,0.0,1,388,买盘
13:26:12,3.88,0.0,200,77600,买盘
13:26:15,3.88,0.0,23,8924,买盘
13:26:18,3.88,0.0,1,388,买盘
13:26:30,3.88,0.0,50,19400,买盘
13:26:33,3.89,0.01,26,10103,买盘
13:26:36,3.88,-0.01,4,1552,中性盘
13:26:39,3.88,0.0,5,1940,卖盘
13:26:42,3.89,0.01,11,4279,买盘
13:26:45,3.88,-0.01,203,78766,卖盘
13:26:48,3.88,0.0,4,1552,卖盘
13:26:51,3.89,0.01,38,14776,买盘
13:26:54,3.89,0.0,38,14782,买盘
13:26:57,3.89,0.0,72,27940,买盘
13:27:00,3.89,0.0,72,28008,买盘
13:27:03,3.89,0.0,16,6224,买盘
13:27:06,3.89,0.0,30,11668,买盘
13:27:12,3.89,0.0,25,9725,买盘
13:27:15,3.89,0.0,43,16727,买盘
13:27:21,3.89,0.0,26,10114,买盘
13:27:24,3.89,0.0,30,11670,买盘
13:27:30,3.88,-0.01,127,49300,卖盘
13:27:33,3.89,0.01,1,389,买盘
13:27:48,3.88,-0.01,60,23300,卖盘
13:27:51,3.89,0.01,23,8947,买盘
13:27:57,3.89,0.0,16,6214,买盘
13:28:03,3.89,0.0,10,3890,买盘
13:28:06,3.88,-0.01,20,7760,卖盘
13:28:09,3.89,0.01,20,7780,买盘
13:28:12,3.88,-0.01,1,388,卖盘
13:28:15,3.89,0.01,1,389,买盘
13:28:18,3.88,-0.01,5,1940,卖盘
13:28:21,3.88,0.0,48,18627,卖盘
13:28:42,3.89,0.01,92,35788,买盘
13:28:45,3.89,0.0,10,3890,买盘
13:28:48,3.88,-0.01,60,23280,卖盘
13:28:51,3.89,0.01,1,389,买盘
13:28:57,3.88,-0.01,19,7372,卖盘
13:29:00,3.89,0.01,202,78578,买盘
13:29:03,3.88,-0.01,21,8149,卖盘
13:29:06,3.88,0.0,51,19809,卖盘
13:29:09,3.89,0.01,84,32676,买盘
13:29:12,3.89,0.0,129,50181,买盘
13:29:18,3.89,0.0,304,118256,买盘
13:29:21,3.89,0.0,132,51348,买盘
13:29:24,3.89,0.0,82,31898,买盘
13:29:27,3.89,0.0,36,14004,买盘
13:29:33,3.89,0.0,32,12448,买盘
13:29:36,3.89,0.0,25,9725,买盘
13:29:39,3.89,0.0,20,7780,买盘
13:29:48,3.88,-0.01,18,7000,卖盘
13:29:51,3.89,0.01,30,11670,买盘
13:29:57,3.89,0.0,137,53293,买盘
13:30:00,3.89,0.0,197,76637,买盘
13:30:12,3.89,0.0,2,778,卖盘
13:30:15,3.89,0.0,20,7780,卖盘
13:30:21,3.89,0.0,7,2724,卖盘
13:30:24,3.9,0.01,245,95550,买盘
13:30:27,3.9,0.0,8,3120,买盘
13:30:30,3.89,-0.01,1,389,卖盘
13:30:33,3.9,0.01,36,14039,买盘
13:30:36,3.9,0.0,82,31980,买盘
13:30:42,3.9,0.0,60,23400,买盘
13:30:51,3.9,0.0,40,15600,买盘
13:30:54,3.9,0.0,43,16770,买盘
13:30:57,3.89,-0.01,1,389,卖盘
13:31:06,3.89,0.0,1,389,卖盘
13:31:12,3.9,0.01,6,2340,买盘
13:31:15,3.9,0.0,108,42120,买盘
13:31:21,3.9,0.0,43,16770,买盘
13:31:24,3.9,0.0,2,780,买盘
13:31:27,3.9,0.0,62,24180,买盘
13:31:33,3.9,0.0,74,28860,买盘
13:31:39,3.9,0.0,228,88874,买盘
13:31:42,3.9,0.0,36,14034,买盘
13:31:45,3.9,0.0,22,8580,买盘
13:31:48,3.9,0.0,2,779,买盘
13:31:51,3.9,0.0,269,104910,买盘
13:31:54,3.9,0.0,92,35880,卖盘
13:31:57,3.91,0.01,38,14858,买盘
13:32:03,3.91,0.0,10,3910,买盘
13:32:06,3.91,0.0,20,7820,买盘
13:32:09,3.91,0.0,155,60605,买盘
13:32:12,3.9,-0.01,1423,554970,卖盘
13:32:15,3.9,0.0,1,390,买盘
13:32:21,3.9,0.0,25,9750,买盘
13:32:24,3.9,0.0,63,24567,买盘
13:32:27,3.89,-0.01,12,4669,卖盘
13:32:30,3.9,0.01,14,5447,买盘
13:32:33,3.89,-0.01,46,17902,卖盘
13:32:36,3.89,0.0,107,41623,卖盘
13:32:39,3.89,0.0,21,8169,卖盘
13:32:42,3.9,0.01,43,16767,买盘
13:32:45,3.9,0.0,52,20278,买盘
13:32:48,3.89,-0.01,16,6224,卖盘
13:32:51,3.89,0.0,172,66908,卖盘
13:32:54,3.89,0.0,13,5057,卖盘
13:32:57,3.89,0.0,106,41285,卖盘
13:33:00,3.89,0.0,133,51737,卖盘
13:33:03,3.89,0.0,116,45125,卖盘
13:33:06,3.88,-0.01,138,53620,卖盘
13:33:15,3.89,0.01,56,21729,买盘
13:33:18,3.88,-0.01,50,19400,卖盘
13:33:39,3.89,0.01,6,2334,买盘
13:33:51,3.89,0.0,5,1945,买盘
13:34:00,3.89,0.0,51,19839,买盘
13:34:09,3.88,-0.01,836,324404,卖盘
13:34:12,3.89,0.01,556,216471,买盘
13:34:15,3.89,0.0,26,10114,卖盘
13:34:24,3.9,0.01,131,51090,买盘
13:34:27,3.9,0.0,2,780,买盘
13:34:36,3.89,-0.01,10,3890,卖盘
13:34:39,3.9,0.01,3,1170,买盘
13:34:45,3.9,0.0,6,2340,买盘
13:34:51,3.9,0.0,10,3900,买盘
13:34:54,3.9,0.0,8,3120,买盘
13:34:57,3.9,0.0,3,1169,买盘
13:35:03,3.9,0.0,36,14040,买盘
13:35:06,3.9,0.0,23,8970,买盘
13:35:09,3.9,0.0,13,5070,买盘
13:35:12,3.89,-0.01,1,389,卖盘
13:35:18,3.9,0.01,2,780,买盘
13:35:21,3.9,0.0,6,2340,买盘
13:35:24,3.89,-0.01,3,1167,卖盘
13:35:27,3.9,0.01,6,2340,买盘
13:35:39,3.89,-0.01,1,389,卖盘
13:35:42,3.89,0.0,1,389,卖盘
13:35:51,3.9,0.01,17,6630,买盘
13:35:57,3.9,0.0,26,10140,买盘
13:36:03,3.9,0.0,3,1170,买盘
13:36:06,3.89,-0.01,1,389,卖盘
13:36:12,3.9,0.01,1,390,买盘
13:36:15,3.9,0.0,37,14430,买盘
13:36:30,3.89,-0.01,100,38900,卖盘
13:36:33,3.89,0.0,24,9344,卖盘
13:36:36,3.89,0.0,25,9725,卖盘
13:36:39,3.9,0.01,35,13645,买盘
13:36:42,3.9,0.0,105,40938,买盘
13:36:51,3.89,-0.01,2,779,卖盘
13:36:54,3.9,0.01,15,5850,买盘
13:37:00,3.89,-0.01,20,7780,卖盘
13:37:21,3.89,0.0,190,73910,卖盘
13:37:30,3.9,0.01,138,53820,买盘
13:37:36,3.9,0.0,154,60060,买盘
13:37:42,3.9,0.0,1,390,买盘
13:37:45,3.89,-0.01,49,19094,卖盘
13:37:51,3.9,0.01,39,15210,买盘
13:37:54,3.9,0.0,2,780,买盘
13:38:06,3.9,0.0,1,390,买盘
13:38:09,3.89,-0.01,1,389,卖盘
13:38:36,3.9,0.01,17,6630,买盘
13:38:45,3.9,0.0,2,780,买盘
13:38:48,3.9,0.0,23,8951,买盘
13:39:00,3.9,0.0,82,31980,买盘
13:39:12,3.9,0.0,13,5064,买盘
13:39:21,3.89,-0.01,59,22951,卖盘
13:39:24,3.89,0.0,2,778,卖盘
13:39:27,3.89,0.0,1,389,卖盘
13:39:30,3.9,0.01,30,11700,买盘
13:39:33,3.89,-0.01,6,2334,卖盘
13:39:36,3.9,0.01,26,10140,买盘
13:39:39,3.9,0.0,200,78000,买盘
13:40:09,3.89,-0.01,31,12065,卖盘
13:40:12,3.89,0.0,1,389,卖盘
13:40:15,3.89,0.0,1,389,卖盘
13:40:21,3.9,0.01,51,19890,买盘
13:40:24,3.9,0.0,50,19500,买盘
13:40:30,3.9,0.0,1,390,买盘
13:40:33,3.9,0.0,20,7800,买盘
13:40:39,3.89,-0.01,1,389,卖盘
13:40:42,3.9,0.01,64,24956,买盘
13:40:45,3.9,0.0,100,39000,买盘
13:40:48,3.9,0.0,4,1560,买盘
13:40:51,3.89,-0.01,2,778,卖盘
13:40:54,3.89,0.0,10,3890,卖盘
13:40:57,3.9,0.01,8,3120,买盘
13:41:00,3.89,-0.01,10,3890,卖盘
13:41:03,3.9,0.01,10,3900,买盘
13:41:21,3.89,-0.01,4,1556,卖盘
13:41:24,3.9,0.01,100,39000,买盘
13:41:27,3.9,0.0,2,780,买盘
13:41:33,3.89,-0.01,5,1945,卖盘
13:41:45,3.89,0.0,4,1556,卖盘
13:41:48,3.9,0.01,11,4290,买盘
13:41:51,3.89,-0.01,2,778,卖盘
13:42:06,3.9,0.01,14,5460,买盘
13:42:09,3.9,0.0,30,11700,买盘
13:42:15,3.9,0.0,40,15600,买盘
13:42:18,3.9,0.0,3,1170,买盘
13:42:21,3.9,0.0,1,390,买盘
13:42:36,3.9,0.0,1,390,买盘
13:42:45,3.89,-0.01,52,20233,卖盘
13:42:57,3.9,0.01,1,390,买盘
13:43:09,3.89,-0.01,10,3890,卖盘
13:43:12,3.89,0.0,10,3890,卖盘
13:43:15,3.9,0.01,130,50700,买盘
13:43:18,3.89,-0.01,13,5058,卖盘
13:43:21,3.9,0.01,1,390,买盘
13:43:24,3.9,0.0,152,59280,买盘
13:43:27,3.9,0.0,66,25740,买盘
13:43:30,3.9,0.0,136,53040,买盘
13:43:33,3.9,0.0,130,50700,买盘
13:43:36,3.9,0.0,206,80290,买盘
13:43:39,3.9,0.0,23,8970,买盘
13:43:42,3.9,0.0,10,3900,买盘
13:43:45,3.9,0.0,614,239460,买盘
13:43:48,3.9,0.0,108,42120,买盘
13:43:51,3.9,0.0,169,66007,买盘
13:43:54,3.9,0.0,12,4680,卖盘
13:43:57,3.91,0.01,21,8210,买盘
13:44:09,3.9,-0.01,1,390,卖盘
13:44:12,3.9,0.0,1,390,卖盘
13:44:18,3.9,0.0,11,4291,卖盘
13:44:21,3.9,0.0,16,6255,卖盘
13:44:27,3.9,0.0,10,3900,卖盘
13:44:39,3.9,0.0,80,31230,卖盘
13:44:51,3.91,0.01,15,5865,买盘
13:45:03,3.91,0.0,20,7815,买盘
13:45:12,3.9,-0.01,73,28533,卖盘
13:45:15,3.9,0.0,2,780,卖盘
13:45:21,3.91,0.01,1,391,买盘
13:45:27,3.91,0.0,8,3128,买盘
13:45:30,3.91,0.0,1,391,买盘
13:45:36,3.9,-0.01,56,21840,卖盘
13:45:42,3.91,0.01,3,1173,买盘
13:45:51,3.9,-0.01,1,390,卖盘
13:45:54,3.9,0.0,100,39000,卖盘
13:45:57,3.91,0.01,150,58650,买盘
13:46:00,3.91,0.0,2,782,买盘
13:46:03,3.91,0.0,8,3126,买盘
13:46:06,3.91,0.0,11,4300,买盘
13:46:09,3.91,0.0,16,6256,买盘
13:46:27,3.91,0.0,28,10948,买盘
13:46:45,3.9,-0.01,39,15210,卖盘
13:46:54,3.91,0.01,100,39100,买盘
13:46:57,3.91,0.0,50,19550,买盘
13:47:03,3.9,-0.01,20,7810,卖盘
13:47:06,3.9,0.0,10,3900,卖盘
13:47:15,3.91,0.01,2,782,买盘
13:47:18,3.91,0.0,5,1955,买盘
13:47:24,3.9,-0.01,18,7020,卖盘
13:47:30,3.91,0.01,9,3519,买盘
13:47:33,3.9,-0.01,129,50312,卖盘
13:47:36,3.91,0.01,40,15640,买盘
13:47:39,3.91,0.0,8,3128,买盘
13:47:42,3.91,0.0,3,1173,买盘
13:47:48,3.91,0.0,402,157182,买盘
13:47:54,3.91,0.0,11,4301,买盘
13:48:00,3.91,0.0,60,23460,买盘
13:48:12,3.9,-0.01,2,780,卖盘
13:48:15,3.91,0.01,22,8602,买盘
13:48:24,3.91,0.0,71,27761,买盘
13:48:36,3.9,-0.01,300,117000,卖盘
13:48:39,3.91,0.01,11,4300,买盘
13:48:42,3.9,-0.01,6,2340,卖盘
13:48:45,3.9,0.0,21,8201,卖盘
13:48:48,3.91,0.01,20,7820,买盘
13:48:57,3.91,0.0,1,391,买盘
13:49:06,3.91,0.0,50,19550,买盘
13:49:12,3.9,-0.01,100,39000,卖盘
13:49:15,3.91,0.01,20,7820,买盘
13:49:18,3.91,0.0,54,21114,买盘
13:49:24,3.9,-0.01,10,3900,卖盘
13:49:27,3.91,0.01,21,8211,买盘
13:49:33,3.91,0.0,28,10948,买盘
13:49:42,3.91,0.0,10,3910,买盘
13:49:57,3.91,0.0,8,3128,买盘
13:50:00,3.9,-0.01,25,9770,卖盘
13:50:06,3.91,0.01,1,391,买盘
13:50:09,3.91,0.0,5,1955,买盘
13:50:15,3.91,0.0,4,1564,买盘
13:50:18,3.91,0.0,2,782,买盘
13:50:21,3.9,-0.01,1,390,卖盘
13:50:24,3.91,0.01,30,11730,买盘
13:50:27,3.91,0.0,100,39100,买盘
13:50:30,3.91,0.0,25,9775,买盘
13:50:33,3.91,0.0,143,55913,买盘
13:50:36,3.9,-0.01,85,33175,卖盘
13:50:39,3.9,0.0,125,48770,卖盘
13:50:51,3.91,0.01,60,23460,买盘
13:50:54,3.91,0.0,121,47311,买盘
13:50:57,3.9,-0.01,83,32451,卖盘
13:51:00,3.91,0.01,37,14467,买盘
13:51:03,3.91,0.0,61,23851,买盘
13:51:06,3.91,0.0,23,8982,买盘
13:51:09,3.91,0.0,30,11730,买盘
13:51:15,3.91,0.0,1,391,买盘
13:51:18,3.91,0.0,25,9775,买盘
13:51:27,3.91,0.0,4,1564,买盘
13:51:36,3.91,0.0,50,19550,买盘
13:51:51,3.91,0.0,50,19550,买盘
13:52:06,3.9,-0.01,90,35150,卖盘
13:52:12,3.91,0.01,12,4682,买盘
13:52:15,3.9,-0.01,3,1170,卖盘
13:52:18,3.9,0.0,30,11710,卖盘
13:52:21,3.9,0.0,20,7800,卖盘
13:52:33,3.9,0.0,41,15991,卖盘
13:52:36,3.91,0.01,5,1955,买盘
13:52:48,3.9,-0.01,109,42511,卖盘
13:52:51,3.91,0.01,29,11336,买盘
13:52:54,3.9,-0.01,11,4290,卖盘
13:53:03,3.91,0.01,96,37536,买盘
13:53:06,3.91,0.0,4,1561,买盘
13:53:12,3.9,-0.01,106,41340,卖盘
13:53:15,3.9,0.0,2,780,卖盘
13:53:21,3.9,0.0,1,390,卖盘
13:53:30,3.9,0.0,6,2340,卖盘
13:53:36,3.9,0.0,1,390,卖盘
13:53:42,3.91,0.01,1,391,买盘
13:53:51,3.9,-0.01,1,390,卖盘
13:53:54,3.91,0.01,4,1564,买盘
13:53:57,3.9,-0.01,20,7800,卖盘
13:54:00,3.9,0.0,14,5463,卖盘
13:54:03,3.91,0.01,10,3910,买盘
13:54:12,3.91,0.0,2,782,买盘
13:54:30,3.9,-0.01,40,15600,卖盘
13:54:42,3.91,0.01,8,3128,买盘
13:54:45,3.91,0.0,6,2346,买盘
13:54:54,3.91,0.0,22,8582,买盘
13:54:57,3.91,0.0,2,782,买盘
13:55:09,3.9,-0.01,1,390,卖盘
13:55:18,3.91,0.01,10,3910,买盘
13:55:21,3.9,-0.01,65,25374,卖盘
13:55:24,3.91,0.01,25,9775,买盘
13:55:27,3.91,0.0,368,143888,买盘
13:55:30,3.9,-0.01,20,7800,卖盘
13:55:33,3.91,0.01,39,15249,买盘
13:55:36,3.91,0.0,2,782,买盘
13:55:42,3.91,0.0,515,200865,买盘
13:55:45,3.9,-0.01,18,7020,卖盘
13:55:48,3.9,0.0,70,27330,卖盘
13:55:51,3.91,0.01,1,391,买盘
13:56:00,3.9,-0.01,33,12941,卖盘
13:56:18,3.91,0.01,2,782,买盘
13:56:21,3.9,-0.01,120,46820,卖盘
13:56:33,3.9,0.0,500,195000,卖盘
13:56:36,3.9,0.0,3,1170,卖盘
13:56:39,3.9,0.0,1,390,卖盘
13:56:45,3.9,0.0,3,1170,卖盘
13:56:51,3.9,0.0,50,19500,卖盘
13:57:00,3.9,0.0,7,2730,卖盘
13:57:03,3.9,0.0,8,3120,卖盘
13:57:12,3.9,0.0,35,13650,卖盘
13:57:15,3.9,0.0,15,5850,卖盘
13:57:24,3.9,0.0,39,15210,卖盘
13:57:27,3.9,0.0,111,43290,卖盘
13:57:30,3.9,0.0,15,5850,卖盘
13:57:33,3.9,0.0,105,40950,卖盘
13:57:36,3.9,0.0,107,41562,卖盘
13:57:39,3.91,0.01,234,91384,买盘
13:57:42,3.9,-0.01,15,5850,买盘
13:57:48,3.9,0.0,15,5850,买盘
13:57:51,3.9,0.0,119,46412,买盘
13:57:54,3.9,0.0,100,39000,买盘
13:58:06,3.9,0.0,13,5070,买盘
13:58:09,3.9,0.0,20,7800,买盘
13:58:12,3.9,0.0,1,390,买盘
13:58:30,3.9,0.0,53,20670,买盘
13:58:33,3.9,0.0,2,780,买盘
13:58:42,3.9,0.0,60,23400,买盘
13:58:45,3.89,-0.01,3,1167,卖盘
13:58:57,3.89,0.0,510,198390,卖盘
13:59:00,3.89,0.0,1,389,卖盘
13:59:03,3.9,0.01,350,136500,买盘
13:59:06,3.89,-0.01,2,778,卖盘
13:59:09,3.9,0.01,39,15210,买盘
13:59:12,3.9,0.0,9,3510,买盘
13:59:18,3.9,0.0,2,780,买盘
13:59:21,3.9,0.0,11,4290,买盘
13:59:24,3.9,0.0,1,390,买盘
13:59:33,3.89,-0.01,10,3890,卖盘
13:59:36,3.89,0.0,10,3890,卖盘
13:59:39,3.9,0.01,100,39000,买盘
13:59:45,3.9,0.0,24,9360,买盘
13:59:57,3.9,0.0,10,3900,买盘
14:00:00,3.89,-0.01,6,2334,卖盘
14:00:03,3.89,0.0,7,2723,卖盘
14:00:06,3.9,0.01,20,7800,买盘
14:00:15,3.89,-0.01,109,42410,卖盘
14:00:24,3.9,0.01,5,1950,买盘
14:00:42,3.9,0.0,40,15600,买盘
14:00:45,3.9,0.0,3,1170,买盘
14:00:48,3.9,0.0,98,38132,买盘
14:00:51,3.9,0.0,36,14040,买盘
14:00:54,3.9,0.0,1,390,买盘
14:01:00,3.9,0.0,1627,634452,买盘
14:01:03,3.91,0.01,1,391,买盘
14:01:09,3.9,-0.01,7,2735,卖盘
14:01:18,3.91,0.01,1,391,买盘
14:01:24,3.9,-0.01,200,78000,卖盘
14:01:27,3.91,0.01,13,5074,买盘
14:01:33,3.9,-0.01,1,390,卖盘
14:01:36,3.9,0.0,10,3900,卖盘
14:01:39,3.9,0.0,9,3510,卖盘
14:01:42,3.91,0.01,3,1173,买盘
14:01:45,3.9,-0.01,2,780,卖盘
14:01:51,3.9,0.0,2,780,卖盘
14:01:54,3.91,0.01,10,3910,买盘
14:02:00,3.91,0.0,5,1954,买盘
14:02:06,3.91,0.0,2,782,买盘
14:02:12,3.91,0.0,7,2737,买盘
14:02:18,3.91,0.0,20,7820,买盘
14:02:24,3.91,0.0,521,203210,买盘
14:02:27,3.91,0.0,2,782,买盘
14:02:30,3.9,-0.01,133,51870,卖盘
14:02:33,3.9,0.0,44,17160,卖盘
14:02:36,3.91,0.01,26,10166,买盘
14:02:45,3.91,0.0,10,3910,买盘
14:02:51,3.91,0.0,1,391,买盘
14:02:54,3.91,0.0,20,7820,买盘
14:03:06,3.91,0.0,29,11339,买盘
14:03:09,3.9,-0.01,502,196280,卖盘
14:03:12,3.9,0.0,50,19500,卖盘
14:03:15,3.9,0.0,140,54600,卖盘
14:03:18,3.9,0.0,2,780,卖盘
14:03:24,3.9,0.0,5,1950,卖盘
14:03:30,3.91,0.01,1,391,买盘
14:03:33,3.91,0.0,50,19550,买盘
14:03:36,3.91,0.0,1,391,买盘
14:03:42,3.91,0.0,3,1172,买盘
14:03:54,3.91,0.0,7,2737,买盘
14:03:57,3.91,0.0,32,12512,买盘
14:04:03,3.91,0.0,1,391,买盘
14:04:09,3.9,-0.01,17,6640,卖盘
14:04:18,3.9,0.0,9,3511,卖盘
14:04:21,3.91,0.01,24,9384,买盘
14:04:24,3.9,-0.01,2,780,卖盘
14:04:33,3.91,0.01,16,6256,买盘
14:04:36,3.9,-0.01,4,1560,卖盘
14:04:39,3.9,0.0,200,78000,卖盘
14:04:48,3.91,0.01,50,19550,买盘
14:05:00,3.9,-0.01,2,780,卖盘
14:05:06,3.91,0.01,1,391,买盘
14:05:09,3.9,-0.01,80,31200,卖盘
14:05:12,3.9,0.0,243,94771,卖盘
14:05:15,3.9,0.0,52,20280,卖盘
14:05:18,3.9,0.0,75,29250,卖盘
14:05:21,3.9,0.0,1,390,卖盘
14:05:24,3.9,0.0,3,1170,卖盘
14:05:30,3.9,0.0,125,48828,卖盘
14:05:36,3.9,0.0,61,23790,买盘
14:05:45,3.89,-0.01,110,42890,卖盘
14:05:48,3.9,0.01,2,780,买盘
14:06:00,3.9,0.0,35,13650,买盘
14:06:03,3.9,0.0,17,6630,买盘
14:06:09,3.9,0.0,503,196170,买盘
14:06:12,3.9,0.0,30,11700,买盘
14:06:15,3.9,0.0,2,780,买盘
14:06:21,3.89,-0.01,36,14004,卖盘
14:06:24,3.9,0.01,7,2730,买盘
14:06:30,3.9,0.0,15,5850,买盘
14:07:12,3.9,0.0,61,23790,买盘
14:07:33,3.9,0.0,200,78000,买盘
14:07:39,3.9,0.0,12,4680,买盘
14:07:42,3.9,0.0,5,1950,买盘
14:08:03,3.9,0.0,20,7800,买盘
14:08:15,3.9,0.0,85,33150,买盘
14:08:21,3.89,-0.01,3,1167,卖盘
14:08:24,3.89,0.0,1,389,卖盘
14:08:33,3.9,0.01,416,162240,买盘
14:08:39,3.9,0.0,16,6240,买盘
14:08:48,3.9,0.0,24,9360,买盘
14:09:00,3.9,0.0,62,24180,买盘
14:09:06,3.89,-0.01,7,2723,卖盘
14:09:09,3.89,0.0,10,3890,卖盘
14:09:12,3.9,0.01,1,390,买盘
14:09:18,3.9,0.0,10,3900,买盘
14:09:27,3.9,0.0,86,33540,买盘
14:09:30,3.89,-0.01,1,389,卖盘
14:09:39,3.89,0.0,140,54460,卖盘
14:09:45,3.9,0.01,5,1950,买盘
14:09:54,3.9,0.0,103,40070,买盘
14:09:57,3.9,0.0,68,26520,买盘
14:10:03,3.9,0.0,1,390,买盘
14:10:30,3.9,0.0,22,8580,买盘
14:10:36,3.9,0.0,78,30420,买盘
14:10:39,3.9,0.0,62,24180,买盘
14:10:42,3.9,0.0,1,390,买盘
14:11:09,3.9,0.0,10,3900,买盘
14:11:15,3.9,0.0,40,15600,买盘
14:11:24,3.9,0.0,125,48750,买盘
14:11:27,3.9,0.0,28,10920,买盘
14:11:30,3.9,0.0,138,53820,买盘
14:11:33,3.9,0.0,12,4680,买盘
14:11:36,3.9,0.0,34,13260,买盘
14:11:42,3.9,0.0,3,1170,买盘
14:11:45,3.9,0.0,93,36265,买盘
14:11:48,3.9,0.0,46,17862,买盘
14:11:51,3.9,0.0,61,23790,卖盘
14:11:54,3.9,0.0,1,390,卖盘
14:11:57,3.91,0.01,6,2346,买盘
14:12:00,3.91,0.0,10,3910,买盘
14:12:03,3.9,-0.01,23,8973,卖盘
14:12:12,3.9,0.0,21,8190,卖盘
14:12:15,3.91,0.01,61,23795,买盘
14:12:33,3.9,-0.01,1,390,卖盘
14:12:36,3.91,0.01,50,19550,买盘
14:12:39,3.91,0.0,2,782,买盘
14:12:45,3.91,0.0,2,782,买盘
14:12:48,3.9,-0.01,4,1562,卖盘
14:12:51,3.9,0.0,38,14820,卖盘
14:13:00,3.91,0.01,18,7038,买盘
14:13:09,3.91,0.0,97,37922,买盘
14:13:18,3.91,0.0,36,14071,买盘
14:13:21,3.91,0.0,91,35510,买盘
14:13:24,3.91,0.0,32,12512,买盘
14:13:27,3.91,0.0,1,391,买盘
14:13:42,3.91,0.0,51,19941,买盘
14:14:00,3.91,0.0,40,15640,买盘
14:14:06,3.91,0.0,5,1955,买盘
14:14:24,3.91,0.0,215,84064,买盘
14:14:36,3.91,0.0,1,391,买盘
14:14:42,3.9,-0.01,127,49557,卖盘
14:14:51,3.91,0.01,1,391,买盘
14:14:54,3.91,0.0,216,84376,买盘
14:15:00,3.9,-0.01,31,12120,卖盘
14:15:03,3.91,0.01,3,1173,买盘
14:15:12,3.91,0.0,2,782,买盘
14:15:21,3.91,0.0,83,32453,买盘
14:15:27,3.91,0.0,3,1173,买盘
14:15:45,3.91,0.0,2,782,买盘
14:15:48,3.9,-0.01,2,780,卖盘
14:15:54,3.91,0.01,21,8191,买盘
14:15:57,3.91,0.0,20,7820,买盘
14:16:00,3.9,-0.01,104,40560,卖盘
14:16:03,3.91,0.01,2,782,买盘
14:16:06,3.9,-0.01,100,39000,卖盘
14:16:21,3.91,0.01,128,49948,买盘
14:16:24,3.9,-0.01,50,19500,卖盘
14:16:30,3.91,0.01,10,3910,买盘
14:16:33,3.91,0.0,132,51592,买盘
14:16:39,3.91,0.0,10,3910,买盘
14:16:42,3.91,0.0,90,35190,买盘
14:16:54,3.9,-0.01,20,7800,卖盘
14:17:03,3.9,0.0,45,17589,卖盘
14:17:06,3.91,0.01,152,59432,买盘
14:17:09,3.9,-0.01,3,1170,卖盘
14:17:12,3.9,0.0,10,3900,卖盘
14:17:15,3.9,0.0,102,39780,卖盘
14:17:18,3.91,0.01,1,391,买盘
14:17:27,3.9,-0.01,3,1170,卖盘
14:17:33,3.91,0.01,8,3128,买盘
14:17:36,3.9,-0.01,2,780,卖盘
14:17:39,3.9,0.0,5,1950,卖盘
14:17:42,3.91,0.01,73,28513,买盘
14:17:51,3.91,0.0,29,11332,买盘
14:17:57,3.91,0.0,2,782,买盘
14:18:06,3.91,0.0,10,3910,买盘
14:18:12,3.91,0.0,125,48870,买盘
14:18:18,3.91,0.0,10,3910,买盘
14:18:36,3.91,0.0,105,41052,买盘
14:18:39,3.9,-0.01,10,3900,卖盘
14:18:42,3.91,0.01,19,7429,买盘
14:18:48,3.9,-0.01,27,10530,卖盘
14:19:03,3.91,0.01,48,18723,买盘
14:19:09,3.9,-0.01,38,14820,卖盘
14:19:15,3.9,0.0,8,3121,卖盘
14:19:24,3.9,0.0,9,3510,卖盘
14:19:27,3.91,0.01,48,18768,买盘
14:19:30,3.9,-0.01,3,1171,卖盘
14:19:33,3.9,0.0,20,7800,卖盘
14:19:36,3.91,0.01,15,5865,买盘
14:19:39,3.91,0.0,1,391,买盘
14:19:45,3.91,0.0,66,25806,买盘
14:19:54,3.9,-0.01,4,1560,卖盘
14:19:57,3.91,0.01,12,4692,买盘
14:20:00,3.91,0.0,20,7820,买盘
14:20:06,3.9,-0.01,64,24990,卖盘
14:20:09,3.91,0.01,3,1173,买盘
14:20:12,3.9,-0.01,20,7814,卖盘
14:20:15,3.91,0.01,507,197880,买盘
14:20:24,3.91,0.0,26,10166,买盘
14:20:27,3.91,0.0,614,240054,买盘
14:20:36,3.91,0.0,98,38318,买盘
14:20:39,3.9,-0.01,2,780,卖盘
14:20:45,3.9,0.0,7,2730,卖盘
14:21:06,3.9,0.0,1,390,卖盘
14:21:09,3.91,0.01,19,7429,买盘
14:21:12,3.9,-0.01,1,390,卖盘
14:21:27,3.9,0.0,41,16030,卖盘
14:21:30,3.9,0.0,3,1171,卖盘
14:21:36,3.9,0.0,49,19149,卖盘
14:21:45,3.91,0.01,20,7820,买盘
14:21:48,3.91,0.0,1,391,买盘
14:22:12,3.9,-0.01,6,2340,卖盘
14:22:15,3.91,0.01,1,391,买盘
14:22:18,3.91,0.0,4,1564,买盘
14:22:27,3.91,0.0,51,19941,买盘
14:22:30,3.91,0.0,8,3128,买盘
14:22:36,3.91,0.0,3,1173,买盘
14:22:45,3.91,0.0,1,391,买盘
14:22:51,3.91,0.0,15,5865,买盘
14:22:54,3.91,0.0,1800,703800,买盘
14:22:57,3.91,0.0,69,26979,买盘
14:23:00,3.91,0.0,104,40658,买盘
14:23:06,3.91,0.0,211,82501,买盘
14:23:12,3.91,0.0,1,391,买盘
14:23:15,3.91,0.0,269,105113,买盘
14:23:18,3.91,0.0,122,47814,卖盘
14:23:21,3.92,0.01,17,6664,买盘
14:23:24,3.92,0.0,21,8232,买盘
14:23:27,3.92,0.0,10,3920,买盘
14:23:33,3.92,0.0,1,392,买盘
14:23:45,3.92,0.0,771,302232,买盘
14:23:51,3.91,-0.01,102,39971,卖盘
14:23:54,3.92,0.01,55,21510,买盘
14:24:00,3.91,-0.01,11,4311,卖盘
14:24:03,3.92,0.01,40,15680,买盘
14:24:09,3.92,0.0,5,1960,买盘
14:24:18,3.92,0.0,38,14896,买盘
14:24:21,3.92,0.0,17,6664,买盘
14:24:24,3.92,0.0,140,54880,买盘
14:24:27,3.92,0.0,300,117600,买盘
14:24:30,3.92,0.0,35,13720,买盘
14:24:33,3.92,0.0,7,2744,买盘
14:24:36,3.92,0.0,120,46960,买盘
14:24:39,3.92,0.0,31,12152,买盘
14:24:42,3.92,0.0,225,88200,买盘
14:24:45,3.92,0.0,48,18816,卖盘
14:24:48,3.92,0.0,48,18816,卖盘
14:24:54,3.92,0.0,84,32928,卖盘
14:24:57,3.92,0.0,23,9016,卖盘
14:25:00,3.93,0.01,109,42734,买盘
14:25:03,3.92,-0.01,8,3136,卖盘
14:25:09,3.93,0.01,19,7467,买盘
14:25:12,3.93,0.0,16,6288,买盘
14:25:18,3.93,0.0,3,1179,买盘
14:25:21,3.93,0.0,34,13362,买盘
14:25:24,3.93,0.0,20,7860,买盘
14:25:27,3.93,0.0,56,21958,买盘
14:25:30,3.93,0.0,203,79729,买盘
14:25:33,3.93,0.0,6,2358,买盘
14:25:36,3.93,0.0,30,11788,买盘
14:25:39,3.93,0.0,8,3144,买盘
14:25:45,3.93,0.0,42,16506,买盘
14:25:48,3.93,0.0,3,1179,买盘
14:25:54,3.93,0.0,1,393,买盘
14:25:57,3.93,0.0,100,39300,买盘
14:26:00,3.93,0.0,10,3930,买盘
14:26:03,3.93,0.0,182,71526,买盘
14:26:06,3.93,0.0,1678,659537,买盘
14:26:09,3.93,0.0,36,14148,卖盘
14:26:12,3.94,0.01,1,394,买盘
14:26:15,3.93,-0.01,20,7860,卖盘
14:26:18,3.94,0.01,74,29096,买盘
14:26:21,3.94,0.0,90,35436,买盘
14:26:27,3.94,0.0,26,10244,买盘
14:26:30,3.94,0.0,17,6698,买盘
14:26:33,3.94,0.0,109,42946,买盘
14:26:36,3.93,-0.01,150,59000,卖盘
14:26:39,3.94,0.01,203,79982,买盘
14:26:42,3.94,0.0,165,64909,买盘
14:26:45,3.94,0.0,39,15366,买盘
14:26:48,3.94,0.0,192,75648,买盘
14:26:51,3.94,0.0,26,10234,买盘
14:26:54,3.94,0.0,157,61858,买盘
14:26:57,3.94,0.0,59,23231,买盘
14:27:00,3.93,-0.01,809,318745,卖盘
14:27:03,3.94,0.01,1,394,买盘
14:27:06,3.93,-0.01,84,33066,卖盘
14:27:09,3.94,0.01,136,53584,买盘
14:27:12,3.94,0.0,634,249796,买盘
14:27:15,3.94,0.0,121,47674,卖盘
14:27:18,3.95,0.01,38,14973,买盘
14:27:21,3.94,-0.01,33,13002,卖盘
14:27:24,3.94,0.0,54,21276,卖盘
14:27:27,3.94,0.0,65,25630,卖盘
14:27:30,3.94,0.0,114,44916,卖盘
14:27:33,3.94,0.0,97,38228,卖盘
14:27:36,3.95,0.01,228,90032,买盘
14:27:39,3.94,-0.01,150,59100,卖盘
14:27:42,3.94,0.0,169,66730,卖盘
14:27:45,3.94,0.0,30,11822,卖盘
14:27:48,3.94,0.0,119,46888,卖盘
14:27:51,3.94,0.0,3,1182,卖盘
14:27:54,3.95,0.01,164,64668,买盘
14:27:57,3.94,-0.01,12,4728,卖盘
14:28:00,3.94,0.0,40,15760,卖盘
14:28:03,3.95,0.01,9,3549,买盘
14:28:06,3.95,0.0,750,295654,买盘
14:28:09,3.94,-0.01,95,37430,卖盘
14:28:12,3.94,0.0,70,27580,卖盘
14:28:15,3.94,0.0,27,10638,卖盘
14:28:18,3.95,0.01,30,11849,买盘
14:28:21,3.95,0.0,549,216805,买盘
14:28:24,3.95,0.0,52,20540,买盘
14:28:27,3.94,-0.01,93,36661,卖盘
14:28:30,3.95,0.01,124,48980,买盘
14:28:33,3.95,0.0,3,1185,买盘
14:28:36,3.95,0.0,56,22065,买盘
14:28:42,3.95,0.0,17,6715,买盘
14:28:45,3.94,-0.01,832,328629,卖盘
14:28:48,3.95,0.01,66,26054,买盘
14:28:51,3.95,0.0,25,9875,买盘
14:28:54,3.95,0.0,24,9480,买盘
14:28:57,3.95,0.0,1,395,买盘
14:29:00,3.95,0.0,50,19750,买盘
14:29:03,3.95,0.0,20,7900,买盘
14:29:06,3.94,-0.01,90,35460,卖盘
14:29:09,3.95,0.01,200,78860,买盘
14:29:12,3.94,-0.01,64,25216,卖盘
14:29:15,3.94,0.0,31,12214,卖盘
14:29:18,3.94,0.0,30,11820,卖盘
14:29:24,3.93,-0.01,1,393,卖盘
14:29:27,3.94,0.01,191,75254,买盘
14:29:33,3.94,0.0,35,13790,买盘
14:29:36,3.94,0.0,21,8274,卖盘
14:29:48,3.94,0.0,1,394,买盘
14:29:51,3.94,0.0,305,120170,买盘
14:29:54,3.94,0.0,1,394,买盘
14:29:57,3.93,-0.01,11,4323,卖盘
14:30:00,3.94,0.01,82,32228,买盘
14:30:03,3.94,0.0,5,1970,买盘
14:30:09,3.94,0.0,93,36589,买盘
14:30:12,3.93,-0.01,134,52662,卖盘
14:30:18,3.93,0.0,74,29082,卖盘
14:30:21,3.94,0.01,12,4718,买盘
14:30:24,3.93,-0.01,246,96678,卖盘
14:30:27,3.93,0.0,433,170086,卖盘
14:30:30,3.92,-0.01,7,2744,卖盘
14:30:33,3.93,0.01,100,39300,买盘
14:30:36,3.93,0.0,4,1572,买盘
14:30:45,3.92,-0.01,10,3920,卖盘
14:30:48,3.93,0.01,10,3930,买盘
14:30:51,3.92,-0.01,50,19600,卖盘
14:31:06,3.92,0.0,100,39200,卖盘
14:31:09,3.92,0.0,200,78400,卖盘
14:31:12,3.92,0.0,591,231672,卖盘
14:31:15,3.91,-0.01,13,5083,卖盘
14:31:18,3.91,0.0,144,56347,卖盘
14:31:21,3.91,0.0,146,57102,卖盘
14:31:27,3.91,0.0,23,8993,卖盘
14:31:30,3.91,0.0,1,391,卖盘
14:31:36,3.91,0.0,10,3910,卖盘
14:31:45,3.91,0.0,1,391,卖盘
14:31:48,3.91,0.0,100,39100,卖盘
14:31:51,3.92,0.01,2,784,买盘
14:31:54,3.91,-0.01,293,114563,卖盘
14:31:57,3.91,0.0,5,1955,卖盘
14:32:03,3.91,0.0,170,66470,卖盘
14:32:06,3.91,0.0,2,782,买盘
14:32:09,3.9,-0.01,85,33293,卖盘
14:32:18,3.91,0.01,16,6256,买盘
14:32:21,3.91,0.0,12,4692,买盘
14:32:24,3.91,0.0,4,1564,买盘
14:32:27,3.9,-0.01,10,3900,卖盘
14:32:33,3.91,0.01,20,7820,买盘
14:32:36,3.91,0.0,20,7820,买盘
14:32:45,3.91,0.0,1,391,买盘
14:32:48,3.91,0.0,2,781,买盘
14:32:51,3.91,0.0,1,391,买盘
14:32:54,3.91,0.0,3,1173,买盘
14:32:57,3.91,0.0,5,1955,买盘
14:33:03,3.91,0.0,38,14850,买盘
14:33:09,3.91,0.0,7,2737,买盘
14:33:18,3.91,0.0,20,7820,买盘
14:33:24,3.91,0.0,10,3910,买盘
14:33:27,3.9,-0.01,13,5073,卖盘
14:33:42,3.91,0.01,554,216614,买盘
14:33:45,3.91,0.0,3,1173,买盘
14:33:48,3.91,0.0,100,39100,买盘
14:33:54,3.91,0.0,78,30498,买盘
14:34:00,3.9,-0.01,50,19500,卖盘
14:34:03,3.91,0.01,34,13294,买盘
14:34:18,3.91,0.0,1,391,买盘
14:34:30,3.9,-0.01,102,39880,卖盘
14:34:33,3.9,0.0,2,780,卖盘
14:34:36,3.91,0.01,1010,394910,买盘
14:34:39,3.91,0.0,100,39100,买盘
14:34:42,3.91,0.0,21,8211,买盘
14:34:45,3.91,0.0,6,2346,卖盘
14:34:48,3.91,0.0,41,16031,卖盘
14:34:51,3.91,0.0,81,31671,卖盘
14:34:54,3.92,0.01,598,234416,买盘
14:35:00,3.92,0.0,155,60620,买盘
14:35:03,3.92,0.0,16,6272,买盘
14:35:15,3.92,0.0,8,3136,买盘
14:35:21,3.92,0.0,37,14504,买盘
14:35:30,3.92,0.0,2,784,买盘
14:35:36,3.92,0.0,26,10192,买盘
14:35:42,3.92,0.0,54,21168,买盘
14:35:45,3.92,0.0,95,37190,买盘
14:35:51,3.92,0.0,2,784,买盘
14:35:57,3.92,0.0,164,64288,买盘
14:36:00,3.91,-0.01,7,2737,卖盘
14:36:03,3.92,0.01,127,49784,买盘
14:36:18,3.92,0.0,1,392,买盘
14:36:21,3.92,0.0,50,19600,买盘
14:36:27,3.91,-0.01,7,2737,卖盘
14:36:30,3.91,0.0,6,2346,卖盘
14:36:39,3.91,0.0,141,55131,卖盘
14:36:42,3.92,0.01,195,76315,买盘
14:36:45,3.91,-0.01,8,3128,卖盘
14:36:54,3.91,0.0,2,782,卖盘
14:36:57,3.91,0.0,51,19942,卖盘
14:37:00,3.92,0.01,1,392,买盘
14:37:03,3.91,-0.01,32,12513,卖盘
14:37:09,3.92,0.01,14,5475,买盘
14:37:15,3.92,0.0,103,40366,买盘
14:37:18,3.92,0.0,10,3920,买盘
14:37:21,3.91,-0.01,26,10166,卖盘
14:37:24,3.92,0.01,35,13714,买盘
14:37:27,3.92,0.0,1,392,买盘
14:37:39,3.92,0.0,3,1175,买盘
14:37:42,3.92,0.0,326,127792,买盘
14:37:45,3.92,0.0,18,7056,买盘
14:37:48,3.92,0.0,1,392,买盘
14:37:51,3.92,0.0,25,9800,买盘
14:38:00,3.92,0.0,38,14896,买盘
14:38:03,3.92,0.0,65,25430,买盘
14:38:06,3.92,0.0,10,3920,买盘
14:38:18,3.92,0.0,35,13720,买盘
14:38:21,3.91,-0.01,21,8211,卖盘
14:38:30,3.91,0.0,25,9788,卖盘
14:38:33,3.92,0.01,3,1176,买盘
14:38:39,3.92,0.0,102,39884,买盘
14:38:51,3.92,0.0,6,2352,买盘
14:38:57,3.92,0.0,2,784,买盘
14:39:00,3.91,-0.01,101,39591,卖盘
14:39:03,3.91,0.0,10,3910,卖盘
14:39:06,3.92,0.01,34,13298,买盘
14:39:12,3.92,0.0,311,121912,买盘
14:39:15,3.92,0.0,59,23128,买盘
14:39:24,3.92,0.0,2,784,买盘
14:39:27,3.91,-0.01,50,19550,卖盘
14:39:39,3.92,0.01,23,9003,买盘
14:39:42,3.91,-0.01,3,1173,卖盘
14:39:48,3.91,0.0,105,41060,卖盘
14:39:51,3.91,0.0,1241,485496,卖盘
14:39:54,3.91,0.0,194,75854,买盘
14:40:00,3.91,0.0,10,3910,买盘
14:40:06,3.91,0.0,25,9775,买盘
14:40:09,3.91,0.0,80,31280,买盘
14:40:12,3.91,0.0,28,10948,买盘
14:40:15,3.91,0.0,146,57086,买盘
14:40:21,3.9,-0.01,34,13260,卖盘
14:40:30,3.9,0.0,9,3510,卖盘
14:40:36,3.91,0.01,8,3128,买盘
14:40:39,3.9,-0.01,165,64405,卖盘
14:40:42,3.91,0.01,10,3910,买盘
14:40:45,3.91,0.0,6,2346,买盘
14:40:48,3.91,0.0,20,7820,买盘
14:40:51,3.91,0.0,20,7820,买盘
14:41:09,3.91,0.0,36,14076,买盘
14:41:12,3.9,-0.01,19,7419,卖盘
14:41:15,3.91,0.01,437,170867,买盘
14:41:18,3.91,0.0,5,1955,买盘
14:41:24,3.9,-0.01,18,7020,卖盘
14:41:27,3.91,0.01,2,782,买盘
14:41:30,3.91,0.0,30,11730,买盘
14:41:33,3.9,-0.01,7,2730,卖盘
14:41:36,3.91,0.01,10,3910,买盘
14:41:39,3.9,-0.01,50,19520,卖盘
14:41:42,3.91,0.01,70,27320,买盘
14:41:45,3.9,-0.01,133,51875,卖盘
14:41:48,3.91,0.01,20,7820,买盘
14:41:51,3.91,0.0,28,10948,买盘
14:41:57,3.9,-0.01,15,5850,卖盘
14:42:00,3.91,0.01,110,42960,买盘
14:42:06,3.9,-0.01,50,19500,卖盘
14:42:09,3.91,0.01,7,2737,买盘
14:42:12,3.91,0.0,7,2737,买盘
14:42:15,3.91,0.0,4,1564,买盘
14:42:18,3.9,-0.01,29,11310,卖盘
14:42:21,3.9,0.0,20,7800,卖盘
14:42:27,3.91,0.01,2,782,买盘
14:42:30,3.9,-0.01,8,3120,卖盘
14:42:33,3.91,0.01,2,782,买盘
14:42:42,3.9,-0.01,1,390,卖盘
14:42:45,3.9,0.0,20,7800,卖盘
14:42:48,3.9,0.0,1,390,卖盘
14:42:51,3.91,0.01,22,8602,买盘
14:42:54,3.9,-0.01,21,8190,卖盘
14:43:00,3.91,0.01,1,391,买盘
14:43:03,3.9,-0.01,5,1950,卖盘
14:43:06,3.91,0.01,13,5073,买盘
14:43:09,3.91,0.0,36,14076,买盘
14:43:15,3.91,0.0,10,3910,买盘
14:43:18,3.91,0.0,2,782,买盘
14:43:24,3.9,-0.01,2,780,卖盘
14:43:33,3.9,0.0,75,29300,卖盘
14:43:39,3.9,0.0,1,390,卖盘
14:43:42,3.91,0.01,57,22287,买盘
14:43:51,3.9,-0.01,4,1560,卖盘
14:43:57,3.9,0.0,8,3120,卖盘
14:44:03,3.91,0.01,23,8973,买盘
14:44:06,3.91,0.0,5,1955,买盘
14:44:12,3.91,0.0,20,7820,买盘
14:44:18,3.9,-0.01,1,390,卖盘
14:44:21,3.91,0.01,66,25806,买盘
14:44:30,3.91,0.0,2,782,买盘
14:44:33,3.91,0.0,1,391,买盘
14:44:36,3.91,0.0,26,10166,买盘
14:44:39,3.9,-0.01,120,46900,卖盘
14:44:42,3.91,0.01,100,38881,买盘
14:44:45,3.91,0.0,1,391,买盘
14:44:48,3.9,-0.01,11,4290,卖盘
14:44:54,3.9,0.0,1,390,卖盘
14:44:57,3.9,0.0,25,9755,卖盘
14:45:03,3.9,0.0,500,195000,卖盘
14:45:06,3.9,0.0,17,6630,卖盘
14:45:09,3.91,0.01,81,31671,买盘
14:45:12,3.9,-0.01,1524,594360,卖盘
14:45:15,3.91,0.01,77,30031,买盘
14:45:18,3.91,0.0,36,14042,买盘
14:45:21,3.91,0.0,73,28533,买盘
14:45:24,3.9,-0.01,15,5850,卖盘
14:45:33,3.91,0.01,35,13795,买盘
14:45:36,3.9,-0.01,540,210600,卖盘
14:45:39,3.9,0.0,1,390,卖盘
14:45:42,3.9,0.0,337,131430,卖盘
14:45:45,3.9,0.0,53,20670,卖盘
14:45:48,3.9,0.0,23,8991,卖盘
14:45:51,3.9,0.0,439,171562,卖盘
14:45:54,3.91,0.01,67,26197,买盘
14:45:57,3.91,0.0,120,46810,买盘
14:46:00,3.91,0.0,224,87465,买盘
14:46:03,3.9,-0.01,71,27700,卖盘
14:46:06,3.91,0.01,223,86978,买盘
14:46:09,3.9,-0.01,10,3900,卖盘
14:46:12,3.91,0.01,72,28082,买盘
14:46:15,3.9,-0.01,242,94522,卖盘
14:46:18,3.91,0.01,51,19941,买盘
14:46:21,3.9,-0.01,10,3900,卖盘
14:46:24,3.9,0.0,118,46020,卖盘
14:46:27,3.91,0.01,111,43301,买盘
14:46:30,3.9,-0.01,11,4300,卖盘
14:46:33,3.9,0.0,13,5070,卖盘
14:46:36,3.9,0.0,7,2730,卖盘
14:46:42,3.9,0.0,136,53040,卖盘
14:46:45,3.9,0.0,2,780,卖盘
14:46:48,3.91,0.01,148,57868,买盘
14:46:51,3.9,-0.01,71,27701,卖盘
14:46:54,3.9,0.0,130,50800,卖盘
14:46:57,3.9,0.0,862,336180,卖盘
14:47:00,3.9,0.0,161,62790,卖盘
14:47:03,3.9,0.0,60,23517,卖盘
14:47:06,3.9,0.0,4,1560,买盘
14:47:09,3.9,0.0,15,5850,买盘
14:47:12,3.9,0.0,115,44850,买盘
14:47:18,3.89,-0.01,511,198779,卖盘
14:47:21,3.9,0.01,156,60840,买盘
14:47:24,3.9,0.0,63,24570,买盘
14:47:27,3.9,0.0,10,3900,买盘
14:47:30,3.89,-0.01,90,35040,卖盘
14:47:33,3.9,0.01,111,43290,买盘
14:47:36,3.9,0.0,348,135520,买盘
14:47:39,3.9,0.0,47,18330,买盘
14:47:42,3.9,0.0,130,50600,买盘
14:47:45,3.9,0.0,153,59542,买盘
14:47:48,3.89,-0.01,20,7780,卖盘
14:47:51,3.9,0.01,36,14040,买盘
14:47:57,3.9,0.0,21,8184,买盘
14:48:06,3.89,-0.01,123,47951,卖盘
14:48:12,3.89,0.0,100,38900,卖盘
14:48:15,3.89,0.0,106,41236,卖盘
14:48:18,3.89,0.0,1,389,卖盘
14:48:21,3.89,0.0,47,18314,卖盘
14:48:24,3.89,0.0,56,21784,卖盘
14:48:27,3.89,0.0,5,1945,卖盘
14:48:30,3.9,0.01,286,111510,买盘
14:48:33,3.89,-0.01,1,389,卖盘
14:48:36,3.89,0.0,153,59517,卖盘
14:48:42,3.89,0.0,18,6819,卖盘
14:48:45,3.9,0.01,1,390,买盘
14:48:48,3.89,-0.01,668,259902,卖盘
14:48:51,3.9,0.01,6,2337,买盘
14:48:54,3.89,-0.01,67,26087,卖盘
14:48:57,3.9,0.01,1,390,买盘
14:49:00,3.89,-0.01,104,40456,卖盘
14:49:03,3.89,0.0,455,177178,卖盘
14:49:06,3.89,0.0,6,2334,买盘
14:49:09,3.89,0.0,6,2334,买盘
14:49:12,3.89,0.0,54,21006,买盘
14:49:15,3.89,0.0,127,49220,买盘
14:49:18,3.89,0.0,166,64574,卖盘
14:49:24,3.9,0.01,40,15580,买盘
14:49:27,3.89,-0.01,1,389,卖盘
14:49:30,3.9,0.01,3,1170,买盘
14:49:33,3.89,-0.01,222,86358,卖盘
14:49:36,3.89,0.0,30,11670,卖盘
14:49:45,3.89,0.0,96,37344,卖盘
14:49:48,3.89,0.0,726,282597,卖盘
14:49:51,3.89,0.0,1003,390167,买盘
14:49:54,3.89,0.0,9,3501,买盘
14:49:57,3.89,0.0,15,5835,买盘
14:50:00,3.89,0.0,1,389,买盘
14:50:03,3.89,0.0,73,28397,买盘
14:50:06,3.89,0.0,1,389,买盘
14:50:09,3.89,0.0,217,84309,买盘
14:50:15,3.88,-0.01,55,21370,卖盘
14:50:18,3.88,0.0,30,11640,卖盘
14:50:21,3.89,0.01,34,13226,买盘
14:50:24,3.88,-0.01,19,7372,卖盘
14:50:27,3.88,0.0,200,77600,卖盘
14:50:30,3.88,0.0,4,1552,卖盘
14:50:33,3.89,0.01,9,3501,买盘
14:50:36,3.89,0.0,16,6224,买盘
14:50:39,3.89,0.0,74,28716,买盘
14:50:42,3.89,0.0,1,389,买盘
14:50:51,3.88,-0.01,151,58588,卖盘
14:50:54,3.88,0.0,6,2328,卖盘
14:50:57,3.89,0.01,165,64165,买盘
14:51:00,3.88,-0.01,41,15919,卖盘
14:51:03,3.88,0.0,5,1940,卖盘
14:51:06,3.88,0.0,28,10884,卖盘
14:51:09,3.88,0.0,20,7760,卖盘
14:51:12,3.88,0.0,100,38800,卖盘
14:51:15,3.89,0.01,10,3890,买盘
14:51:18,3.88,-0.01,105,40740,卖盘
14:51:21,3.89,0.01,101,39289,买盘
14:51:24,3.88,-0.01,236,91568,卖盘
14:51:27,3.89,0.01,1,389,买盘
14:51:30,3.89,0.0,1,389,买盘
14:51:33,3.88,-0.01,130,50510,卖盘
14:51:39,3.88,0.0,174,67606,卖盘
14:51:45,3.88,0.0,145,56260,卖盘
14:51:48,3.88,0.0,1600,620800,卖盘
14:51:51,3.88,0.0,173,67154,卖盘
14:51:54,3.89,0.01,5,1945,买盘
14:51:57,3.89,0.0,2,778,买盘
14:52:00,3.89,0.0,5,1945,买盘
14:52:03,3.89,0.0,6,2334,买盘
14:52:09,3.89,0.0,110,42732,买盘
14:52:12,3.89,0.0,13,5055,买盘
14:52:15,3.88,-0.01,99,38412,卖盘
14:52:18,3.88,0.0,10,3880,卖盘
14:52:21,3.89,0.01,5,1945,买盘
14:52:27,3.88,-0.01,5,1942,卖盘
14:52:30,3.89,0.01,71,27568,买盘
14:52:36,3.89,0.0,143,55584,买盘
14:52:39,3.89,0.0,173,67197,买盘
14:52:42,3.89,0.0,20,7780,买盘
14:52:48,3.89,0.0,235,91415,买盘
14:52:51,3.89,0.0,30,11670,买盘
14:52:54,3.89,0.0,271,105220,买盘
14:52:57,3.89,0.0,242,94138,买盘
14:53:00,3.88,-0.01,1,388,卖盘
14:53:03,3.89,0.01,157,61073,买盘
14:53:06,3.89,0.0,19,7391,买盘
14:53:09,3.89,0.0,2,778,买盘
14:53:12,3.88,-0.01,92,35746,卖盘
14:53:15,3.89,0.01,10,3890,买盘
14:53:18,3.89,0.0,333,129319,买盘
14:53:24,3.88,-0.01,89,34619,卖盘
14:53:27,3.88,0.0,35,13606,卖盘
14:53:30,3.88,0.0,100,38800,卖盘
14:53:33,3.88,0.0,13,5047,卖盘
14:53:36,3.88,0.0,10,3880,卖盘
14:53:39,3.89,0.01,3,1167,买盘
14:53:42,3.89,0.0,20,7780,买盘
14:53:45,3.88,-0.01,141,54712,卖盘
14:53:48,3.88,0.0,285,110592,卖盘
14:53:51,3.89,0.01,177,68832,买盘
14:53:54,3.88,-0.01,7,2716,卖盘
14:54:00,3.88,0.0,201,77989,卖盘
14:54:06,3.89,0.01,41,15949,买盘
14:54:09,3.89,0.0,25,9725,买盘
14:54:12,3.89,0.0,300,116700,买盘
14:54:15,3.89,0.0,97,37731,买盘
14:54:18,3.88,-0.01,146,56763,卖盘
14:54:21,3.89,0.01,7,2723,买盘
14:54:24,3.89,0.0,43,16727,买盘
14:54:27,3.89,0.0,1,389,买盘
14:54:30,3.89,0.0,215,83635,买盘
14:54:33,3.88,-0.01,144,55878,卖盘
14:54:36,3.89,0.01,31,12057,买盘
14:54:39,3.88,-0.01,1083,420704,卖盘
14:54:42,3.89,0.01,30,11644,买盘
14:54:45,3.89,0.0,75,29175,买盘
14:54:48,3.89,0.0,7,2723,买盘
14:54:51,3.89,0.0,46,17888,买盘
14:54:57,3.89,0.0,32,12448,买盘
14:55:00,3.89,0.0,69,26791,买盘
14:55:03,3.88,-0.01,220,85371,卖盘
14:55:06,3.89,0.01,46,17894,买盘
14:55:09,3.88,-0.01,239,92742,卖盘
14:55:12,3.89,0.01,158,61449,买盘
14:55:15,3.89,0.0,107,41619,买盘
14:55:18,3.88,-0.01,63,24449,卖盘
14:55:24,3.89,0.01,16,6214,买盘
14:55:27,3.89,0.0,61,23726,买盘
14:55:30,3.88,-0.01,23,8936,卖盘
14:55:33,3.89,0.01,68,26398,买盘
14:55:36,3.89,0.0,32,12444,买盘
14:55:39,3.88,-0.01,149,57855,卖盘
14:55:45,3.88,0.0,313,121742,卖盘
14:55:48,3.89,0.01,212,82279,买盘
14:55:51,3.88,-0.01,51,19789,卖盘
14:55:54,3.89,0.01,217,84407,买盘
14:55:57,3.88,-0.01,266,103464,卖盘
14:56:00,3.89,0.01,64,24896,买盘
14:56:03,3.89,0.0,262,101879,买盘
14:56:06,3.88,-0.01,68,26430,卖盘
14:56:09,3.88,0.0,112,43544,卖盘
14:56:12,3.88,0.0,101,39276,卖盘
14:56:15,3.89,0.01,169,65735,买盘
14:56:18,3.89,0.0,107,41623,买盘
14:56:21,3.89,0.0,718,278802,买盘
14:56:24,3.89,0.0,201,78189,买盘
14:56:27,3.89,0.0,171,66509,买盘
14:56:30,3.88,-0.01,390,151674,卖盘
14:56:33,3.88,0.0,357,138678,卖盘
14:56:36,3.89,0.01,445,173055,买盘
14:56:39,3.89,0.0,55,21389,买盘
14:56:42,3.89,0.0,60,23340,买盘
14:56:45,3.89,0.0,133,51737,买盘
14:56:48,3.89,0.0,8,3112,买盘
14:56:51,3.89,0.0,296,115144,买盘
14:56:54,3.89,0.0,193,75077,买盘
14:56:57,3.89,0.0,77,29953,买盘
14:57:00,3.89,0.0,15,5835,买盘
15:00:03,3.89,0.0,5037,1959393,买盘
