成交时间,成交价格,价格变动,成交量,成交金额,性质
09:25:00,5.49,0.0,1062,583038,卖盘
09:30:00,5.5,0.01,214,117697,买盘
09:30:04,5.48,-0.02,639,350915,卖盘
09:30:06,5.54,0.06,407,224393,买盘
09:30:09,5.51,-0.03,64,35332,卖盘
09:30:12,5.54,0.03,1139,628208,买盘
09:30:15,5.54,0.0,496,274965,卖盘
09:30:18,5.54,0.0,747,414692,卖盘
09:30:21,5.53,-0.01,734,406190,卖盘
09:30:24,5.55,0.02,684,379518,买盘
09:30:27,5.55,0.0,879,488839,卖盘
09:30:30,5.56,0.01,1136,631449,中性盘
09:30:33,5.57,0.01,289,160603,买盘
09:30:36,5.57,0.0,410,228203,卖盘
09:30:39,5.57,0.0,322,179249,买盘
09:30:42,5.58,0.01,691,386200,中性盘
09:30:45,5.58,0.0,648,362682,买盘
09:30:48,5.64,0.06,307,172740,买盘
09:30:51,5.63,-0.01,530,298879,卖盘
09:30:54,5.57,-0.06,862,480302,卖盘
09:30:57,5.63,0.06,424,236381,买盘
09:31:00,5.58,-0.05,91,50877,卖盘
09:31:03,5.6,0.02,319,178758,卖盘
09:31:06,5.6,0.0,190,106400,卖盘
09:31:09,5.6,0.0,503,281694,买盘
09:31:12,5.57,-0.03,80,44662,卖盘
09:31:15,5.6,0.03,118,65928,买盘
09:31:18,5.6,0.0,156,87192,买盘
09:31:21,5.59,-0.01,182,101832,买盘
09:31:24,5.59,0.0,731,408672,卖盘
09:31:27,5.58,-0.01,321,179628,卖盘
09:31:30,5.59,0.01,16,8923,买盘
09:31:33,5.58,-0.01,107,59705,卖盘
09:31:36,5.57,-0.01,82,45720,卖盘
09:31:39,5.59,0.02,541,302121,买盘
09:31:42,5.6,0.01,430,240305,买盘
09:31:45,5.57,-0.03,107,59776,卖盘
09:31:48,5.59,0.02,581,324970,买盘
09:31:51,5.6,0.01,157,87910,买盘
09:31:54,5.6,0.0,3001,1678756,买盘
09:31:57,5.62,0.02,935,524684,买盘
09:32:00,5.62,0.0,53,29800,卖盘
09:32:03,5.64,0.02,1047,589739,买盘
09:32:06,5.65,0.01,580,327122,买盘
09:32:09,5.64,-0.01,181,101993,卖盘
09:32:12,5.64,0.0,496,279765,买盘
09:32:15,5.63,-0.01,150,84418,中性盘
09:32:18,5.65,0.02,3769,2126104,买盘
09:32:21,5.69,0.04,1967,1115912,买盘
09:32:24,5.72,0.03,1301,743235,买盘
09:32:27,5.72,0.0,799,457417,买盘
09:32:30,5.72,0.0,614,351322,卖盘
09:32:33,5.71,-0.01,405,231594,卖盘
09:32:36,5.73,0.02,566,323798,买盘
09:32:39,5.69,-0.04,1408,803996,卖盘
09:32:42,5.73,0.04,1238,708281,买盘
09:32:45,5.71,-0.02,710,405766,卖盘
09:32:48,5.68,-0.03,400,227639,卖盘
09:32:51,5.69,0.01,765,436029,中性盘
09:32:54,5.68,-0.01,122,69291,中性盘
09:32:57,5.68,0.0,637,362075,买盘
09:33:00,5.67,-0.01,475,269194,卖盘
09:33:03,5.66,-0.01,647,366399,卖盘
09:33:06,5.67,0.01,82,46491,买盘
09:33:09,5.65,-0.02,44,24871,卖盘
09:33:12,5.65,0.0,299,168935,卖盘
09:33:15,5.64,-0.01,42,23728,卖盘
09:33:18,5.65,0.01,102,57569,买盘
09:33:21,5.64,-0.01,22,12397,中性盘
09:33:24,5.62,-0.02,335,188659,卖盘
09:33:27,5.62,0.0,58,32596,卖盘
09:33:30,5.66,0.04,1265,713193,买盘
09:33:33,5.65,-0.01,121,68380,卖盘
09:33:36,5.66,0.01,646,365392,买盘
09:33:39,5.65,-0.01,405,229315,卖盘
09:33:42,5.67,0.02,72,40791,买盘
09:33:45,5.66,-0.01,48,27194,卖盘
09:33:48,5.66,0.0,433,245401,卖盘
09:33:51,5.66,0.0,884,501435,卖盘
09:33:54,5.67,0.01,82,46494,中性盘
09:33:57,5.67,0.0,456,258373,卖盘
09:34:00,5.67,0.0,143,80964,买盘
09:34:03,5.67,0.0,92,52150,买盘
09:34:06,5.68,0.01,525,297841,买盘
09:34:09,5.67,-0.01,145,82215,卖盘
09:34:12,5.67,0.0,127,72051,卖盘
09:34:15,5.66,-0.01,278,157488,卖盘
09:34:18,5.67,0.01,230,130190,买盘
09:34:21,5.65,-0.02,259,146817,卖盘
09:34:24,5.67,0.02,10,5670,买盘
09:34:27,5.65,-0.02,145,81994,卖盘
09:34:30,5.64,-0.01,1345,759721,卖盘
09:34:33,5.64,0.0,20,11280,买盘
09:34:36,5.66,0.02,2694,1524822,买盘
09:34:39,5.66,0.0,901,510319,卖盘
09:34:42,5.67,0.01,84,47548,买盘
09:34:45,5.67,0.0,557,315319,买盘
09:34:48,5.67,0.0,47,26665,买盘
09:34:51,5.66,-0.01,95,53853,卖盘
09:34:54,5.68,0.02,824,467696,买盘
09:34:57,5.7,0.02,1138,646887,买盘
09:35:00,5.7,0.0,60,34084,买盘
09:35:03,5.74,0.04,4380,2502657,买盘
09:35:06,5.77,0.03,1574,906331,买盘
09:35:09,5.8,0.03,1056,611245,买盘
09:35:12,5.81,0.01,472,274986,买盘
09:35:15,5.83,0.02,1975,1152321,买盘
09:35:18,5.83,0.0,759,442707,卖盘
09:35:21,5.86,0.03,577,336823,买盘
09:35:24,5.83,-0.03,578,338793,卖盘
09:35:27,5.85,0.02,781,457510,卖盘
09:35:30,5.84,-0.01,463,270647,卖盘
09:35:33,5.86,0.02,886,518807,买盘
09:35:36,5.88,0.02,986,576522,买盘
09:35:39,5.96,0.08,2030,1201609,买盘
09:35:42,5.97,0.01,8157,4865819,买盘
09:35:45,5.97,0.0,5575,3328275,卖盘
09:35:48,5.97,0.0,2439,1456083,卖盘
09:35:51,5.97,0.0,6039,3603901,卖盘
09:35:54,5.97,0.0,1119,668043,卖盘
09:35:57,5.97,0.0,1068,637596,卖盘
09:36:00,5.97,0.0,2629,1569513,卖盘
09:36:03,5.96,-0.01,1124,666739,中性盘
09:36:06,5.88,-0.08,2022,1198373,卖盘
09:36:09,5.8,-0.08,2359,1381679,卖盘
09:36:12,5.81,0.01,968,561600,卖盘
09:36:15,5.8,-0.01,551,319109,卖盘
09:36:18,5.8,0.0,302,175343,买盘
09:36:21,5.79,-0.01,231,133946,卖盘
09:36:24,5.76,-0.03,916,529514,卖盘
09:36:27,5.76,0.0,618,356057,买盘
09:36:30,5.76,0.0,257,148068,买盘
09:36:33,5.76,0.0,208,119882,卖盘
09:36:37,5.76,0.0,2052,1182589,卖盘
09:36:39,5.76,0.0,266,153216,买盘
09:36:42,5.76,0.0,459,264217,买盘
09:36:45,5.75,-0.01,306,176006,卖盘
09:36:48,5.75,0.0,522,300150,买盘
09:36:51,5.76,0.01,518,297823,买盘
09:36:54,5.76,0.0,495,285050,买盘
09:36:57,5.75,-0.01,519,298687,卖盘
09:37:00,5.76,0.01,381,219407,买盘
09:37:03,5.77,0.01,321,184936,买盘
09:37:06,5.76,-0.01,462,266112,卖盘
09:37:09,5.75,-0.01,257,148055,卖盘
09:37:12,5.77,0.02,1598,921420,买盘
09:37:15,5.77,0.0,144,82982,买盘
09:37:18,5.76,-0.01,363,209196,卖盘
09:37:21,5.75,-0.01,1613,928466,卖盘
09:37:24,5.77,0.02,266,153238,买盘
09:37:27,5.77,0.0,76,43842,卖盘
09:37:30,5.77,0.0,2,1154,买盘
09:37:33,5.77,0.0,131,75587,买盘
09:37:36,5.78,0.01,614,354072,买盘
09:37:39,5.78,0.0,237,136757,买盘
09:37:42,5.77,-0.01,782,451905,买盘
09:37:45,5.77,0.0,226,130502,卖盘
09:37:48,5.77,0.0,269,155332,卖盘
09:37:51,5.77,0.0,104,59931,买盘
09:37:54,5.77,0.0,109,62879,买盘
09:37:57,5.78,0.01,464,268065,买盘
09:38:00,5.78,0.0,28,16183,卖盘
09:38:03,5.78,0.0,207,119522,买盘
09:38:06,5.76,-0.02,102,58854,卖盘
09:38:09,5.76,0.0,292,168423,卖盘
09:38:12,5.76,0.0,1173,677151,卖盘
09:38:15,5.77,0.01,113,65059,买盘
09:38:18,5.75,-0.02,599,345306,卖盘
09:38:21,5.76,0.01,108,62262,中性盘
09:38:24,5.77,0.01,30,17304,中性盘
09:38:27,5.77,0.0,685,395980,买盘
09:38:30,5.78,0.01,757,436090,中性盘
09:38:33,5.79,0.01,678,392272,买盘
09:38:36,5.8,0.01,2018,1168975,买盘
09:38:39,5.8,0.0,47,27308,卖盘
09:38:42,5.82,0.02,748,437446,买盘
09:38:45,5.82,0.0,52,30294,卖盘
09:38:48,5.82,0.0,48,28008,卖盘
09:38:51,5.85,0.03,642,374917,买盘
09:38:54,5.84,-0.01,200,117016,卖盘
09:38:57,5.85,0.01,444,259402,中性盘
09:39:00,5.84,-0.01,290,169042,中性盘
09:39:03,5.83,-0.01,904,528470,中性盘
09:39:06,5.8,-0.03,612,356951,卖盘
09:39:09,5.8,0.0,210,122391,卖盘
09:39:12,5.8,0.0,300,174235,卖盘
09:39:15,5.8,0.0,179,103820,买盘
09:39:18,5.8,0.0,87,50458,买盘
09:39:21,5.79,-0.01,2361,1368290,卖盘
09:39:24,5.81,0.02,593,344564,买盘
09:39:27,5.85,0.04,934,545688,买盘
09:39:30,5.86,0.01,22,12892,买盘
09:39:33,5.85,-0.01,276,161673,卖盘
09:39:36,5.85,0.0,276,161631,卖盘
09:39:39,5.87,0.02,315,184634,买盘
09:39:42,5.87,0.0,382,223677,买盘
09:39:45,5.85,-0.02,316,184740,买盘
09:39:48,5.86,0.01,266,155399,买盘
09:39:52,5.85,-0.01,216,126428,卖盘
09:39:54,5.85,0.0,241,140998,卖盘
09:39:57,5.86,0.01,187,109569,买盘
09:40:00,5.87,0.01,1446,848839,买盘
09:40:03,5.87,0.0,434,254595,买盘
09:40:06,5.88,0.01,804,472482,买盘
09:40:09,5.89,0.01,256,150346,买盘
09:40:12,5.89,0.0,468,275387,买盘
09:40:15,5.88,-0.01,306,180171,卖盘
09:40:18,5.87,-0.01,726,426449,卖盘
09:40:21,5.88,0.01,411,241387,买盘
09:40:24,5.87,-0.01,815,478358,中性盘
09:40:27,5.87,0.0,455,266726,买盘
09:40:30,5.84,-0.03,347,203039,卖盘
09:40:33,5.85,0.01,370,216219,买盘
09:40:36,5.83,-0.02,512,299153,卖盘
09:40:39,5.84,0.01,54,31549,中性盘
09:40:42,5.84,0.0,244,142358,卖盘
09:40:45,5.84,0.0,53,30926,卖盘
09:40:48,5.84,0.0,252,146870,买盘
09:40:51,5.83,-0.01,456,266251,中性盘
09:40:54,5.85,0.02,476,277864,买盘
09:40:57,5.84,-0.01,130,75920,卖盘
09:41:00,5.85,0.01,218,127351,买盘
09:41:03,5.84,-0.01,549,320485,中性盘
09:41:06,5.84,0.0,170,99423,卖盘
09:41:09,5.83,-0.01,166,96872,卖盘
09:41:12,5.84,0.01,218,127305,买盘
09:41:15,5.85,0.01,1618,945714,买盘
09:41:18,5.88,0.03,1590,933145,买盘
09:41:21,5.85,-0.03,425,249633,卖盘
09:41:24,5.86,0.01,28,16440,中性盘
09:41:27,5.88,0.02,110,64588,买盘
09:41:30,5.88,0.0,136,79862,买盘
09:41:33,5.88,0.0,312,183355,买盘
09:41:36,5.88,0.0,390,229183,买盘
09:41:39,5.88,0.0,74,43476,买盘
09:41:42,5.88,0.0,161,94649,买盘
09:41:45,5.88,0.0,883,519158,买盘
09:41:48,5.88,0.0,336,197582,买盘
09:41:51,5.88,0.0,179,105240,买盘
09:41:54,5.87,-0.01,948,556873,卖盘
09:41:57,5.87,0.0,295,173637,卖盘
09:42:00,5.87,0.0,39,22889,买盘
09:42:03,5.87,0.0,107,62806,买盘
09:42:06,5.87,0.0,124,72692,买盘
09:42:09,5.87,0.0,848,496085,买盘
09:42:12,5.89,0.02,817,480523,买盘
09:42:15,5.85,-0.04,102,59702,卖盘
09:42:18,5.87,0.02,147,86547,中性盘
09:42:21,5.89,0.02,65,38172,买盘
09:42:24,5.88,-0.01,262,154012,中性盘
09:42:27,5.87,-0.01,567,334049,卖盘
09:42:30,5.87,0.0,38,22342,卖盘
09:42:33,5.9,0.03,931,548564,买盘
09:42:36,5.88,-0.02,408,240316,卖盘
09:42:39,5.91,0.03,1171,690828,买盘
09:42:42,5.92,0.01,1284,759318,买盘
09:42:45,5.96,0.04,3234,1921796,买盘
09:42:48,5.97,0.01,7807,4657421,买盘
09:42:51,5.97,0.0,11084,6617024,买盘
09:42:54,5.97,0.0,673,401781,卖盘
09:42:57,5.97,0.0,312,186264,卖盘
09:43:00,5.97,0.0,455,271635,卖盘
09:43:03,5.97,0.0,380,226860,卖盘
09:43:06,5.97,0.0,668,398796,卖盘
09:43:09,5.97,0.0,834,497898,卖盘
09:43:12,5.97,0.0,130,77610,卖盘
09:43:15,5.97,0.0,98,58506,卖盘
09:43:18,5.97,0.0,183,109251,卖盘
09:43:21,5.97,0.0,56,33432,卖盘
09:43:24,5.97,0.0,79,47163,卖盘
09:43:27,5.97,0.0,50,29850,卖盘
09:43:30,5.97,0.0,96,57312,卖盘
09:43:33,5.97,0.0,112,66864,卖盘
09:43:36,5.97,0.0,153,91341,卖盘
09:43:39,5.97,0.0,558,333126,卖盘
09:43:42,5.97,0.0,44,26268,卖盘
09:43:45,5.97,0.0,71,42387,卖盘
09:43:48,5.97,0.0,156,93132,卖盘
09:43:51,5.97,0.0,448,267456,卖盘
09:43:54,5.97,0.0,230,137310,卖盘
09:43:57,5.97,0.0,109,65073,卖盘
09:44:00,5.97,0.0,494,294918,卖盘
09:44:03,5.97,0.0,2133,1273401,卖盘
09:44:06,5.97,0.0,167,99699,卖盘
09:44:09,5.97,0.0,27,16119,卖盘
09:44:12,5.97,0.0,231,137907,卖盘
09:44:15,5.97,0.0,51,30447,卖盘
09:44:18,5.97,0.0,191,114027,卖盘
09:44:21,5.97,0.0,43,25671,卖盘
09:44:24,5.97,0.0,35,20895,卖盘
09:44:27,5.97,0.0,188,112236,卖盘
09:44:30,5.97,0.0,20,11940,卖盘
09:44:33,5.97,0.0,62,37014,卖盘
09:44:36,5.97,0.0,2,1194,卖盘
09:44:39,5.97,0.0,292,174324,卖盘
09:44:42,5.97,0.0,339,202383,卖盘
09:44:45,5.97,0.0,6,3582,卖盘
09:44:48,5.97,0.0,107,63879,卖盘
09:44:54,5.97,0.0,360,214920,卖盘
09:44:57,5.97,0.0,243,145071,卖盘
09:45:00,5.97,0.0,119,71043,卖盘
09:45:03,5.97,0.0,38,22686,卖盘
09:45:06,5.97,0.0,28,16716,卖盘
09:45:09,5.97,0.0,100,59700,卖盘
09:45:12,5.97,0.0,8,4776,卖盘
09:45:15,5.97,0.0,107,63879,卖盘
09:45:18,5.97,0.0,6,3582,卖盘
09:45:21,5.97,0.0,21,12537,卖盘
09:45:24,5.97,0.0,64,38208,卖盘
09:45:27,5.97,0.0,83,49551,卖盘
09:45:30,5.97,0.0,69,41193,卖盘
09:45:33,5.97,0.0,171,102087,卖盘
09:45:36,5.97,0.0,28,16716,卖盘
09:45:39,5.97,0.0,80,47760,卖盘
09:45:42,5.97,0.0,6,3582,卖盘
09:45:45,5.97,0.0,38,22686,卖盘
09:45:51,5.97,0.0,2,1194,卖盘
09:45:54,5.97,0.0,367,219099,卖盘
09:45:57,5.97,0.0,119,71043,卖盘
09:46:00,5.97,0.0,197,117609,卖盘
09:46:03,5.97,0.0,18,10746,卖盘
09:46:06,5.97,0.0,92,54924,卖盘
09:46:09,5.97,0.0,20,11940,卖盘
09:46:12,5.97,0.0,2735,1632795,卖盘
09:46:15,5.97,0.0,1,597,卖盘
09:46:18,5.97,0.0,9,5373,卖盘
09:46:21,5.97,0.0,23,13731,卖盘
09:46:24,5.97,0.0,37,22089,卖盘
09:46:30,5.97,0.0,5,2985,卖盘
09:46:33,5.97,0.0,1,597,卖盘
09:46:36,5.97,0.0,2,1194,卖盘
09:46:42,5.97,0.0,20,11940,卖盘
09:46:45,5.97,0.0,219,130743,卖盘
09:46:48,5.97,0.0,12,7164,卖盘
09:46:51,5.97,0.0,9,5373,卖盘
09:46:57,5.97,0.0,41,24477,卖盘
09:47:00,5.97,0.0,13,7761,卖盘
09:47:06,5.97,0.0,8,4776,卖盘
09:47:09,5.97,0.0,1,597,卖盘
09:47:12,5.97,0.0,13,7761,卖盘
09:47:15,5.97,0.0,3,1791,卖盘
09:47:18,5.97,0.0,23,13731,卖盘
09:47:21,5.97,0.0,4,2388,卖盘
09:47:24,5.97,0.0,3,1791,卖盘
09:47:27,5.97,0.0,22,13134,卖盘
09:47:30,5.97,0.0,5,2985,卖盘
09:47:33,5.97,0.0,111,66267,卖盘
09:47:39,5.97,0.0,40,23880,卖盘
09:47:45,5.97,0.0,4,2388,卖盘
09:47:48,5.97,0.0,15,8955,卖盘
09:47:51,5.97,0.0,12,7164,卖盘
09:47:54,5.97,0.0,14,8358,卖盘
09:48:00,5.97,0.0,1,597,卖盘
09:48:03,5.97,0.0,26,15522,卖盘
09:48:06,5.97,0.0,76,45372,卖盘
09:48:09,5.97,0.0,2,1194,卖盘
09:48:12,5.97,0.0,30,17910,卖盘
09:48:15,5.97,0.0,36,21492,卖盘
09:48:18,5.97,0.0,79,47163,卖盘
09:48:21,5.97,0.0,51,30447,卖盘
09:48:24,5.97,0.0,26,15522,卖盘
09:48:27,5.97,0.0,30,17910,卖盘
09:48:30,5.97,0.0,8,4776,卖盘
09:48:33,5.97,0.0,5,2985,卖盘
09:48:42,5.97,0.0,27,16119,卖盘
09:48:48,5.97,0.0,168,100296,卖盘
09:48:51,5.97,0.0,64,38208,卖盘
09:48:54,5.97,0.0,5,2985,卖盘
09:49:00,5.97,0.0,14,8358,卖盘
09:49:03,5.97,0.0,23,13731,卖盘
09:49:06,5.97,0.0,21,12537,卖盘
09:49:09,5.97,0.0,20,11940,卖盘
09:49:12,5.97,0.0,56,33432,卖盘
09:49:15,5.97,0.0,25,14925,卖盘
09:49:21,5.97,0.0,5,2985,卖盘
09:49:24,5.97,0.0,35,20895,卖盘
09:49:27,5.97,0.0,4,2388,卖盘
09:49:30,5.97,0.0,1,597,卖盘
09:49:36,5.97,0.0,3,1791,卖盘
09:49:42,5.97,0.0,2,1194,卖盘
09:49:45,5.97,0.0,10,5970,卖盘
09:49:51,5.97,0.0,3,1791,卖盘
09:49:57,5.97,0.0,1,597,卖盘
09:50:00,5.97,0.0,17,10149,卖盘
09:50:06,5.97,0.0,20,11940,卖盘
09:50:09,5.97,0.0,35,20895,卖盘
09:50:12,5.97,0.0,454,271038,卖盘
09:50:15,5.97,0.0,93,55521,卖盘
09:50:18,5.97,0.0,77,45969,卖盘
09:50:21,5.97,0.0,19,11343,卖盘
09:50:24,5.97,0.0,20,11940,卖盘
09:50:30,5.97,0.0,16,9552,卖盘
09:50:39,5.97,0.0,10,5970,卖盘
09:50:48,5.97,0.0,71,42387,卖盘
09:50:57,5.97,0.0,14,8358,卖盘
09:51:00,5.97,0.0,22,13134,卖盘
09:51:03,5.97,0.0,6,3582,卖盘
09:51:06,5.97,0.0,31,18507,卖盘
09:51:09,5.97,0.0,259,154623,卖盘
09:51:12,5.97,0.0,35,20895,卖盘
09:51:18,5.97,0.0,212,126564,卖盘
09:51:21,5.97,0.0,298,177906,卖盘
09:51:30,5.97,0.0,74,44178,卖盘
09:51:33,5.97,0.0,24,14328,卖盘
09:51:36,5.97,0.0,45,26865,卖盘
09:51:42,5.97,0.0,80,47760,卖盘
09:51:48,5.97,0.0,51,30447,卖盘
09:51:51,5.97,0.0,26,15522,卖盘
09:51:54,5.97,0.0,18,10746,卖盘
09:51:57,5.97,0.0,16,9552,卖盘
09:52:00,5.97,0.0,10,5970,卖盘
09:52:06,5.97,0.0,3,1791,卖盘
09:52:12,5.97,0.0,10,5970,卖盘
09:52:21,5.97,0.0,63,37611,卖盘
09:52:24,5.97,0.0,10,5970,卖盘
09:52:30,5.97,0.0,2,1194,卖盘
09:52:33,5.97,0.0,51,30447,卖盘
09:52:36,5.97,0.0,8,4776,卖盘
09:52:39,5.97,0.0,20,11940,卖盘
09:52:42,5.97,0.0,11,6567,卖盘
09:52:48,5.97,0.0,268,159996,卖盘
09:52:57,5.97,0.0,110,65670,卖盘
09:53:15,5.97,0.0,5,2985,卖盘
09:53:21,5.97,0.0,73,43581,卖盘
09:53:30,5.97,0.0,17,10149,卖盘
09:53:33,5.97,0.0,13,7761,卖盘
09:53:36,5.97,0.0,27,16119,卖盘
09:53:42,5.97,0.0,32,19104,卖盘
09:53:45,5.97,0.0,10,5970,卖盘
09:53:48,5.97,0.0,4,2388,卖盘
09:53:51,5.97,0.0,38,22686,卖盘
09:53:54,5.97,0.0,17,10149,卖盘
09:53:57,5.97,0.0,10,5970,卖盘
09:54:03,5.97,0.0,80,47760,卖盘
09:54:09,5.97,0.0,10,5970,卖盘
09:54:15,5.97,0.0,2,1194,卖盘
09:54:21,5.97,0.0,4,2388,卖盘
09:54:24,5.97,0.0,11,6567,卖盘
09:54:27,5.97,0.0,3,1791,卖盘
09:54:30,5.97,0.0,110,65670,卖盘
09:54:33,5.97,0.0,10,5970,卖盘
09:54:39,5.97,0.0,105,62685,卖盘
09:54:45,5.97,0.0,12,7164,卖盘
09:54:51,5.97,0.0,296,176712,卖盘
09:54:54,5.97,0.0,13,7761,卖盘
09:54:57,5.97,0.0,161,96117,卖盘
09:55:00,5.97,0.0,30,17910,卖盘
09:55:03,5.97,0.0,1,597,卖盘
09:55:09,5.97,0.0,146,87162,卖盘
09:55:12,5.97,0.0,6,3582,卖盘
09:55:15,5.97,0.0,2,1194,卖盘
09:55:27,5.97,0.0,3,1791,卖盘
09:55:33,5.97,0.0,40,23880,卖盘
09:55:39,5.97,0.0,8,4776,卖盘
09:55:48,5.97,0.0,100,59700,卖盘
09:55:51,5.97,0.0,15,8955,卖盘
09:56:00,5.97,0.0,6,3582,卖盘
09:56:03,5.97,0.0,126,75222,卖盘
09:56:06,5.97,0.0,17,10149,卖盘
09:56:09,5.97,0.0,1,597,卖盘
09:56:15,5.97,0.0,40,23880,卖盘
09:56:18,5.97,0.0,60,35820,卖盘
09:56:30,5.97,0.0,40,23880,卖盘
09:56:36,5.97,0.0,2,1194,卖盘
09:56:42,5.97,0.0,17,10149,卖盘
09:56:48,5.97,0.0,20,11940,卖盘
09:56:54,5.97,0.0,20,11940,卖盘
09:56:57,5.97,0.0,2,1194,卖盘
09:57:06,5.97,0.0,12,7164,卖盘
09:57:27,5.97,0.0,5,2985,卖盘
09:57:30,5.97,0.0,7,4179,卖盘
09:57:33,5.97,0.0,1,597,卖盘
09:57:39,5.97,0.0,100,59700,卖盘
09:57:48,5.97,0.0,1,597,卖盘
09:57:51,5.97,0.0,34,20298,卖盘
09:57:54,5.97,0.0,48,28656,卖盘
09:58:09,5.97,0.0,3,1791,卖盘
09:58:12,5.97,0.0,28,16716,卖盘
09:58:15,5.97,0.0,60,35820,卖盘
09:58:18,5.97,0.0,5,2985,卖盘
09:58:30,5.97,0.0,35,20895,卖盘
09:58:45,5.97,0.0,5,2985,卖盘
09:58:48,5.97,0.0,100,59700,卖盘
09:58:51,5.97,0.0,4,2388,卖盘
09:58:57,5.97,0.0,3,1791,卖盘
09:59:03,5.97,0.0,9,5373,卖盘
09:59:09,5.97,0.0,3,1791,卖盘
09:59:12,5.97,0.0,16,9552,卖盘
09:59:15,5.97,0.0,80,47760,卖盘
09:59:21,5.97,0.0,101,60297,卖盘
09:59:24,5.97,0.0,12,7164,卖盘
09:59:27,5.97,0.0,7,4179,卖盘
09:59:30,5.97,0.0,1,597,卖盘
09:59:33,5.97,0.0,30,17910,卖盘
09:59:36,5.97,0.0,2,1194,卖盘
09:59:39,5.97,0.0,3,1791,卖盘
09:59:45,5.97,0.0,2,1194,卖盘
09:59:51,5.97,0.0,13,7761,卖盘
10:00:00,5.97,0.0,4,2388,卖盘
10:00:03,5.97,0.0,5,2985,卖盘
10:00:06,5.97,0.0,101,60297,卖盘
10:00:09,5.97,0.0,20,11940,卖盘
10:00:12,5.97,0.0,10,5970,卖盘
10:00:18,5.97,0.0,23,13731,卖盘
10:00:21,5.97,0.0,32,19104,卖盘
10:00:24,5.97,0.0,10,5970,卖盘
10:00:30,5.97,0.0,1,597,卖盘
10:00:33,5.97,0.0,20,11940,卖盘
10:00:39,5.97,0.0,22,13134,卖盘
10:00:42,5.97,0.0,240,143280,卖盘
10:00:51,5.97,0.0,3,1791,卖盘
10:00:54,5.97,0.0,126,75222,卖盘
10:00:57,5.97,0.0,61,36417,卖盘
10:01:09,5.97,0.0,10,5970,卖盘
10:01:21,5.97,0.0,1,597,卖盘
10:01:24,5.97,0.0,22,13134,卖盘
10:01:27,5.97,0.0,130,77610,卖盘
10:01:30,5.97,0.0,5,2985,卖盘
10:01:33,5.97,0.0,21,12537,卖盘
10:01:42,5.97,0.0,7,4179,卖盘
10:01:51,5.97,0.0,10,5970,卖盘
10:02:01,5.97,0.0,35,20895,卖盘
10:02:03,5.97,0.0,6,3582,卖盘
10:02:06,5.97,0.0,66,39402,卖盘
10:02:12,5.97,0.0,40,23880,卖盘
10:02:15,5.97,0.0,20,11940,卖盘
10:02:24,5.97,0.0,40,23880,卖盘
10:02:27,5.97,0.0,4,2388,卖盘
10:02:30,5.97,0.0,31,18507,卖盘
10:02:33,5.97,0.0,2,1194,卖盘
10:02:36,5.97,0.0,73,43581,卖盘
10:02:39,5.97,0.0,33,19701,卖盘
10:02:42,5.97,0.0,20,11940,卖盘
10:02:45,5.97,0.0,10,5970,卖盘
10:02:48,5.97,0.0,64,38208,卖盘
10:02:51,5.97,0.0,50,29850,卖盘
10:02:54,5.97,0.0,210,125370,卖盘
10:02:57,5.97,0.0,21,12537,卖盘
10:03:09,5.97,0.0,44,26268,卖盘
10:03:12,5.97,0.0,74,44178,卖盘
10:03:15,5.97,0.0,10,5970,卖盘
10:03:18,5.97,0.0,20,11940,卖盘
10:03:21,5.97,0.0,70,41790,卖盘
10:03:24,5.97,0.0,70,41790,卖盘
10:03:33,5.97,0.0,52,31044,卖盘
10:03:36,5.97,0.0,2,1194,卖盘
10:03:39,5.97,0.0,1,597,卖盘
10:03:42,5.97,0.0,2,1194,卖盘
10:03:54,5.97,0.0,2,1194,卖盘
10:04:00,5.97,0.0,27,16119,卖盘
10:04:04,5.97,0.0,30,17910,卖盘
10:04:09,5.97,0.0,305,182085,卖盘
10:04:12,5.97,0.0,14,8358,卖盘
10:04:15,5.97,0.0,10,5970,卖盘
10:04:24,5.97,0.0,10,5970,卖盘
10:04:27,5.97,0.0,4,2388,卖盘
10:04:33,5.97,0.0,20,11940,卖盘
10:04:36,5.97,0.0,10,5970,卖盘
10:04:39,5.97,0.0,13,7761,卖盘
10:04:45,5.97,0.0,12,7164,卖盘
10:04:48,5.97,0.0,5,2985,卖盘
10:04:51,5.97,0.0,6,3582,卖盘
10:05:09,5.97,0.0,300,179100,卖盘
10:05:27,5.97,0.0,2,1194,卖盘
10:05:36,5.97,0.0,1,597,卖盘
10:05:43,5.97,0.0,181,108057,卖盘
10:05:51,5.97,0.0,3,1791,卖盘
10:05:54,5.97,0.0,125,74625,卖盘
10:05:57,5.97,0.0,58,34626,卖盘
10:06:27,5.97,0.0,4,2388,卖盘
10:06:33,5.97,0.0,45,26865,卖盘
10:06:39,5.97,0.0,1,597,卖盘
10:06:45,5.97,0.0,100,59700,卖盘
10:06:54,5.97,0.0,4,2388,卖盘
10:06:57,5.97,0.0,1,597,卖盘
10:07:18,5.97,0.0,1,597,卖盘
10:07:27,5.97,0.0,20,11940,卖盘
10:07:30,5.97,0.0,30,17910,卖盘
10:07:33,5.97,0.0,1,597,卖盘
10:07:36,5.97,0.0,185,110445,卖盘
10:07:42,5.97,0.0,1617,965349,卖盘
10:07:54,5.97,0.0,1,597,卖盘
10:08:24,5.97,0.0,98,58506,卖盘
10:08:27,5.97,0.0,10,5970,卖盘
10:08:30,5.97,0.0,110,65670,卖盘
10:08:39,5.97,0.0,15,8955,卖盘
10:08:42,5.97,0.0,10,5970,卖盘
10:08:45,5.97,0.0,6,3582,卖盘
10:08:51,5.97,0.0,100,59700,卖盘
10:09:00,5.97,0.0,10,5970,卖盘
10:09:06,5.97,0.0,20,11940,卖盘
10:09:21,5.97,0.0,20,11940,卖盘
10:09:33,5.97,0.0,47,28059,卖盘
10:09:39,5.97,0.0,7,4179,卖盘
10:10:33,5.97,0.0,15,8955,卖盘
10:10:42,5.97,0.0,200,119400,卖盘
10:10:51,5.97,0.0,11,6567,卖盘
10:10:57,5.97,0.0,36,21492,卖盘
10:11:09,5.97,0.0,8,4776,卖盘
10:11:39,5.97,0.0,1,597,卖盘
10:11:42,5.97,0.0,91,54327,卖盘
10:11:45,5.97,0.0,1,597,卖盘
10:11:54,5.97,0.0,50,29850,卖盘
10:12:06,5.97,0.0,10,5970,卖盘
10:12:09,5.97,0.0,31,18507,卖盘
10:12:18,5.97,0.0,2,1194,卖盘
10:12:21,5.97,0.0,10,5970,卖盘
10:12:36,5.97,0.0,7,4179,卖盘
10:12:42,5.97,0.0,20,11940,卖盘
10:12:57,5.97,0.0,1,597,卖盘
10:13:00,5.97,0.0,2,1194,卖盘
10:13:09,5.97,0.0,1,597,卖盘
10:13:15,5.97,0.0,96,57312,卖盘
10:13:18,5.97,0.0,10,5970,卖盘
10:13:24,5.97,0.0,4,2388,卖盘
10:13:33,5.97,0.0,10,5970,卖盘
10:13:49,5.97,0.0,5,2985,卖盘
10:13:57,5.97,0.0,19,11343,卖盘
10:14:03,5.97,0.0,1,597,卖盘
10:14:27,5.97,0.0,188,112236,卖盘
10:14:39,5.97,0.0,5,2985,卖盘
10:14:42,5.97,0.0,9,5373,卖盘
10:14:51,5.97,0.0,30,17910,卖盘
10:14:54,5.97,0.0,1140,680580,卖盘
10:14:57,5.97,0.0,8,4776,卖盘
10:15:03,5.97,0.0,25,14925,卖盘
10:15:06,5.97,0.0,20,11940,卖盘
10:15:09,5.97,0.0,4,2388,卖盘
10:15:12,5.97,0.0,100,59700,卖盘
10:15:30,5.97,0.0,10,5970,卖盘
10:15:54,5.97,0.0,67,39999,卖盘
10:15:57,5.97,0.0,65,38805,卖盘
10:16:09,5.97,0.0,50,29850,卖盘
10:16:18,5.97,0.0,100,59700,卖盘
10:16:30,5.97,0.0,22,13134,卖盘
10:16:33,5.97,0.0,120,71640,卖盘
10:16:36,5.97,0.0,20,11940,卖盘
10:16:48,5.97,0.0,10,5970,卖盘
10:17:00,5.97,0.0,49,29253,卖盘
10:17:09,5.97,0.0,70,41790,卖盘
10:17:24,5.97,0.0,6,3582,卖盘
10:17:27,5.97,0.0,35,20895,卖盘
10:17:42,5.97,0.0,13,7761,卖盘
10:17:51,5.97,0.0,10,5970,卖盘
10:18:00,5.97,0.0,18,10746,卖盘
10:18:21,5.97,0.0,4042,2413074,卖盘
10:18:45,5.97,0.0,15,8955,卖盘
10:18:48,5.97,0.0,1,597,卖盘
10:18:54,5.97,0.0,79,47163,卖盘
10:18:57,5.97,0.0,150,89550,卖盘
10:19:03,5.97,0.0,42,25074,卖盘
10:19:06,5.97,0.0,5,2985,卖盘
10:19:09,5.97,0.0,7,4179,卖盘
10:19:12,5.97,0.0,10,5970,卖盘
10:19:15,5.97,0.0,30,17910,卖盘
10:19:24,5.97,0.0,10,5970,卖盘
10:19:27,5.97,0.0,50,29850,卖盘
10:19:45,5.97,0.0,300,179100,卖盘
10:19:48,5.97,0.0,26,15522,卖盘
10:19:54,5.97,0.0,97,57909,卖盘
10:19:57,5.97,0.0,2,1194,卖盘
10:20:06,5.97,0.0,3,1791,卖盘
10:20:12,5.97,0.0,5,2985,卖盘
10:20:21,5.97,0.0,103,61491,卖盘
10:20:24,5.97,0.0,1,597,卖盘
10:20:36,5.97,0.0,100,59700,卖盘
10:20:42,5.97,0.0,30,17910,卖盘
10:20:45,5.97,0.0,25,14925,卖盘
10:20:48,5.97,0.0,76,45372,卖盘
10:20:54,5.97,0.0,10,5970,卖盘
10:20:57,5.97,0.0,27,16119,卖盘
10:21:03,5.97,0.0,1,597,卖盘
10:21:06,5.97,0.0,10,5970,卖盘
10:21:12,5.97,0.0,26,15522,卖盘
10:21:30,5.97,0.0,30,17910,卖盘
10:21:33,5.97,0.0,2,1194,卖盘
10:21:36,5.97,0.0,100,59700,卖盘
10:21:42,5.97,0.0,25,14925,卖盘
10:21:45,5.97,0.0,30,17910,卖盘
10:21:54,5.97,0.0,3,1791,卖盘
10:22:00,5.97,0.0,9,5373,卖盘
10:22:03,5.97,0.0,6,3582,卖盘
10:22:06,5.97,0.0,10,5970,卖盘
10:22:09,5.97,0.0,101,60297,卖盘
10:22:15,5.97,0.0,10,5970,卖盘
10:22:18,5.97,0.0,30,17910,卖盘
10:22:24,5.97,0.0,47,28059,卖盘
10:22:27,5.97,0.0,10,5970,卖盘
10:22:30,5.97,0.0,7,4179,卖盘
10:22:36,5.97,0.0,2,1194,卖盘
10:22:39,5.97,0.0,36,21492,卖盘
10:22:42,5.97,0.0,25,14925,卖盘
10:22:51,5.97,0.0,13,7761,卖盘
10:23:00,5.97,0.0,20,11940,卖盘
10:23:03,5.97,0.0,1,597,卖盘
10:23:12,5.97,0.0,1,597,卖盘
10:23:18,5.97,0.0,50,29850,卖盘
10:23:21,5.97,0.0,18,10746,卖盘
10:23:24,5.97,0.0,60,35820,卖盘
10:23:27,5.97,0.0,15,8955,卖盘
10:23:33,5.97,0.0,42,25074,卖盘
10:23:42,5.97,0.0,3,1791,卖盘
10:23:48,5.97,0.0,2,1194,卖盘
10:23:54,5.97,0.0,73,43581,卖盘
10:24:00,5.97,0.0,712,425064,卖盘
10:24:03,5.97,0.0,64,38208,卖盘
10:24:06,5.97,0.0,1,597,卖盘
10:24:15,5.97,0.0,5,2985,卖盘
10:24:24,5.97,0.0,80,47760,卖盘
10:24:39,5.97,0.0,5,2985,卖盘
10:25:12,5.97,0.0,8,4776,卖盘
10:25:15,5.97,0.0,10,5970,卖盘
10:25:21,5.97,0.0,50,29850,卖盘
10:25:27,5.97,0.0,440,262680,卖盘
10:25:30,5.97,0.0,4,2388,卖盘
10:25:33,5.97,0.0,51,30447,卖盘
10:25:39,5.97,0.0,70,41790,卖盘
10:26:00,5.97,0.0,20,11940,卖盘
10:26:03,5.97,0.0,10,5970,卖盘
10:26:15,5.97,0.0,1,597,卖盘
10:26:24,5.97,0.0,50,29850,卖盘
10:26:33,5.97,0.0,70,41790,卖盘
10:26:36,5.97,0.0,4,2388,卖盘
10:26:39,5.97,0.0,3,1791,卖盘
10:26:45,5.97,0.0,10,5970,卖盘
10:27:12,5.97,0.0,4,2388,卖盘
10:27:15,5.97,0.0,3905,2331285,卖盘
10:27:18,5.97,0.0,23,13731,卖盘
10:27:21,5.97,0.0,5,2985,卖盘
10:27:24,5.97,0.0,2500,1492500,卖盘
10:27:27,5.97,0.0,60,35820,卖盘
10:27:30,5.97,0.0,2,1194,卖盘
10:27:33,5.97,0.0,204,121788,卖盘
10:27:36,5.97,0.0,38,22686,卖盘
10:27:39,5.97,0.0,714,426258,卖盘
10:27:42,5.97,0.0,10,5970,卖盘
10:27:48,5.97,0.0,29,17313,卖盘
10:28:00,5.97,0.0,34,20298,卖盘
10:28:09,5.97,0.0,12,7164,卖盘
10:28:12,5.97,0.0,54,32238,卖盘
10:28:15,5.97,0.0,74,44178,卖盘
10:28:18,5.97,0.0,11,6567,卖盘
10:28:21,5.97,0.0,234,139698,卖盘
10:28:27,5.97,0.0,336,200592,卖盘
10:28:30,5.97,0.0,49,29253,卖盘
10:28:39,5.97,0.0,12,7164,卖盘
10:28:42,5.97,0.0,20,11940,卖盘
10:28:48,5.97,0.0,62,37014,卖盘
10:28:51,5.97,0.0,10,5970,卖盘
10:28:54,5.97,0.0,9,5373,卖盘
10:28:57,5.97,0.0,20,11940,卖盘
10:29:03,5.97,0.0,11,6567,卖盘
10:29:06,5.97,0.0,80,47760,卖盘
10:29:33,5.97,0.0,54,32238,卖盘
10:29:36,5.97,0.0,21,12537,卖盘
10:29:42,5.97,0.0,7,4179,卖盘
10:29:45,5.97,0.0,80,47760,卖盘
10:29:48,5.97,0.0,106,63282,卖盘
10:29:51,5.97,0.0,216,128952,卖盘
10:29:57,5.97,0.0,25,14925,卖盘
10:30:15,5.97,0.0,10,5970,卖盘
10:30:18,5.97,0.0,5,2985,卖盘
10:30:21,5.97,0.0,112,66864,卖盘
10:30:45,5.97,0.0,30,17910,卖盘
10:30:51,5.97,0.0,10,5970,卖盘
10:30:54,5.97,0.0,64,38208,卖盘
10:30:57,5.97,0.0,1,597,卖盘
10:31:00,5.97,0.0,1,597,卖盘
10:31:09,5.97,0.0,11,6567,卖盘
10:31:21,5.97,0.0,16,9552,卖盘
10:31:24,5.97,0.0,6,3582,卖盘
10:31:27,5.97,0.0,100,59700,卖盘
10:31:30,5.97,0.0,35,20895,卖盘
10:31:39,5.97,0.0,1,597,卖盘
10:31:45,5.97,0.0,5,2985,卖盘
10:31:48,5.97,0.0,5,2985,卖盘
10:31:51,5.97,0.0,15,8955,卖盘
10:31:54,5.97,0.0,2910,1737270,卖盘
10:32:09,5.97,0.0,310,185070,卖盘
10:32:12,5.97,0.0,111,66267,卖盘
10:32:15,5.97,0.0,68,40596,卖盘
10:32:18,5.97,0.0,2,1194,卖盘
10:32:21,5.97,0.0,500,298500,卖盘
10:32:24,5.97,0.0,216,128952,卖盘
10:32:27,5.97,0.0,90,53730,卖盘
10:32:30,5.97,0.0,59,35223,卖盘
10:32:39,5.97,0.0,241,143877,卖盘
10:32:48,5.97,0.0,30,17910,卖盘
10:32:51,5.97,0.0,6,3582,卖盘
10:32:54,5.97,0.0,28,16716,卖盘
10:32:57,5.97,0.0,41,24477,卖盘
10:33:00,5.97,0.0,100,59700,卖盘
10:33:09,5.97,0.0,338,201786,卖盘
10:33:12,5.97,0.0,30,17910,卖盘
10:33:15,5.97,0.0,1,597,卖盘
10:33:18,5.97,0.0,144,85968,卖盘
10:33:21,5.97,0.0,23,13731,卖盘
10:33:24,5.97,0.0,4,2388,卖盘
10:33:27,5.97,0.0,130,77610,卖盘
10:33:30,5.97,0.0,1,597,卖盘
10:33:33,5.97,0.0,54,32238,卖盘
10:33:36,5.97,0.0,300,179100,卖盘
10:33:39,5.97,0.0,4,2388,卖盘
10:33:45,5.97,0.0,49,29253,卖盘
10:33:51,5.97,0.0,27,16119,卖盘
10:33:54,5.97,0.0,41,24477,卖盘
10:33:57,5.97,0.0,88,52536,卖盘
10:34:03,5.97,0.0,460,274620,卖盘
10:34:06,5.97,0.0,10,5970,卖盘
10:34:12,5.97,0.0,4,2388,卖盘
10:34:15,5.97,0.0,10,5970,卖盘
10:34:21,5.97,0.0,80,47760,卖盘
10:34:24,5.97,0.0,74,44178,卖盘
10:34:27,5.97,0.0,10,5970,卖盘
10:34:36,5.97,0.0,550,328350,卖盘
10:34:57,5.97,0.0,2501,1493097,卖盘
10:35:00,5.97,0.0,24,14328,卖盘
10:35:03,5.97,0.0,16,9552,卖盘
10:35:07,5.97,0.0,76,45372,卖盘
10:35:09,5.97,0.0,24,14328,卖盘
10:35:12,5.97,0.0,52,31044,卖盘
10:35:15,5.97,0.0,122,72834,卖盘
10:35:18,5.97,0.0,5,2985,卖盘
10:35:21,5.97,0.0,17,10149,卖盘
10:35:24,5.97,0.0,100,59700,卖盘
10:35:30,5.97,0.0,26,15522,卖盘
10:35:33,5.97,0.0,10,5970,卖盘
10:35:39,5.97,0.0,8,4776,卖盘
10:35:42,5.97,0.0,2,1194,卖盘
10:35:45,5.97,0.0,1,597,卖盘
10:35:51,5.97,0.0,10,5970,卖盘
10:36:00,5.97,0.0,100,59700,卖盘
10:36:03,5.97,0.0,5,2985,卖盘
10:36:09,5.97,0.0,10,5970,卖盘
10:36:21,5.97,0.0,10,5970,卖盘
10:36:24,5.97,0.0,2,1194,卖盘
10:36:33,5.97,0.0,4,2388,卖盘
10:36:48,5.97,0.0,5,2985,卖盘
10:36:57,5.97,0.0,2,1194,卖盘
10:37:00,5.97,0.0,91,54327,卖盘
10:37:06,5.97,0.0,59,35223,卖盘
10:37:15,5.97,0.0,30,17910,卖盘
10:37:21,5.97,0.0,1,597,卖盘
10:37:24,5.97,0.0,83,49551,卖盘
10:37:30,5.97,0.0,10,5970,卖盘
10:37:39,5.97,0.0,24,14328,卖盘
10:37:45,5.97,0.0,6,3582,卖盘
10:38:00,5.97,0.0,10,5970,卖盘
10:38:03,5.97,0.0,150,89550,卖盘
10:38:06,5.97,0.0,3,1791,卖盘
10:38:12,5.97,0.0,15,8955,卖盘
10:38:15,5.97,0.0,1,597,卖盘
10:38:21,5.97,0.0,21,12537,卖盘
10:38:24,5.97,0.0,13,7761,卖盘
10:38:27,5.97,0.0,46,27462,卖盘
10:38:30,5.97,0.0,10,6047,卖盘
10:38:36,5.97,0.0,215,128355,卖盘
10:38:45,5.97,0.0,66,39402,卖盘
10:38:48,5.97,0.0,26,15522,卖盘
10:38:54,5.97,0.0,100,59700,卖盘
10:39:03,5.97,0.0,6,3582,卖盘
10:39:15,5.97,0.0,10,5970,卖盘
10:39:21,5.97,0.0,20,11940,卖盘
10:39:24,5.97,0.0,5,2985,卖盘
10:39:48,5.97,0.0,30,17910,卖盘
10:40:06,5.97,0.0,60,35820,卖盘
10:40:12,5.97,0.0,5,2985,卖盘
10:40:21,5.97,0.0,29,17313,卖盘
10:40:30,5.97,0.0,20,11940,卖盘
10:40:33,5.97,0.0,1,597,卖盘
10:40:36,5.97,0.0,23,13731,卖盘
10:40:45,5.97,0.0,18,10746,卖盘
10:40:48,5.97,0.0,5,2985,卖盘
10:40:54,5.97,0.0,1,597,卖盘
10:40:57,5.97,0.0,50,29850,卖盘
10:41:03,5.97,0.0,25,14925,卖盘
10:41:06,5.97,0.0,60,35820,卖盘
10:41:12,5.97,0.0,16,9552,卖盘
10:41:27,5.97,0.0,46,27462,卖盘
10:41:36,5.97,0.0,1,597,卖盘
10:41:39,5.97,0.0,11,6567,卖盘
10:42:09,5.97,0.0,100,59700,卖盘
10:42:24,5.97,0.0,3,1791,卖盘
10:42:27,5.97,0.0,9,5373,卖盘
10:42:48,5.97,0.0,1,597,卖盘
10:42:51,5.97,0.0,17,10149,卖盘
10:42:54,5.97,0.0,899,536703,卖盘
10:43:00,5.97,0.0,2,1194,卖盘
10:43:03,5.97,0.0,71,42387,卖盘
10:43:09,5.97,0.0,3,1791,卖盘
10:43:36,5.97,0.0,20,11940,卖盘
10:43:42,5.97,0.0,22,13134,卖盘
10:43:45,5.97,0.0,1,597,卖盘
10:44:06,5.97,0.0,53,31641,卖盘
10:44:15,5.97,0.0,18,10746,卖盘
10:44:18,5.97,0.0,5,2985,卖盘
10:44:21,5.97,0.0,5,2985,卖盘
10:44:24,5.97,0.0,15,8955,卖盘
10:44:27,5.97,0.0,20,11940,卖盘
10:44:33,5.97,0.0,7,4179,卖盘
10:44:45,5.97,0.0,2,1194,卖盘
10:45:00,5.97,0.0,5,2985,卖盘
10:45:30,5.97,0.0,33,19701,卖盘
10:45:48,5.97,0.0,54,32238,卖盘
10:45:54,5.97,0.0,1,597,卖盘
10:46:15,5.97,0.0,20,11940,卖盘
10:46:21,5.97,0.0,10,5970,卖盘
10:46:27,5.97,0.0,8,4776,卖盘
10:46:30,5.97,0.0,90,53730,卖盘
10:46:36,5.97,0.0,1,597,卖盘
10:46:48,5.97,0.0,3,1791,卖盘
10:46:51,5.97,0.0,5,2985,卖盘
10:46:57,5.97,0.0,6,3582,卖盘
10:47:09,5.97,0.0,20,11940,卖盘
10:47:51,5.97,0.0,30,17910,卖盘
10:47:54,5.97,0.0,2,1194,卖盘
10:48:15,5.97,0.0,21,12537,卖盘
10:48:21,5.97,0.0,10,5970,卖盘
10:48:24,5.97,0.0,20,11940,卖盘
10:48:27,5.97,0.0,1,597,卖盘
10:48:45,5.97,0.0,1,597,卖盘
10:49:33,5.97,0.0,63,37611,卖盘
10:50:09,5.97,0.0,1,597,卖盘
10:50:12,5.97,0.0,10,5970,卖盘
10:50:33,5.97,0.0,16,9552,卖盘
10:50:39,5.97,0.0,5,2985,卖盘
10:50:57,5.97,0.0,4,2388,卖盘
10:51:12,5.97,0.0,23,13731,卖盘
10:51:27,5.97,0.0,5,2985,卖盘
10:51:30,5.97,0.0,1,597,卖盘
10:51:48,5.97,0.0,5,2985,卖盘
10:51:57,5.97,0.0,5,2985,卖盘
10:52:39,5.97,0.0,6,3582,卖盘
10:52:57,5.97,0.0,3,1791,卖盘
10:53:06,5.97,0.0,200,119400,卖盘
10:53:27,5.97,0.0,211,125967,卖盘
10:53:36,5.97,0.0,17,10149,卖盘
10:53:39,5.97,0.0,20,11940,卖盘
10:54:09,5.97,0.0,20,11940,卖盘
10:54:36,5.97,0.0,19,11343,卖盘
10:54:51,5.97,0.0,9,5373,卖盘
10:55:15,5.97,0.0,1,597,卖盘
10:55:33,5.97,0.0,45,26865,卖盘
10:55:42,5.97,0.0,200,119400,卖盘
10:56:30,5.97,0.0,20,11940,卖盘
10:56:33,5.97,0.0,2,1194,卖盘
10:56:45,5.97,0.0,151,90147,卖盘
10:57:27,5.97,0.0,13,7761,卖盘
10:57:45,5.97,0.0,1,597,卖盘
10:57:57,5.97,0.0,4,2388,卖盘
10:58:15,5.97,0.0,10,5970,卖盘
10:58:24,5.97,0.0,5,2985,卖盘
10:58:30,5.97,0.0,10,5970,卖盘
10:58:39,5.97,0.0,5,2985,卖盘
10:58:54,5.97,0.0,25,14925,卖盘
10:59:00,5.97,0.0,33,19701,卖盘
10:59:15,5.97,0.0,1,597,卖盘
10:59:21,5.97,0.0,1,597,卖盘
11:00:00,5.97,0.0,10,5970,卖盘
11:00:03,5.97,0.0,121,72237,卖盘
11:00:09,5.97,0.0,13,7761,卖盘
11:00:21,5.97,0.0,16,9552,卖盘
11:00:27,5.97,0.0,5,2985,卖盘
11:00:33,5.97,0.0,2,1194,卖盘
11:00:45,5.97,0.0,1,597,卖盘
11:00:48,5.97,0.0,179,106863,卖盘
11:00:51,5.97,0.0,1,597,卖盘
11:01:18,5.97,0.0,2,1194,卖盘
11:02:33,5.97,0.0,10,5970,卖盘
11:03:21,5.97,0.0,1,597,卖盘
11:03:27,5.97,0.0,31,18507,卖盘
11:03:42,5.97,0.0,1,597,卖盘
11:03:48,5.97,0.0,2,1194,卖盘
11:04:12,5.97,0.0,10,5970,卖盘
11:05:00,5.97,0.0,33,19701,卖盘
11:05:09,5.97,0.0,1,597,卖盘
11:05:12,5.97,0.0,2,1194,卖盘
11:05:15,5.97,0.0,17,10149,卖盘
11:05:30,5.97,0.0,5,2985,卖盘
11:05:39,5.97,0.0,1,597,卖盘
11:05:42,5.97,0.0,4,2388,卖盘
11:06:00,5.97,0.0,5,2985,卖盘
11:06:03,5.97,0.0,2,1194,卖盘
11:06:12,5.97,0.0,18,10746,卖盘
11:06:30,5.97,0.0,18,10746,卖盘
11:07:33,5.97,0.0,18,10746,卖盘
11:07:45,5.97,0.0,1,597,卖盘
11:09:03,5.97,0.0,10,5970,卖盘
11:09:09,5.97,0.0,1,597,卖盘
11:09:39,5.97,0.0,6,3582,卖盘
11:09:45,5.97,0.0,6,3582,卖盘
11:10:15,5.97,0.0,1,597,卖盘
11:10:57,5.97,0.0,20,11940,卖盘
11:11:30,5.97,0.0,300,179100,卖盘
11:12:09,5.97,0.0,3,1791,卖盘
11:12:15,5.97,0.0,30,17910,卖盘
11:12:18,5.97,0.0,2,1194,卖盘
11:12:57,5.97,0.0,1,597,卖盘
11:13:18,5.97,0.0,1,597,卖盘
11:13:24,5.97,0.0,3,1791,卖盘
11:13:36,5.97,0.0,10,5970,卖盘
11:14:12,5.97,0.0,5,2985,卖盘
11:14:54,5.97,0.0,1,597,卖盘
11:15:24,5.97,0.0,24,14328,卖盘
11:15:33,5.97,0.0,40,23880,卖盘
11:15:48,5.97,0.0,38,22686,卖盘
11:16:21,5.97,0.0,100,59700,卖盘
11:16:27,5.97,0.0,22,13134,卖盘
11:16:39,5.97,0.0,3,1791,卖盘
11:17:03,5.97,0.0,1,597,卖盘
11:17:27,5.97,0.0,43,25671,卖盘
11:18:27,5.97,0.0,3,1791,卖盘
11:18:30,5.97,0.0,200,119400,卖盘
11:18:39,5.97,0.0,5,2985,卖盘
11:18:57,5.97,0.0,1,597,卖盘
11:19:51,5.97,0.0,5,2985,卖盘
11:20:03,5.97,0.0,2,1194,卖盘
11:20:06,5.97,0.0,21,12537,卖盘
11:20:09,5.97,0.0,10,5970,卖盘
11:20:18,5.97,0.0,83,49551,卖盘
11:21:27,5.97,0.0,10,5970,卖盘
11:21:57,5.97,0.0,40,23880,卖盘
11:22:03,5.97,0.0,17,10149,卖盘
11:22:09,5.97,0.0,10,5970,卖盘
11:22:30,5.97,0.0,17,10149,卖盘
11:23:27,5.97,0.0,1,597,卖盘
11:24:12,5.97,0.0,4,2388,卖盘
11:25:09,5.97,0.0,2,1194,卖盘
11:25:24,5.97,0.0,4,2388,卖盘
11:25:27,5.97,0.0,58,34626,卖盘
11:26:03,5.97,0.0,5,2985,卖盘
11:26:09,5.97,0.0,1,597,卖盘
11:26:12,5.97,0.0,3,1791,卖盘
11:26:18,5.97,0.0,100,59700,卖盘
11:26:30,5.97,0.0,4,2388,卖盘
11:27:00,5.97,0.0,1,597,卖盘
11:27:30,5.97,0.0,33,19701,卖盘
11:27:36,5.97,0.0,10,5970,卖盘
11:27:57,5.97,0.0,10,5970,卖盘
11:28:03,5.97,0.0,110,65670,卖盘
11:28:36,5.97,0.0,1,597,卖盘
11:29:00,5.97,0.0,10,5970,卖盘
11:29:51,5.97,0.0,3,1791,卖盘
13:00:03,5.97,0.0,99,59103,卖盘
13:00:06,5.97,0.0,91,54327,卖盘
13:00:09,5.97,0.0,941,561777,卖盘
13:00:12,5.97,0.0,1,597,卖盘
13:00:39,5.97,0.0,40,23880,卖盘
13:00:51,5.97,0.0,85,50745,卖盘
13:01:00,5.97,0.0,22,13134,卖盘
13:01:09,5.97,0.0,10,5970,卖盘
13:02:57,5.97,0.0,30,17910,卖盘
13:03:06,5.97,0.0,1,597,卖盘
13:03:21,5.97,0.0,1,597,卖盘
13:03:48,5.97,0.0,5,2985,卖盘
13:04:03,5.97,0.0,1,597,卖盘
13:04:18,5.97,0.0,7,4179,卖盘
13:04:45,5.97,0.0,8,4776,卖盘
13:04:48,5.97,0.0,25,14925,卖盘
13:05:06,5.97,0.0,10,5970,卖盘
13:05:09,5.97,0.0,29,17313,卖盘
13:05:27,5.97,0.0,2,1194,卖盘
13:05:33,5.97,0.0,4,2388,卖盘
13:05:42,5.97,0.0,1,597,卖盘
13:05:54,5.97,0.0,30,17910,卖盘
13:05:57,5.97,0.0,9,5373,卖盘
13:06:18,5.97,0.0,5,2985,卖盘
13:06:30,5.97,0.0,1,597,卖盘
13:06:57,5.97,0.0,5,2985,卖盘
13:07:00,5.97,0.0,57,34029,卖盘
13:07:03,5.97,0.0,2,1194,卖盘
13:07:09,5.97,0.0,3,1791,卖盘
13:07:36,5.97,0.0,2,1194,卖盘
13:07:42,5.97,0.0,4,2388,卖盘
13:08:33,5.97,0.0,5,2985,卖盘
13:08:39,5.97,0.0,2,1194,卖盘
13:08:51,5.97,0.0,46,27462,卖盘
13:08:54,5.97,0.0,17,10149,卖盘
13:08:57,5.97,0.0,1,597,卖盘
13:09:03,5.97,0.0,15,8955,卖盘
13:09:39,5.97,0.0,33,19701,卖盘
13:10:21,5.97,0.0,1,597,卖盘
13:10:27,5.97,0.0,3,1791,卖盘
13:11:39,5.97,0.0,10,5970,卖盘
13:12:00,5.97,0.0,7,4179,卖盘
13:13:45,5.97,0.0,1,597,卖盘
13:13:48,5.97,0.0,2,1194,卖盘
13:14:42,5.97,0.0,10,5970,卖盘
13:15:39,5.97,0.0,2,1194,卖盘
13:16:00,5.97,0.0,20,11940,卖盘
13:16:09,5.97,0.0,40,23880,卖盘
13:16:36,5.97,0.0,15,8955,卖盘
13:16:48,5.97,0.0,2,1194,卖盘
13:16:51,5.97,0.0,125,74625,卖盘
13:17:18,5.97,0.0,68,40596,卖盘
13:17:24,5.97,0.0,97,57909,卖盘
13:17:27,5.97,0.0,4,2388,卖盘
13:18:09,5.97,0.0,14,8358,卖盘
13:18:24,5.97,0.0,1,597,卖盘
13:18:39,5.97,0.0,30,17910,卖盘
13:18:42,5.97,0.0,50,29850,卖盘
13:19:24,5.97,0.0,10,5970,卖盘
13:19:30,5.97,0.0,1,597,卖盘
13:19:57,5.97,0.0,4,2388,卖盘
13:20:39,5.97,0.0,6,3582,卖盘
13:20:45,5.97,0.0,30,17910,卖盘
13:20:57,5.97,0.0,2,1194,卖盘
13:21:48,5.97,0.0,27,16119,卖盘
13:21:51,5.97,0.0,7,4179,卖盘
13:22:39,5.97,0.0,1,597,卖盘
13:22:57,5.97,0.0,25,14925,卖盘
13:23:00,5.97,0.0,10,5970,卖盘
13:23:36,5.97,0.0,33,19701,卖盘
13:24:03,5.97,0.0,1,597,卖盘
13:25:15,5.97,0.0,8,4776,卖盘
13:25:30,5.97,0.0,1,597,卖盘
13:26:21,5.97,0.0,50,29850,卖盘
13:26:51,5.97,0.0,10,5970,卖盘
13:26:54,5.97,0.0,34,20298,卖盘
13:27:27,5.97,0.0,9,5373,卖盘
13:27:33,5.97,0.0,10,5970,卖盘
13:28:12,5.97,0.0,2,1194,卖盘
13:28:33,5.97,0.0,4,2388,卖盘
13:28:54,5.97,0.0,2,1194,卖盘
13:29:03,5.97,0.0,10,5970,卖盘
13:29:21,5.97,0.0,5,2985,卖盘
13:29:24,5.97,0.0,5,2985,卖盘
13:29:42,5.97,0.0,36,21492,卖盘
13:29:48,5.97,0.0,1,597,卖盘
13:29:54,5.97,0.0,5,2985,卖盘
13:30:00,5.97,0.0,1,597,卖盘
13:30:03,5.97,0.0,1,597,卖盘
13:30:09,5.97,0.0,5,2985,卖盘
13:30:18,5.97,0.0,74,44178,卖盘
13:30:30,5.97,0.0,22,13134,卖盘
13:30:33,5.97,0.0,8,4776,卖盘
13:30:36,5.97,0.0,3,1791,卖盘
13:30:48,5.97,0.0,1,597,卖盘
13:30:54,5.97,0.0,18,10746,卖盘
13:31:03,5.97,0.0,5,2985,卖盘
13:31:06,5.97,0.0,9,5373,卖盘
13:31:15,5.97,0.0,5,2985,卖盘
13:31:21,5.97,0.0,2,1194,卖盘
13:31:24,5.97,0.0,10,5970,卖盘
13:31:27,5.97,0.0,5,2985,卖盘
13:31:30,5.97,0.0,1,597,卖盘
13:32:03,5.97,0.0,9,5373,卖盘
13:32:15,5.97,0.0,3,1791,卖盘
13:32:27,5.97,0.0,1,597,卖盘
13:32:51,5.97,0.0,10,5970,卖盘
13:33:00,5.97,0.0,3,1791,卖盘
13:33:03,5.97,0.0,1,597,卖盘
13:33:06,5.97,0.0,1,597,卖盘
13:33:09,5.97,0.0,2,1194,卖盘
13:33:15,5.97,0.0,6,3582,卖盘
13:33:18,5.97,0.0,2,1194,卖盘
13:33:24,5.97,0.0,8,4776,卖盘
13:33:36,5.97,0.0,2,1194,卖盘
13:33:48,5.97,0.0,1,597,卖盘
13:34:09,5.97,0.0,20,11940,卖盘
13:34:12,5.97,0.0,6,3582,卖盘
13:34:15,5.97,0.0,136,81192,卖盘
13:34:18,5.97,0.0,27,16119,卖盘
13:34:33,5.97,0.0,16,9552,卖盘
13:35:06,5.97,0.0,20,11940,卖盘
13:36:18,5.97,0.0,12,7164,卖盘
13:36:27,5.97,0.0,1,597,卖盘
13:36:30,5.97,0.0,50,29850,卖盘
13:36:54,5.97,0.0,5,2985,卖盘
13:37:00,5.97,0.0,1,597,卖盘
13:37:24,5.97,0.0,2,1194,卖盘
13:37:30,5.97,0.0,38,22686,卖盘
13:38:51,5.97,0.0,30,17910,卖盘
13:39:21,5.97,0.0,1,597,卖盘
13:39:27,5.97,0.0,100,59700,卖盘
13:40:03,5.97,0.0,1,597,卖盘
13:40:06,5.97,0.0,7,4179,卖盘
13:41:15,5.97,0.0,46,27462,卖盘
13:42:12,5.97,0.0,10,5970,卖盘
13:42:33,5.97,0.0,5,2985,卖盘
13:43:06,5.97,0.0,100,59700,卖盘
13:43:30,5.97,0.0,1,597,卖盘
13:43:39,5.97,0.0,100,59700,卖盘
13:43:51,5.97,0.0,30,17910,卖盘
13:44:00,5.97,0.0,4,2388,卖盘
13:44:18,5.97,0.0,1,597,卖盘
13:44:30,5.97,0.0,20,11940,卖盘
13:44:48,5.97,0.0,5,2985,卖盘
13:44:57,5.97,0.0,194,115818,卖盘
13:45:06,5.97,0.0,5,2985,卖盘
13:45:45,5.97,0.0,3,1791,卖盘
13:45:48,5.97,0.0,17,10149,卖盘
13:45:51,5.97,0.0,9,5373,卖盘
13:46:06,5.97,0.0,16,9552,卖盘
13:46:18,5.97,0.0,4,2388,卖盘
13:47:03,5.97,0.0,4,2388,卖盘
13:47:06,5.97,0.0,1,597,卖盘
13:47:42,5.97,0.0,54,32238,卖盘
13:48:51,5.97,0.0,50,29850,卖盘
13:48:57,5.97,0.0,5,2985,卖盘
13:49:18,5.97,0.0,100,59700,卖盘
13:49:33,5.97,0.0,94,56118,卖盘
13:50:21,5.97,0.0,2248,1342056,卖盘
13:50:27,5.97,0.0,600,358200,卖盘
13:50:33,5.97,0.0,774,462078,卖盘
13:50:39,5.97,0.0,339,202383,卖盘
13:50:42,5.97,0.0,50,29850,卖盘
13:50:45,5.97,0.0,1780,1062660,卖盘
13:50:51,5.97,0.0,91,54327,卖盘
13:51:03,5.97,0.0,990,591030,卖盘
13:51:12,5.97,0.0,818,488346,卖盘
13:51:24,5.97,0.0,7,4179,卖盘
13:51:27,5.97,0.0,2934,1751598,卖盘
13:51:36,5.97,0.0,1008,601776,卖盘
13:51:39,5.97,0.0,736,439392,卖盘
13:51:42,5.97,0.0,450,268650,卖盘
13:51:45,5.97,0.0,43,25671,卖盘
13:51:48,5.97,0.0,139,82983,卖盘
13:51:51,5.97,0.0,86,51342,卖盘
13:51:54,5.97,0.0,19,11343,卖盘
13:52:00,5.97,0.0,228,136116,卖盘
13:52:03,5.97,0.0,30,17910,卖盘
13:52:06,5.97,0.0,92,54924,卖盘
13:52:09,5.97,0.0,50,29850,卖盘
13:52:18,5.97,0.0,15,8955,卖盘
13:52:21,5.97,0.0,705,420885,卖盘
13:52:24,5.97,0.0,25,14925,卖盘
13:52:27,5.97,0.0,4,2388,卖盘
13:52:30,5.97,0.0,5,2985,卖盘
13:52:48,5.97,0.0,30,17910,卖盘
13:52:51,5.97,0.0,15,8955,卖盘
13:52:57,5.97,0.0,219,130743,卖盘
13:53:09,5.97,0.0,27,16119,卖盘
13:53:15,5.97,0.0,101,60297,卖盘
13:53:33,5.97,0.0,17,10149,卖盘
13:53:45,5.97,0.0,16,9552,卖盘
13:53:51,5.97,0.0,10,5970,卖盘
13:53:54,5.97,0.0,1,597,卖盘
13:54:00,5.97,0.0,6,3582,卖盘
13:54:09,5.97,0.0,37,22089,卖盘
13:54:30,5.97,0.0,60,35820,卖盘
13:54:51,5.97,0.0,200,119400,卖盘
13:54:57,5.97,0.0,3,1791,卖盘
13:55:33,5.97,0.0,10,5970,卖盘
13:55:57,5.97,0.0,7,4179,卖盘
13:56:09,5.97,0.0,10,5970,卖盘
13:56:18,5.97,0.0,10,5970,卖盘
13:56:24,5.97,0.0,651,388647,卖盘
13:56:45,5.97,0.0,46,27462,卖盘
13:56:51,5.97,0.0,90,53730,卖盘
13:56:57,5.97,0.0,20,11940,卖盘
13:57:18,5.97,0.0,18,10746,卖盘
13:58:07,5.97,0.0,1,597,卖盘
13:58:12,5.97,0.0,5,2985,卖盘
13:58:18,5.97,0.0,5,2985,卖盘
13:58:39,5.97,0.0,25,14925,卖盘
13:58:54,5.97,0.0,1,597,卖盘
13:59:39,5.97,0.0,77,45969,卖盘
13:59:45,5.97,0.0,5,2985,卖盘
13:59:57,5.97,0.0,10,5970,卖盘
14:00:00,5.97,0.0,13,7761,卖盘
14:00:03,5.97,0.0,88,52536,卖盘
14:00:06,5.97,0.0,20,11940,卖盘
14:00:09,5.97,0.0,4,2388,卖盘
14:00:12,5.97,0.0,5,2985,卖盘
14:00:30,5.97,0.0,16,9552,卖盘
14:00:36,5.97,0.0,55,32835,卖盘
14:00:51,5.97,0.0,15,8955,卖盘
14:01:15,5.97,0.0,10,5970,卖盘
14:01:51,5.97,0.0,10,5970,卖盘
14:02:18,5.97,0.0,4,2388,卖盘
14:02:33,5.97,0.0,1,597,卖盘
14:02:42,5.97,0.0,1,597,卖盘
14:02:57,5.97,0.0,200,119400,卖盘
14:03:00,5.97,0.0,2,1194,卖盘
14:03:12,5.97,0.0,82,48954,卖盘
14:03:27,5.97,0.0,1,597,卖盘
14:04:03,5.97,0.0,32,19104,卖盘
14:04:12,5.97,0.0,11,6567,卖盘
14:04:15,5.97,0.0,33,19701,卖盘
14:04:36,5.97,0.0,365,217905,卖盘
14:04:45,5.97,0.0,3,1791,卖盘
14:05:06,5.97,0.0,40,23880,卖盘
14:05:09,5.97,0.0,1,597,卖盘
14:05:24,5.97,0.0,1,597,卖盘
14:05:42,5.97,0.0,4,2388,卖盘
14:06:27,5.97,0.0,7,4179,卖盘
14:06:39,5.97,0.0,40,23880,卖盘
14:07:33,5.97,0.0,11,6567,卖盘
14:07:42,5.97,0.0,3,1791,卖盘
14:08:18,5.97,0.0,50,29850,卖盘
14:08:27,5.97,0.0,19,11343,卖盘
14:08:30,5.97,0.0,1,597,卖盘
14:09:15,5.97,0.0,10,5970,卖盘
14:10:06,5.97,0.0,3,1791,卖盘
14:10:09,5.97,0.0,40,23880,卖盘
14:10:39,5.97,0.0,3,1791,卖盘
14:11:30,5.97,0.0,20,11940,卖盘
14:12:06,5.97,0.0,10,5970,卖盘
14:12:45,5.97,0.0,1,597,卖盘
14:15:48,5.97,0.0,14,8358,卖盘
14:16:09,5.97,0.0,9,5373,卖盘
14:16:21,5.97,0.0,3,1791,卖盘
14:17:15,5.97,0.0,10,5970,卖盘
14:17:21,5.97,0.0,34,20298,卖盘
14:17:45,5.97,0.0,3,1791,卖盘
14:17:57,5.97,0.0,20,11940,卖盘
14:18:15,5.97,0.0,30,17910,卖盘
14:18:24,5.97,0.0,5,2985,卖盘
14:18:33,5.97,0.0,496,296112,卖盘
14:18:48,5.97,0.0,4,2388,卖盘
14:19:21,5.97,0.0,10,5970,卖盘
14:19:36,5.97,0.0,20,11940,卖盘
14:19:39,5.97,0.0,12,7164,卖盘
14:19:42,5.97,0.0,125,74625,卖盘
14:19:45,5.97,0.0,31,18507,卖盘
14:19:48,5.97,0.0,68,40596,卖盘
14:19:51,5.97,0.0,55,32835,卖盘
14:19:54,5.97,0.0,2,1194,卖盘
14:20:06,5.97,0.0,12,7164,卖盘
14:20:09,5.97,0.0,7,4179,卖盘
14:20:15,5.97,0.0,43,25671,卖盘
14:20:24,5.97,0.0,1,597,卖盘
14:20:45,5.97,0.0,9,5373,卖盘
14:20:48,5.97,0.0,10,5970,卖盘
14:21:03,5.97,0.0,4,2388,卖盘
14:22:33,5.97,0.0,4,2388,卖盘
14:22:54,5.97,0.0,10,5970,卖盘
14:23:15,5.97,0.0,4,2388,卖盘
14:23:33,5.97,0.0,10,5970,卖盘
14:23:51,5.97,0.0,1,597,卖盘
14:24:00,5.97,0.0,3,1791,卖盘
14:24:09,5.97,0.0,1,597,卖盘
14:24:30,5.97,0.0,47,28059,卖盘
14:25:18,5.97,0.0,10,5970,卖盘
14:25:21,5.97,0.0,1,597,卖盘
14:25:24,5.97,0.0,2,1194,卖盘
14:26:03,5.97,0.0,55,32835,卖盘
14:26:12,5.97,0.0,100,59700,卖盘
14:26:39,5.97,0.0,1,597,卖盘
14:26:54,5.97,0.0,14,8358,卖盘
14:28:30,5.97,0.0,10,5970,卖盘
14:29:00,5.97,0.0,1,597,卖盘
14:29:18,5.97,0.0,60,35820,卖盘
14:29:21,5.97,0.0,7,4179,卖盘
14:29:45,5.97,0.0,5,2985,卖盘
14:30:00,5.97,0.0,14,8358,卖盘
14:30:12,5.97,0.0,3,1791,卖盘
14:30:21,5.97,0.0,4,2388,卖盘
14:30:45,5.97,0.0,1,597,卖盘
14:30:51,5.97,0.0,20,11940,卖盘
14:30:57,5.97,0.0,1,597,卖盘
14:31:45,5.97,0.0,10,5970,卖盘
14:32:09,5.97,0.0,1,597,卖盘
14:32:33,5.97,0.0,1,597,卖盘
14:33:06,5.97,0.0,3,1791,卖盘
14:34:09,5.97,0.0,68,40596,卖盘
14:34:21,5.97,0.0,3,1791,卖盘
14:35:36,5.97,0.0,1047,625059,卖盘
14:35:39,5.97,0.0,1,597,卖盘
14:36:00,5.97,0.0,168,100296,卖盘
14:36:09,5.97,0.0,1,597,卖盘
14:36:33,5.97,0.0,47,28059,卖盘
14:38:09,5.97,0.0,50,29850,卖盘
14:39:27,5.97,0.0,5,2985,卖盘
14:39:30,5.97,0.0,10,5970,卖盘
14:39:33,5.97,0.0,8,4776,卖盘
14:39:39,5.97,0.0,20,11940,卖盘
14:40:18,5.97,0.0,30,17910,卖盘
14:40:21,5.97,0.0,23,13731,卖盘
14:40:24,5.97,0.0,10,5970,卖盘
14:40:36,5.97,0.0,19,11343,卖盘
14:41:57,5.97,0.0,15,8955,卖盘
14:42:00,5.97,0.0,1,597,卖盘
14:42:54,5.97,0.0,5,2985,卖盘
14:44:51,5.97,0.0,10,5970,卖盘
14:45:03,5.97,0.0,15,8955,卖盘
14:45:48,5.97,0.0,11,6567,卖盘
14:45:57,5.97,0.0,1,597,卖盘
14:46:24,5.97,0.0,14,8358,卖盘
14:46:33,5.97,0.0,10,5970,卖盘
14:47:12,5.97,0.0,19,11343,卖盘
14:47:30,5.97,0.0,3,1791,卖盘
14:47:39,5.97,0.0,5,2985,卖盘
14:47:42,5.97,0.0,2,1194,卖盘
14:47:45,5.97,0.0,3,1791,卖盘
14:47:48,5.97,0.0,4,2388,卖盘
14:47:51,5.97,0.0,45,26865,卖盘
14:47:54,5.97,0.0,3,1791,卖盘
14:47:57,5.97,0.0,5,2985,卖盘
14:48:12,5.97,0.0,7,4179,卖盘
14:48:15,5.97,0.0,1,597,卖盘
14:48:33,5.97,0.0,5,2985,卖盘
14:50:03,5.97,0.0,20,11940,卖盘
14:50:09,5.97,0.0,20,11940,卖盘
14:50:36,5.97,0.0,17,10316,卖盘
14:50:39,5.97,0.0,4,2388,卖盘
14:50:54,5.97,0.0,20,11940,卖盘
14:52:03,5.97,0.0,5,2985,卖盘
14:52:27,5.97,0.0,3,1791,卖盘
14:52:30,5.97,0.0,1,597,卖盘
14:53:00,5.97,0.0,30,17910,卖盘
14:53:12,5.97,0.0,5,2985,卖盘
14:53:42,5.97,0.0,4,2388,卖盘
14:54:18,5.97,0.0,5,2985,卖盘
14:54:39,5.97,0.0,10,5970,卖盘
14:55:39,5.97,0.0,1,597,卖盘
14:56:00,5.97,0.0,1,597,卖盘
14:56:21,5.97,0.0,50,29850,卖盘
14:56:42,5.97,0.0,1,597,卖盘
15:00:00,5.97,0.0,72,42984,卖盘
