成交时间,成交价格,价格变动,成交量,成交金额,性质
09:25:03,8.37,0.0,18359,15366650,卖盘
09:30:03,8.37,0.0,576,482112,卖盘
09:30:06,8.37,0.0,1535,1284628,卖盘
09:30:09,8.37,0.0,826,691362,卖盘
09:30:12,8.37,0.0,854,714631,卖盘
09:30:15,8.37,0.0,1468,1228716,卖盘
09:30:18,8.37,0.0,655,548569,卖盘
09:30:21,8.37,0.0,602,503874,卖盘
09:30:24,8.37,0.0,542,453654,卖盘
09:30:27,8.37,0.0,800,669600,卖盘
09:30:30,8.37,0.0,349,292113,卖盘
09:30:33,8.37,0.0,59,49383,卖盘
09:30:36,8.37,0.0,93,77841,卖盘
09:30:39,8.37,0.0,161,134757,卖盘
09:30:42,8.37,0.0,169,141621,卖盘
09:30:45,8.37,0.0,323,270351,卖盘
09:30:48,8.37,0.0,240,200880,卖盘
09:30:51,8.37,0.0,21,17577,卖盘
09:30:54,8.37,0.0,85,71145,卖盘
09:30:57,8.37,0.0,30,25110,卖盘
09:31:00,8.37,0.0,30,25110,卖盘
09:31:03,8.37,0.0,78,65286,卖盘
09:31:06,8.37,0.0,78,65453,卖盘
09:31:09,8.37,0.0,277,231849,卖盘
09:31:12,8.37,0.0,80,66960,卖盘
09:31:15,8.37,0.0,193,161541,卖盘
09:31:18,8.37,0.0,221,184977,卖盘
09:31:21,8.37,0.0,93,77841,卖盘
09:31:24,8.37,0.0,5,4185,卖盘
09:31:30,8.37,0.0,7,5859,卖盘
09:31:33,8.37,0.0,152,127224,卖盘
09:31:36,8.37,0.0,150,125550,卖盘
09:31:39,8.37,0.0,70,58423,卖盘
09:31:42,8.37,0.0,77,64449,卖盘
09:31:45,8.37,0.0,20,16740,卖盘
09:31:48,8.37,0.0,101,84537,卖盘
09:31:57,8.37,0.0,14,11718,卖盘
09:32:03,8.37,0.0,6,5022,卖盘
09:32:06,8.37,0.0,6,5022,卖盘
09:32:09,8.37,0.0,58,48546,卖盘
09:32:12,8.37,0.0,53,44361,卖盘
09:32:15,8.37,0.0,11,9207,卖盘
09:32:18,8.37,0.0,32,26784,卖盘
09:32:21,8.37,0.0,24,20088,卖盘
09:32:24,8.37,0.0,12,10044,卖盘
09:32:30,8.37,0.0,1,837,卖盘
09:32:33,8.37,0.0,3,2511,卖盘
09:32:36,8.37,0.0,15,12555,卖盘
09:32:39,8.37,0.0,110,92070,卖盘
09:32:42,8.37,0.0,33,27621,卖盘
09:32:45,8.37,0.0,30,25110,卖盘
09:32:48,8.37,0.0,81,67462,卖盘
09:32:51,8.37,0.0,20,16740,卖盘
09:32:54,8.37,0.0,10,8370,卖盘
09:32:57,8.37,0.0,58,48546,卖盘
09:33:03,8.37,0.0,160,133920,卖盘
09:33:06,8.37,0.0,205,171585,卖盘
09:33:09,8.37,0.0,1,837,卖盘
09:33:12,8.37,0.0,6,5022,卖盘
09:33:15,8.37,0.0,4,3348,卖盘
09:33:18,8.37,0.0,1,837,卖盘
09:33:21,8.37,0.0,58,48546,卖盘
09:33:24,8.37,0.0,153,128061,卖盘
09:33:27,8.37,0.0,246,205902,卖盘
09:33:30,8.37,0.0,72,60264,卖盘
09:33:36,8.37,0.0,26,21762,卖盘
09:33:39,8.37,0.0,55,46035,卖盘
09:33:42,8.37,0.0,4,3348,卖盘
09:33:45,8.37,0.0,10,8370,卖盘
09:33:48,8.37,0.0,3,2511,卖盘
09:33:51,8.37,0.0,12,10044,卖盘
09:33:54,8.37,0.0,15,12555,卖盘
09:33:57,8.37,0.0,13,10881,卖盘
09:34:06,8.37,0.0,62,51894,卖盘
09:34:09,8.37,0.0,50,41850,卖盘
09:34:12,8.37,0.0,10,8370,卖盘
09:34:15,8.37,0.0,69,57753,卖盘
09:34:18,8.37,0.0,38,31806,卖盘
09:34:30,8.37,0.0,39,32643,卖盘
09:34:33,8.37,0.0,115,96255,卖盘
09:34:39,8.37,0.0,14,11718,卖盘
09:34:48,8.37,0.0,5,4185,卖盘
09:34:57,8.37,0.0,10,8370,卖盘
09:35:03,8.37,0.0,5,4185,卖盘
09:35:09,8.37,0.0,128,107136,卖盘
09:35:18,8.37,0.0,29,24273,卖盘
09:35:27,8.37,0.0,33,27621,卖盘
09:35:30,8.37,0.0,10,8370,卖盘
09:35:36,8.37,0.0,20,16740,卖盘
09:35:39,8.37,0.0,12,10044,卖盘
09:35:42,8.37,0.0,3,2511,卖盘
09:35:45,8.37,0.0,3,2511,卖盘
09:35:51,8.37,0.0,70,58590,卖盘
09:35:54,8.37,0.0,6,5022,卖盘
09:35:57,8.37,0.0,19,15903,卖盘
09:36:09,8.37,0.0,62,51894,卖盘
09:36:15,8.37,0.0,5,4185,卖盘
09:36:21,8.37,0.0,40,33480,卖盘
09:36:27,8.37,0.0,13,10881,卖盘
09:36:30,8.37,0.0,50,41850,卖盘
09:36:33,8.37,0.0,20,16740,卖盘
09:36:36,8.37,0.0,58,48546,卖盘
09:36:39,8.37,0.0,6,5022,卖盘
09:36:42,8.37,0.0,30,25110,卖盘
09:36:48,8.37,0.0,1602,1340874,卖盘
09:37:03,8.37,0.0,42,35154,卖盘
09:37:06,8.37,0.0,3,2511,卖盘
09:37:12,8.37,0.0,2,1674,卖盘
09:37:15,8.37,0.0,21,17577,卖盘
09:37:18,8.37,0.0,1,837,卖盘
09:37:24,8.37,0.0,13,10881,卖盘
09:37:27,8.37,0.0,10,8370,卖盘
09:37:30,8.37,0.0,7,5859,卖盘
09:37:33,8.37,0.0,2,1674,卖盘
09:37:39,8.37,0.0,12,10044,卖盘
09:37:45,8.37,0.0,2,1674,卖盘
09:37:54,8.37,0.0,10,8370,卖盘
09:38:03,8.37,0.0,71,59427,卖盘
09:38:06,8.37,0.0,5,4185,卖盘
09:38:12,8.37,0.0,146,122202,卖盘
09:38:15,8.37,0.0,4,3348,卖盘
09:38:18,8.37,0.0,3,2511,卖盘
09:38:45,8.37,0.0,1,837,卖盘
09:39:00,8.37,0.0,10,8370,卖盘
09:39:03,8.37,0.0,1,837,卖盘
09:39:12,8.37,0.0,17,14229,卖盘
09:39:15,8.37,0.0,25,20925,卖盘
09:39:18,8.37,0.0,2,1674,卖盘
09:39:21,8.37,0.0,7,5859,卖盘
09:39:24,8.37,0.0,22,18414,卖盘
09:39:27,8.37,0.0,25,20925,卖盘
09:39:30,8.37,0.0,64,53568,卖盘
09:39:39,8.37,0.0,2,1674,卖盘
09:39:42,8.37,0.0,3,2511,卖盘
09:39:45,8.37,0.0,110,92070,卖盘
09:39:54,8.37,0.0,57,47709,卖盘
09:39:57,8.37,0.0,200,167400,卖盘
09:40:09,8.37,0.0,34,28458,卖盘
09:40:12,8.37,0.0,32,26784,卖盘
09:40:15,8.37,0.0,12,10044,卖盘
09:40:18,8.37,0.0,5,4185,卖盘
09:40:21,8.37,0.0,8,6696,卖盘
09:40:24,8.37,0.0,10,8370,卖盘
09:40:27,8.37,0.0,10,8370,卖盘
09:40:30,8.37,0.0,4,3348,卖盘
09:40:33,8.37,0.0,85,71145,卖盘
09:40:36,8.37,0.0,25,20925,卖盘
09:40:42,8.37,0.0,1,837,卖盘
09:40:45,8.37,0.0,2,1674,卖盘
09:40:48,8.37,0.0,10,8370,卖盘
09:40:51,8.37,0.0,40,33480,卖盘
09:40:57,8.37,0.0,41,33982,卖盘
09:41:00,8.37,0.0,24,20088,卖盘
09:41:03,8.37,0.0,10,8370,卖盘
09:41:09,8.37,0.0,39,32643,卖盘
09:41:12,8.37,0.0,34,28458,卖盘
09:41:24,8.37,0.0,144,120528,卖盘
09:41:27,8.37,0.0,158,132246,卖盘
09:41:39,8.37,0.0,1,837,卖盘
09:41:48,8.37,0.0,16,13392,卖盘
09:41:57,8.37,0.0,35,29295,卖盘
09:42:15,8.37,0.0,117,97929,卖盘
09:42:18,8.37,0.0,100,83700,卖盘
09:42:21,8.37,0.0,18,15066,卖盘
09:42:24,8.37,0.0,3,2511,卖盘
09:42:27,8.37,0.0,5,4185,卖盘
09:42:30,8.37,0.0,3,2511,卖盘
09:42:36,8.37,0.0,18,15066,卖盘
09:42:39,8.37,0.0,25,20925,卖盘
09:42:42,8.37,0.0,11,9207,卖盘
09:42:51,8.37,0.0,10,8370,卖盘
09:42:54,8.37,0.0,1,837,卖盘
09:43:00,8.37,0.0,63,52731,卖盘
09:43:09,8.37,0.0,161,134757,卖盘
09:43:12,8.37,0.0,39,32643,卖盘
09:43:30,8.37,0.0,10,8370,卖盘
09:43:39,8.37,0.0,4,3348,卖盘
09:43:42,8.37,0.0,54,45198,卖盘
09:43:45,8.37,0.0,210,175770,卖盘
09:43:48,8.37,0.0,1,837,卖盘
09:44:06,8.37,0.0,92,77004,卖盘
09:44:18,8.37,0.0,3,2511,卖盘
09:44:27,8.37,0.0,29,24273,卖盘
09:44:30,8.37,0.0,12,10044,卖盘
09:44:36,8.37,0.0,1,837,卖盘
09:44:42,8.37,0.0,1,837,卖盘
09:44:48,8.37,0.0,11,9207,卖盘
09:45:09,8.37,0.0,152,127224,卖盘
09:45:12,8.37,0.0,11,9207,卖盘
09:45:15,8.37,0.0,1,837,卖盘
09:45:18,8.37,0.0,15,12555,卖盘
09:45:24,8.37,0.0,10,8370,卖盘
09:45:30,8.37,0.0,4,3348,卖盘
09:45:33,8.37,0.0,3,2511,卖盘
09:45:36,8.37,0.0,5,4185,卖盘
09:45:51,8.37,0.0,10,8370,卖盘
09:46:03,8.37,0.0,3,2511,卖盘
09:46:06,8.37,0.0,200,167400,卖盘
09:46:15,8.37,0.0,26,21762,卖盘
09:46:21,8.37,0.0,5,4185,卖盘
09:46:24,8.37,0.0,95,79515,卖盘
09:46:36,8.37,0.0,14,11718,卖盘
09:46:39,8.37,0.0,3,2511,卖盘
09:46:42,8.37,0.0,10,8370,卖盘
09:46:48,8.37,0.0,2,1674,卖盘
09:46:51,8.37,0.0,6,5022,卖盘
09:46:54,8.37,0.0,13,10881,卖盘
09:46:57,8.37,0.0,1,837,卖盘
09:47:15,8.37,0.0,3,2511,卖盘
09:47:33,8.37,0.0,22,18414,卖盘
09:47:36,8.37,0.0,1,837,卖盘
09:47:42,8.37,0.0,10,8370,卖盘
09:48:00,8.37,0.0,3,2511,卖盘
09:48:09,8.37,0.0,1,1172,卖盘
09:48:12,8.37,0.0,14,11718,卖盘
09:48:15,8.37,0.0,12,10044,卖盘
09:48:18,8.37,0.0,2,1674,卖盘
09:48:27,8.37,0.0,10,8370,卖盘
09:48:30,8.37,0.0,30,25110,卖盘
09:48:42,8.37,0.0,2,1674,卖盘
09:48:48,8.37,0.0,2,1674,卖盘
09:48:51,8.37,0.0,134,112158,卖盘
09:49:12,8.37,0.0,3,2511,卖盘
09:49:15,8.37,0.0,2,1674,卖盘
09:49:18,8.37,0.0,123,102951,卖盘
09:49:27,8.37,0.0,2,1674,卖盘
09:49:33,8.37,0.0,11,9207,卖盘
09:49:36,8.37,0.0,11,9207,卖盘
09:49:51,8.37,0.0,77,64449,卖盘
09:49:57,8.37,0.0,1,837,卖盘
09:50:03,8.37,0.0,11,9207,卖盘
09:50:09,8.37,0.0,28,23269,卖盘
09:50:15,8.37,0.0,2,1674,卖盘
09:50:18,8.37,0.0,5,4185,卖盘
09:50:21,8.37,0.0,28,23770,卖盘
09:50:24,8.37,0.0,12,10044,卖盘
09:50:27,8.37,0.0,5,4185,卖盘
09:50:39,8.37,0.0,20,16740,卖盘
09:50:42,8.37,0.0,37,30969,卖盘
09:50:45,8.37,0.0,20,16740,卖盘
09:50:51,8.37,0.0,4,3348,卖盘
09:50:57,8.37,0.0,5,4185,卖盘
09:51:00,8.37,0.0,1,837,卖盘
09:51:06,8.37,0.0,25,20925,卖盘
09:51:12,8.37,0.0,23,19251,卖盘
09:51:18,8.37,0.0,5,4185,卖盘
09:51:33,8.37,0.0,1,837,卖盘
09:51:39,8.37,0.0,1,837,卖盘
09:51:57,8.37,0.0,13,10881,卖盘
09:52:09,8.37,0.0,6,5022,卖盘
09:52:15,8.37,0.0,2,1674,卖盘
09:52:18,8.37,0.0,2,1674,卖盘
09:52:30,8.37,0.0,1,837,卖盘
09:52:36,8.37,0.0,5,4185,卖盘
09:52:42,8.37,0.0,15,12555,卖盘
09:52:51,8.37,0.0,20,16740,卖盘
09:52:57,8.37,0.0,3,2511,卖盘
09:53:03,8.37,0.0,35,29295,卖盘
09:53:09,8.37,0.0,7,5859,卖盘
09:53:15,8.37,0.0,8,6696,卖盘
09:53:18,8.37,0.0,2,1674,卖盘
09:53:21,8.37,0.0,3,2511,卖盘
09:53:24,8.37,0.0,8,6696,卖盘
09:53:33,8.37,0.0,301,251937,卖盘
09:53:36,8.37,0.0,3,2511,卖盘
09:53:48,8.37,0.0,32,26784,卖盘
09:53:51,8.37,0.0,2,1674,卖盘
09:53:54,8.37,0.0,5,4185,卖盘
09:54:03,8.37,0.0,90,75665,卖盘
09:54:09,8.37,0.0,19,15903,卖盘
09:54:15,8.37,0.0,18,15066,卖盘
09:54:18,8.37,0.0,3,2511,卖盘
09:54:21,8.37,0.0,9,7533,卖盘
09:54:24,8.37,0.0,7,5859,卖盘
09:54:36,8.37,0.0,10,8370,卖盘
09:54:39,8.37,0.0,1,837,卖盘
09:54:48,8.37,0.0,4,3348,卖盘
09:54:51,8.37,0.0,2,1674,卖盘
09:55:00,8.37,0.0,10,8370,卖盘
09:55:03,8.37,0.0,5,4185,卖盘
09:55:06,8.37,0.0,4,3348,卖盘
09:55:12,8.37,0.0,2,1674,卖盘
09:55:18,8.37,0.0,4,3348,卖盘
09:55:24,8.37,0.0,5,4185,卖盘
09:55:45,8.37,0.0,1,837,卖盘
09:55:48,8.37,0.0,14,11718,卖盘
09:56:00,8.37,0.0,41,34317,卖盘
09:56:09,8.37,0.0,33,27621,卖盘
09:56:12,8.37,0.0,21,17577,卖盘
09:56:15,8.37,0.0,3,2511,卖盘
09:56:24,8.37,0.0,3,2511,卖盘
09:56:27,8.37,0.0,33,27621,卖盘
09:56:30,8.37,0.0,10,8370,卖盘
09:56:36,8.37,0.0,20,16740,卖盘
09:56:45,8.37,0.0,1,837,卖盘
09:56:48,8.37,0.0,3,2511,卖盘
09:57:12,8.37,0.0,10,8370,卖盘
09:57:21,8.37,0.0,42,35154,卖盘
09:57:36,8.37,0.0,2,1674,卖盘
09:57:39,8.37,0.0,5,4185,卖盘
09:58:15,8.37,0.0,21,17577,卖盘
09:58:18,8.37,0.0,3,2511,卖盘
09:58:39,8.37,0.0,15,12555,卖盘
09:58:45,8.37,0.0,3,2511,卖盘
09:59:00,8.37,0.0,2,1674,卖盘
09:59:03,8.37,0.0,10,8370,卖盘
09:59:06,8.37,0.0,1,837,卖盘
09:59:09,8.37,0.0,1,1172,卖盘
09:59:15,8.37,0.0,3,2511,卖盘
09:59:18,8.37,0.0,25,20925,卖盘
09:59:27,8.37,0.0,4,3348,卖盘
09:59:33,8.37,0.0,93,77841,卖盘
09:59:36,8.37,0.0,5,4185,卖盘
09:59:39,8.37,0.0,5,4185,卖盘
09:59:48,8.37,0.0,3,2511,卖盘
09:59:51,8.37,0.0,1,837,卖盘
09:59:57,8.37,0.0,2,1674,卖盘
10:00:00,8.37,0.0,4,3348,卖盘
10:00:03,8.37,0.0,7,5859,卖盘
10:00:09,8.37,0.0,42,35154,卖盘
10:00:12,8.37,0.0,4,3348,卖盘
10:00:15,8.37,0.0,1,837,卖盘
10:00:18,8.37,0.0,13,10881,卖盘
10:00:24,8.37,0.0,7,5859,卖盘
10:00:33,8.37,0.0,1,837,卖盘
10:00:39,8.37,0.0,6,5022,卖盘
10:00:57,8.37,0.0,1,837,卖盘
10:01:00,8.37,0.0,5,4185,卖盘
10:01:06,8.37,0.0,10,8370,卖盘
10:01:09,8.37,0.0,1,837,卖盘
10:01:15,8.37,0.0,2,1674,卖盘
10:01:33,8.37,0.0,38,31806,卖盘
10:01:51,8.37,0.0,10,8370,卖盘
10:01:57,8.37,0.0,20,16740,卖盘
10:02:00,8.37,0.0,20,16740,卖盘
10:02:03,8.37,0.0,5,4185,卖盘
10:02:12,8.37,0.0,5,4185,卖盘
10:02:15,8.37,0.0,42,35154,卖盘
10:02:18,8.37,0.0,3,2511,卖盘
10:02:24,8.37,0.0,6,5022,卖盘
10:02:45,8.37,0.0,3,2511,卖盘
10:02:48,8.37,0.0,32,26784,卖盘
10:03:00,8.37,0.0,2,1674,卖盘
10:03:12,8.37,0.0,3,2511,卖盘
10:03:15,8.37,0.0,2,1674,卖盘
10:03:18,8.37,0.0,4,3348,卖盘
10:03:30,8.37,0.0,5,4185,卖盘
10:03:36,8.37,0.0,41,34183,卖盘
10:03:39,8.37,0.0,51,42687,卖盘
10:03:42,8.37,0.0,24,20088,卖盘
10:03:45,8.37,0.0,13,10881,卖盘
10:03:51,8.37,0.0,18,15066,卖盘
10:03:54,8.37,0.0,4,3348,卖盘
10:03:57,8.37,0.0,69,57753,卖盘
10:04:03,8.37,0.0,17,14229,卖盘
10:04:12,8.37,0.0,1,837,卖盘
10:04:18,8.37,0.0,261,218457,卖盘
10:04:21,8.37,0.0,70,58590,卖盘
10:04:27,8.37,0.0,18,15066,卖盘
10:04:30,8.37,0.0,2,1674,卖盘
10:04:33,8.37,0.0,1,837,卖盘
10:04:39,8.37,0.0,1,837,卖盘
10:04:45,8.37,0.0,24,20423,卖盘
10:04:48,8.37,0.0,2,1674,卖盘
10:05:03,8.37,0.0,15,12555,卖盘
10:05:09,8.37,0.0,16,13392,卖盘
10:05:15,8.37,0.0,43,35991,卖盘
10:05:18,8.37,0.0,24,20088,卖盘
10:05:24,8.37,0.0,20,16740,卖盘
10:05:30,8.37,0.0,51,42687,卖盘
10:05:36,8.37,0.0,18,15066,卖盘
10:05:42,8.37,0.0,5,4185,卖盘
10:05:57,8.37,0.0,10,8370,卖盘
10:06:09,8.37,0.0,20,16740,卖盘
10:06:21,8.37,0.0,2,1674,卖盘
10:06:24,8.37,0.0,12,10044,卖盘
10:06:30,8.37,0.0,17,14229,卖盘
10:06:36,8.37,0.0,7,5859,卖盘
10:06:48,8.37,0.0,5,4185,卖盘
10:07:18,8.37,0.0,3,2511,卖盘
10:07:36,8.37,0.0,5,4185,卖盘
10:07:54,8.37,0.0,2,1674,卖盘
10:08:03,8.37,0.0,5,4185,卖盘
10:08:15,8.37,0.0,7,5859,卖盘
10:08:18,8.37,0.0,52,43524,卖盘
10:08:24,8.37,0.0,27,22599,卖盘
10:08:27,8.37,0.0,25,21092,卖盘
10:08:48,8.37,0.0,24,20088,卖盘
10:08:54,8.37,0.0,19,15903,卖盘
10:09:03,8.37,0.0,5,4185,卖盘
10:09:12,8.37,0.0,37,30969,卖盘
10:09:18,8.37,0.0,15,12555,卖盘
10:09:21,8.37,0.0,3,2511,卖盘
10:09:30,8.37,0.0,10,8370,卖盘
10:10:00,8.37,0.0,72,60264,卖盘
10:10:03,8.37,0.0,25,20925,卖盘
10:10:18,8.37,0.0,2,1674,卖盘
10:10:30,8.37,0.0,12,10044,卖盘
10:10:33,8.37,0.0,8,6696,卖盘
10:10:48,8.37,0.0,4,3348,卖盘
10:11:18,8.37,0.0,3,2511,卖盘
10:11:27,8.37,0.0,20,16740,卖盘
10:11:33,8.37,0.0,18,15066,卖盘
10:11:39,8.37,0.0,4,3348,卖盘
10:12:09,8.37,0.0,1,837,卖盘
10:12:12,8.37,0.0,190,159030,卖盘
10:12:18,8.37,0.0,56,46872,卖盘
10:12:30,8.37,0.0,2,1674,卖盘
10:12:39,8.37,0.0,3,2511,卖盘
10:12:42,8.37,0.0,17,14229,卖盘
10:12:54,8.37,0.0,25,20925,卖盘
10:13:06,8.37,0.0,20,16740,卖盘
10:13:09,8.37,0.0,16,13392,卖盘
10:13:15,8.37,0.0,94,78678,卖盘
10:13:18,8.37,0.0,33,27621,卖盘
10:13:42,8.37,0.0,3,2511,卖盘
10:13:45,8.37,0.0,67,56079,卖盘
10:13:48,8.37,0.0,36,30132,卖盘
10:13:51,8.37,0.0,20,16740,卖盘
10:13:54,8.37,0.0,4,3348,卖盘
10:13:57,8.37,0.0,15,12555,卖盘
10:14:03,8.37,0.0,3,2511,卖盘
10:14:06,8.37,0.0,5,4185,卖盘
10:14:18,8.37,0.0,6,5022,卖盘
10:14:33,8.37,0.0,5,4185,卖盘
10:14:36,8.37,0.0,24,20088,卖盘
10:15:00,8.37,0.0,13,10881,卖盘
10:15:06,8.37,0.0,32,26784,卖盘
10:15:15,8.37,0.0,5,4185,卖盘
10:15:21,8.37,0.0,4,3348,卖盘
10:15:48,8.37,0.0,2,1674,卖盘
10:16:27,8.37,0.0,1,837,卖盘
10:16:33,8.37,0.0,2,1674,卖盘
10:16:36,8.37,0.0,3,2511,卖盘
10:16:54,8.37,0.0,17,14062,卖盘
10:17:00,8.37,0.0,17,14229,卖盘
10:17:24,8.37,0.0,10,8370,卖盘
10:17:54,8.37,0.0,5,4185,卖盘
10:17:57,8.37,0.0,5,3850,卖盘
10:18:15,8.37,0.0,10,8370,卖盘
10:18:24,8.37,0.0,5,4185,卖盘
10:18:54,8.37,0.0,11,9542,卖盘
10:18:57,8.37,0.0,17,14229,卖盘
10:19:09,8.37,0.0,20,16740,卖盘
10:19:12,8.37,0.0,10,8370,卖盘
10:19:24,8.37,0.0,3,2511,卖盘
10:19:39,8.37,0.0,45,37665,卖盘
10:19:42,8.37,0.0,23,19251,卖盘
10:19:45,8.37,0.0,124,103788,卖盘
10:19:48,8.37,0.0,37,30969,卖盘
10:20:09,8.37,0.0,70,58590,卖盘
10:20:15,8.37,0.0,49,41013,卖盘
10:20:27,8.37,0.0,12,10044,卖盘
10:20:30,8.37,0.0,13,10881,卖盘
10:20:33,8.37,0.0,26,21762,卖盘
10:20:39,8.37,0.0,1,837,卖盘
10:20:42,8.37,0.0,15,12555,卖盘
10:20:45,8.37,0.0,1,837,卖盘
10:20:48,8.37,0.0,100,83700,卖盘
10:20:54,8.37,0.0,39,32643,卖盘
10:20:57,8.37,0.0,15,12555,卖盘
10:21:00,8.37,0.0,21,17577,卖盘
10:21:06,8.37,0.0,19,15903,卖盘
10:21:12,8.37,0.0,4,3348,卖盘
10:21:18,8.37,0.0,30,25110,卖盘
10:21:24,8.37,0.0,50,41850,卖盘
10:21:30,8.37,0.0,26,21762,卖盘
10:22:09,8.37,0.0,24,20088,卖盘
10:22:24,8.37,0.0,9,7700,卖盘
10:22:27,8.37,0.0,15,12555,卖盘
10:22:30,8.37,0.0,18,15066,卖盘
10:22:48,8.37,0.0,42,35154,卖盘
10:22:51,8.37,0.0,15,12555,卖盘
10:23:00,8.37,0.0,10,8370,卖盘
10:23:03,8.37,0.0,4,3348,卖盘
10:23:06,8.37,0.0,50,41850,卖盘
10:23:09,8.37,0.0,25,20925,卖盘
10:23:12,8.37,0.0,10,8370,卖盘
10:23:15,8.37,0.0,1,837,卖盘
10:23:27,8.37,0.0,113,94581,卖盘
10:23:30,8.37,0.0,1,837,卖盘
10:23:33,8.37,0.0,37,30969,卖盘
10:23:36,8.37,0.0,10,8370,卖盘
10:23:42,8.37,0.0,5,4185,卖盘
10:23:48,8.37,0.0,7,5859,卖盘
10:23:54,8.37,0.0,15,12555,卖盘
10:24:03,8.37,0.0,55,46035,卖盘
10:24:09,8.37,0.0,18,15066,卖盘
10:24:12,8.37,0.0,2,1674,卖盘
10:24:15,8.37,0.0,16,13392,卖盘
10:24:18,8.37,0.0,50,41850,卖盘
10:24:24,8.37,0.0,71,59427,卖盘
10:24:30,8.37,0.0,18,15066,卖盘
10:24:36,8.37,0.0,6,5022,卖盘
10:24:51,8.37,0.0,39,32643,卖盘
10:24:57,8.37,0.0,16,13392,卖盘
10:25:21,8.37,0.0,7,5859,卖盘
10:25:57,8.37,0.0,2,1674,卖盘
10:26:12,8.37,0.0,5,4185,卖盘
10:26:27,8.37,0.0,15,12555,卖盘
10:26:30,8.37,0.0,4,3348,卖盘
10:26:39,8.37,0.0,3,2511,卖盘
10:26:45,8.37,0.0,10,8370,卖盘
10:26:48,8.37,0.0,15,12555,卖盘
10:26:57,8.37,0.0,6,5022,卖盘
10:27:21,8.37,0.0,50,41850,卖盘
10:27:27,8.37,0.0,18,15066,卖盘
10:27:33,8.37,0.0,2,1674,卖盘
10:27:42,8.37,0.0,3,2511,卖盘
10:27:45,8.37,0.0,42,35154,卖盘
10:27:48,8.37,0.0,4,3348,卖盘
10:27:51,8.37,0.0,16,13392,卖盘
10:28:00,8.37,0.0,71,59427,卖盘
10:28:03,8.37,0.0,1,837,卖盘
10:28:06,8.37,0.0,23,19251,卖盘
10:28:30,8.37,0.0,174,145638,卖盘
10:28:36,8.37,0.0,151,126387,卖盘
10:28:42,8.37,0.0,38,31806,卖盘
10:28:45,8.37,0.0,1,837,卖盘
10:28:48,8.37,0.0,5,4185,卖盘
10:29:06,8.37,0.0,1,837,卖盘
10:29:09,8.37,0.0,50,41850,卖盘
10:29:12,8.37,0.0,24,20088,卖盘
10:29:24,8.37,0.0,1,837,卖盘
10:29:30,8.37,0.0,49,41013,卖盘
10:29:33,8.37,0.0,18,15066,卖盘
10:29:45,8.37,0.0,5,4185,卖盘
10:30:03,8.37,0.0,3,2511,卖盘
10:30:06,8.37,0.0,224,187488,卖盘
10:30:09,8.37,0.0,69,57753,卖盘
10:30:15,8.37,0.0,17,14229,卖盘
10:30:33,8.37,0.0,36,30132,卖盘
10:30:45,8.37,0.0,2,1674,卖盘
10:30:48,8.37,0.0,5,4185,卖盘
10:30:51,8.37,0.0,50,42018,卖盘
10:30:54,8.37,0.0,15,12555,卖盘
10:30:57,8.37,0.0,2,1674,卖盘
10:31:00,8.37,0.0,16,13392,卖盘
10:31:18,8.37,0.0,5,4185,卖盘
10:31:21,8.37,0.0,5,4185,卖盘
10:31:27,8.37,0.0,4,3348,卖盘
10:31:30,8.37,0.0,1,837,卖盘
10:31:39,8.37,0.0,2,1674,卖盘
10:31:42,8.37,0.0,10,8370,卖盘
10:31:45,8.37,0.0,7,5859,卖盘
10:31:51,8.37,0.0,13,10881,卖盘
10:31:54,8.37,0.0,31,25947,卖盘
10:31:57,8.37,0.0,17,14229,卖盘
10:32:03,8.37,0.0,13,10881,卖盘
10:32:06,8.37,0.0,15,12555,卖盘
10:32:09,8.37,0.0,5,4185,卖盘
10:32:15,8.37,0.0,20,16740,卖盘
10:32:18,8.37,0.0,9,7533,卖盘
10:32:24,8.37,0.0,8,6696,卖盘
10:32:27,8.37,0.0,218,182466,卖盘
10:32:30,8.37,0.0,84,70308,卖盘
10:32:33,8.37,0.0,20,16740,卖盘
10:32:36,8.37,0.0,21,17577,卖盘
10:32:39,8.37,0.0,35,29295,卖盘
10:32:42,8.37,0.0,19,15903,卖盘
10:32:51,8.37,0.0,1,837,卖盘
10:32:54,8.37,0.0,240,200880,卖盘
10:33:00,8.37,0.0,111,92907,卖盘
10:33:03,8.37,0.0,30,25110,卖盘
10:33:06,8.37,0.0,31,25947,卖盘
10:33:09,8.37,0.0,78,65286,卖盘
10:33:12,8.37,0.0,16,13392,卖盘
10:33:15,8.37,0.0,34,28458,卖盘
10:33:18,8.37,0.0,30,25110,卖盘
10:33:21,8.37,0.0,113,94581,卖盘
10:33:24,8.37,0.0,105,87885,卖盘
10:33:27,8.37,0.0,28,23436,卖盘
10:33:30,8.37,0.0,22,18363,卖盘
10:33:36,8.37,0.0,6,5022,卖盘
10:33:42,8.37,0.0,270,225990,卖盘
10:33:45,8.37,0.0,13,10881,卖盘
10:33:54,8.37,0.0,3,2511,卖盘
10:34:00,8.37,0.0,120,100440,卖盘
10:34:03,8.37,0.0,7,5859,卖盘
10:34:27,8.37,0.0,10,8370,卖盘
10:34:42,8.37,0.0,40,33480,卖盘
10:34:57,8.37,0.0,20,16740,卖盘
10:35:21,8.37,0.0,100,83700,卖盘
10:35:27,8.37,0.0,10,8370,卖盘
10:35:51,8.37,0.0,5,4185,卖盘
10:35:54,8.37,0.0,1,837,卖盘
10:36:00,8.37,0.0,4,3348,卖盘
10:36:03,8.37,0.0,10,8370,卖盘
10:36:30,8.37,0.0,6,5022,卖盘
10:37:00,8.37,0.0,2,1674,卖盘
10:37:06,8.37,0.0,2,1674,卖盘
10:37:09,8.37,0.0,61,51057,卖盘
10:37:33,8.37,0.0,2,1674,卖盘
10:37:36,8.37,0.0,15,12555,卖盘
10:37:39,8.37,0.0,1,837,卖盘
10:37:57,8.37,0.0,17,14229,卖盘
10:38:21,8.37,0.0,1,837,卖盘
10:38:30,8.37,0.0,9,7533,卖盘
10:38:33,8.37,0.0,1,837,卖盘
10:38:39,8.37,0.0,263,220131,卖盘
10:38:42,8.37,0.0,30,25110,卖盘
10:38:51,8.37,0.0,101,84872,卖盘
10:38:57,8.37,0.0,20,16740,卖盘
10:39:00,8.37,0.0,13,10881,卖盘
10:39:30,8.37,0.0,397,332624,卖盘
10:40:03,8.37,0.0,1,837,卖盘
10:40:06,8.37,0.0,43,35991,卖盘
10:40:12,8.37,0.0,70,58590,卖盘
10:40:24,8.37,0.0,20,16740,卖盘
10:40:30,8.37,0.0,13,10881,卖盘
10:40:36,8.37,0.0,11,9207,卖盘
10:40:54,8.37,0.0,45,37665,卖盘
10:41:09,8.37,0.0,100,83700,卖盘
10:41:18,8.37,0.0,6,5022,卖盘
10:41:27,8.37,0.0,6,5022,卖盘
10:41:42,8.37,0.0,4,3348,卖盘
10:41:48,8.37,0.0,3,2511,卖盘
10:42:06,8.37,0.0,9,7533,卖盘
10:42:27,8.37,0.0,4620,3866940,卖盘
10:42:30,8.37,0.0,9,7533,卖盘
10:42:42,8.37,0.0,15,12555,卖盘
10:42:51,8.37,0.0,1003,839511,卖盘
10:42:57,8.37,0.0,6,5022,卖盘
10:43:03,8.37,0.0,14,11718,卖盘
10:43:06,8.37,0.0,22,18749,卖盘
10:43:09,8.37,0.0,30,25110,卖盘
10:43:12,8.37,0.0,9,7533,卖盘
10:43:15,8.37,0.0,39,32643,卖盘
10:43:18,8.37,0.0,14,11718,卖盘
10:43:21,8.37,0.0,12,10044,卖盘
10:43:27,8.37,0.0,6,5022,卖盘
10:43:30,8.37,0.0,132,110484,卖盘
10:43:33,8.37,0.0,730,611010,卖盘
10:43:36,8.37,0.0,60,50220,卖盘
10:43:39,8.37,0.0,1,837,卖盘
10:43:51,8.37,0.0,60,50220,卖盘
10:43:57,8.37,0.0,8,6696,卖盘
10:44:00,8.37,0.0,82,68634,卖盘
10:44:06,8.37,0.0,54,45198,卖盘
10:44:21,8.37,0.0,6,5022,卖盘
10:44:24,8.37,0.0,27,22599,卖盘
10:44:30,8.37,0.0,4,3348,卖盘
10:44:33,8.37,0.0,1,837,卖盘
10:44:42,8.37,0.0,30,25110,卖盘
10:44:45,8.37,0.0,5,4185,卖盘
10:45:00,8.37,0.0,9,7533,卖盘
10:45:03,8.37,0.0,4,3348,卖盘
10:45:06,8.37,0.0,12,10044,卖盘
10:45:21,8.37,0.0,107,89559,卖盘
10:45:24,8.37,0.0,747,625239,卖盘
10:45:27,8.37,0.0,268,224316,卖盘
10:45:30,8.37,0.0,4,3348,卖盘
10:45:39,8.37,0.0,27,22599,卖盘
10:45:48,8.37,0.0,24,20088,卖盘
10:45:51,8.37,0.0,2,1674,卖盘
10:45:54,8.37,0.0,4,3348,卖盘
10:46:00,8.37,0.0,50,41850,卖盘
10:46:03,8.37,0.0,200,167400,卖盘
10:46:12,8.37,0.0,4,3348,卖盘
10:46:45,8.37,0.0,70,58590,卖盘
10:46:54,8.37,0.0,50,41850,卖盘
10:47:06,8.37,0.0,10,8370,卖盘
10:47:15,8.37,0.0,10,8370,卖盘
10:47:21,8.37,0.0,7,5859,卖盘
10:47:57,8.37,0.0,5,4185,卖盘
10:48:24,8.37,0.0,97,81189,卖盘
10:48:27,8.37,0.0,10,8370,卖盘
10:48:33,8.37,0.0,89,74493,卖盘
10:48:42,8.37,0.0,3,2511,卖盘
10:49:12,8.37,0.0,5,4185,卖盘
10:49:21,8.37,0.0,15,12555,卖盘
10:49:27,8.37,0.0,1,837,卖盘
10:49:30,8.37,0.0,15,12555,卖盘
10:49:39,8.37,0.0,1,837,卖盘
10:49:45,8.37,0.0,40,33480,卖盘
10:49:54,8.37,0.0,36,30132,卖盘
10:50:06,8.37,0.0,20,16740,卖盘
10:50:24,8.37,0.0,44,36828,卖盘
10:50:27,8.37,0.0,3,2511,卖盘
10:50:51,8.37,0.0,9,7533,卖盘
10:51:36,8.37,0.0,500,418500,卖盘
10:51:42,8.37,0.0,7,5859,卖盘
10:52:21,8.37,0.0,5,4185,卖盘
10:53:12,8.37,0.0,1,837,卖盘
10:53:48,8.37,0.0,4,3348,卖盘
10:54:00,8.37,0.0,16,13392,卖盘
10:55:00,8.37,0.0,10,8370,卖盘
10:55:03,8.37,0.0,1,837,卖盘
10:55:09,8.37,0.0,6,5022,卖盘
10:55:15,8.37,0.0,252,210924,卖盘
10:55:21,8.37,0.0,4,3348,卖盘
10:55:24,8.37,0.0,10,8370,卖盘
10:57:09,8.37,0.0,14,11718,卖盘
10:57:15,8.37,0.0,20,16740,卖盘
10:57:30,8.37,0.0,10,8370,卖盘
10:58:12,8.37,0.0,3,2511,卖盘
10:58:15,8.37,0.0,20,16740,卖盘
10:58:21,8.37,0.0,1,837,卖盘
10:58:33,8.37,0.0,28,23101,卖盘
11:00:00,8.37,0.0,1,837,卖盘
11:00:03,8.37,0.0,1,837,卖盘
11:00:30,8.37,0.0,1,837,卖盘
11:00:33,8.37,0.0,2,1674,卖盘
11:00:36,8.37,0.0,1,837,卖盘
11:01:00,8.37,0.0,21,17577,卖盘
11:01:27,8.37,0.0,8,6696,卖盘
11:02:54,8.37,0.0,7,5859,卖盘
11:03:00,8.37,0.0,10,8370,卖盘
11:03:24,8.37,0.0,7,5859,卖盘
11:03:45,8.37,0.0,4,3348,卖盘
11:04:03,8.37,0.0,143,119691,卖盘
11:04:24,8.37,0.0,2,1674,卖盘
11:05:24,8.37,0.0,31,25947,卖盘
11:06:18,8.37,0.0,16,13392,卖盘
11:06:39,8.37,0.0,2,1674,卖盘
11:07:39,8.37,0.0,30,25110,卖盘
11:08:09,8.37,0.0,9,7533,卖盘
11:08:18,8.37,0.0,48,40176,卖盘
11:09:24,8.37,0.0,3,2511,卖盘
11:11:09,8.37,0.0,30,25110,卖盘
11:12:27,8.37,0.0,3,2511,卖盘
11:12:42,8.37,0.0,5,4185,卖盘
11:14:36,8.37,0.0,6,5022,卖盘
11:15:06,8.37,0.0,8,6696,卖盘
11:16:48,8.37,0.0,3,2511,卖盘
11:17:09,8.37,0.0,10,8370,卖盘
11:19:54,8.37,0.0,5,4185,卖盘
11:20:24,8.37,0.0,86,71982,卖盘
11:20:27,8.37,0.0,4,3348,卖盘
11:20:36,8.37,0.0,1,837,卖盘
11:22:36,8.37,0.0,25,20925,卖盘
11:22:39,8.37,0.0,2,1674,卖盘
11:22:54,8.37,0.0,1,837,卖盘
11:25:12,8.37,0.0,3,2511,卖盘
11:26:30,8.37,0.0,1,837,卖盘
11:26:45,8.37,0.0,5,4185,卖盘
11:28:27,8.37,0.0,2,1674,卖盘
13:00:03,8.37,0.0,45,37665,卖盘
13:00:06,8.37,0.0,255,213435,卖盘
13:00:09,8.37,0.0,136,113665,卖盘
13:00:12,8.37,0.0,115,96255,卖盘
13:00:24,8.37,0.0,22,18748,卖盘
13:00:39,8.37,0.0,2,1674,卖盘
13:01:00,8.37,0.0,17,14229,卖盘
13:01:12,8.37,0.0,60,50220,卖盘
13:01:51,8.37,0.0,1,837,卖盘
13:02:03,8.37,0.0,1,837,卖盘
13:02:06,8.37,0.0,10,8370,卖盘
13:02:24,8.37,0.0,14,11718,卖盘
13:03:36,8.37,0.0,10,8370,卖盘
13:04:24,8.37,0.0,60,50220,卖盘
13:05:00,8.37,0.0,3,2511,卖盘
13:05:27,8.37,0.0,1,837,卖盘
13:05:33,8.37,0.0,2,1674,卖盘
13:06:09,8.37,0.0,20,16740,卖盘
13:07:06,8.37,0.0,1,837,卖盘
13:07:18,8.37,0.0,20,16740,卖盘
13:08:09,8.37,0.0,1,837,卖盘
13:08:18,8.37,0.0,30,25110,卖盘
13:08:48,8.37,0.0,20,16740,卖盘
13:09:27,8.37,0.0,103,86211,卖盘
13:10:18,8.37,0.0,3,2511,卖盘
13:10:45,8.37,0.0,4,3348,卖盘
13:11:42,8.37,0.0,5,4185,卖盘
13:13:36,8.37,0.0,10,8370,卖盘
13:13:48,8.37,0.0,10,8370,卖盘
13:15:24,8.37,0.0,10,8370,卖盘
13:15:48,8.37,0.0,2,1674,卖盘
13:16:00,8.37,0.0,30,25110,卖盘
13:16:39,8.37,0.0,1,837,卖盘
13:18:03,8.37,0.0,1,837,卖盘
13:18:21,8.37,0.0,1,837,卖盘
13:19:51,8.37,0.0,3,2511,卖盘
13:20:24,8.37,0.0,15,12555,卖盘
13:21:12,8.37,0.0,1,837,卖盘
13:22:18,8.37,0.0,2,1674,卖盘
13:22:33,8.37,0.0,3,2511,卖盘
13:23:33,8.37,0.0,20,16740,卖盘
13:23:45,8.37,0.0,5,4185,卖盘
13:23:51,8.37,0.0,10,8370,卖盘
13:25:09,8.37,0.0,5,4185,卖盘
13:25:15,8.37,0.0,40,33480,卖盘
13:27:33,8.37,0.0,8,6696,卖盘
13:27:36,8.37,0.0,10,8370,卖盘
13:28:21,8.37,0.0,1,837,卖盘
13:30:51,8.37,0.0,1,837,卖盘
13:31:57,8.37,0.0,1,837,卖盘
13:32:15,8.37,0.0,3,2511,卖盘
13:32:45,8.37,0.0,3,2511,卖盘
13:32:51,8.37,0.0,10,8370,卖盘
13:33:45,8.37,0.0,1,1172,卖盘
13:34:03,8.37,0.0,14,11718,卖盘
13:34:45,8.37,0.0,200,167400,卖盘
13:38:00,8.37,0.0,10,8370,卖盘
13:38:24,8.37,0.0,100,83700,卖盘
13:39:24,8.37,0.0,10,8370,卖盘
13:39:45,8.37,0.0,10,8370,卖盘
13:42:15,8.37,0.0,115,96255,卖盘
13:42:27,8.37,0.0,3,2511,卖盘
13:43:03,8.37,0.0,100,83700,卖盘
13:44:27,8.37,0.0,35,29295,卖盘
13:44:57,8.37,0.0,1,837,卖盘
13:45:39,8.37,0.0,1,837,卖盘
13:46:15,8.37,0.0,10,8370,卖盘
13:46:27,8.37,0.0,10,8203,卖盘
13:47:51,8.37,0.0,10,8370,卖盘
13:47:54,8.37,0.0,3,2511,卖盘
13:49:00,8.37,0.0,10,8370,卖盘
13:49:54,8.37,0.0,10,8370,卖盘
13:50:15,8.37,0.0,5,4185,卖盘
13:52:18,8.37,0.0,2,1674,卖盘
13:52:54,8.37,0.0,12,10044,卖盘
13:53:09,8.37,0.0,2,1674,卖盘
13:53:51,8.37,0.0,1,1172,卖盘
13:54:03,8.37,0.0,35,29295,卖盘
13:56:30,8.37,0.0,112,93744,卖盘
13:57:39,8.37,0.0,5,4185,卖盘
13:58:18,8.37,0.0,40,33480,卖盘
13:58:54,8.37,0.0,1,837,卖盘
14:00:06,8.37,0.0,35,29295,卖盘
14:02:48,8.37,0.0,100,83700,卖盘
14:04:27,8.37,0.0,2,1674,卖盘
14:05:51,8.37,0.0,4,3348,卖盘
14:06:06,8.37,0.0,2,1674,卖盘
14:06:48,8.37,0.0,52,43524,卖盘
14:06:51,8.37,0.0,3,2511,卖盘
14:06:54,8.37,0.0,1,837,卖盘
14:07:27,8.37,0.0,1,837,卖盘
14:08:24,8.37,0.0,1,837,卖盘
14:08:42,8.37,0.0,1,1171,卖盘
14:09:18,8.37,0.0,22,18414,卖盘
14:10:45,8.37,0.0,2,1674,卖盘
14:10:48,8.37,0.0,1,837,卖盘
14:12:27,8.37,0.0,1,837,卖盘
14:14:36,8.37,0.0,57,47709,卖盘
14:14:39,8.37,0.0,6,5022,卖盘
14:15:42,8.37,0.0,1,837,卖盘
14:15:48,8.37,0.0,2,1674,卖盘
14:16:15,8.37,0.0,5,4185,卖盘
14:16:18,8.37,0.0,2,1674,卖盘
14:16:45,8.37,0.0,10,8370,卖盘
14:17:24,8.37,0.0,1,837,卖盘
14:18:18,8.37,0.0,10,8370,卖盘
14:18:21,8.37,0.0,1,837,卖盘
14:19:03,8.37,0.0,3,2511,卖盘
14:20:21,8.37,0.0,21,17577,卖盘
14:20:24,8.37,0.0,1,837,卖盘
14:20:39,8.37,0.0,22,18414,卖盘
14:20:42,8.37,0.0,2,1674,卖盘
14:21:06,8.37,0.0,9,7533,卖盘
14:21:12,8.37,0.0,3,2511,卖盘
14:21:33,8.37,0.0,4,3348,卖盘
14:22:12,8.37,0.0,1,837,卖盘
14:25:15,8.37,0.0,2,1674,卖盘
14:27:54,8.37,0.0,1,837,卖盘
14:28:18,8.37,0.0,2,1674,卖盘
14:28:27,8.37,0.0,3,2511,卖盘
14:28:30,8.37,0.0,1,837,卖盘
14:28:57,8.37,0.0,1,837,卖盘
14:31:15,8.37,0.0,29,24273,卖盘
14:31:18,8.37,0.0,1,837,卖盘
14:32:45,8.37,0.0,11,9207,卖盘
14:32:48,8.37,0.0,1,837,卖盘
14:34:09,8.37,0.0,47,39339,卖盘
14:34:12,8.37,0.0,4,3348,卖盘
14:34:18,8.37,0.0,254,212598,卖盘
14:34:21,8.37,0.0,28,23436,卖盘
14:37:12,8.37,0.0,50,41850,卖盘
14:37:15,8.37,0.0,6,5022,卖盘
14:37:39,8.37,0.0,21,17577,卖盘
14:37:45,8.37,0.0,1,837,卖盘
14:37:57,8.37,0.0,4,3348,卖盘
14:38:03,8.37,0.0,3,2511,卖盘
14:38:12,8.37,0.0,1,837,卖盘
14:39:57,8.37,0.0,214,179118,卖盘
14:40:00,8.37,0.0,11,9207,卖盘
14:42:45,8.37,0.0,3,2511,卖盘
14:43:30,8.37,0.0,1,837,卖盘
14:44:48,8.37,0.0,1,837,卖盘
14:45:21,8.37,0.0,1,837,卖盘
14:47:54,8.37,0.0,1,503,卖盘
14:48:30,8.37,0.0,1,837,卖盘
14:51:12,8.37,0.0,2,2008,卖盘
14:53:21,8.37,0.0,2,1674,卖盘
14:53:24,8.37,0.0,1,837,卖盘
14:53:54,8.37,0.0,5,4185,卖盘
14:54:00,8.37,0.0,1,837,卖盘
14:54:18,8.37,0.0,4,3348,卖盘
14:54:33,8.37,0.0,1,837,卖盘
14:54:54,8.37,0.0,40,33480,卖盘
14:54:57,8.37,0.0,2,1674,卖盘
14:55:00,8.37,0.0,2,1674,卖盘
14:55:24,8.37,0.0,5,4185,卖盘
14:55:27,8.37,0.0,2,1674,卖盘
14:56:51,8.37,0.0,1,837,卖盘
14:56:54,8.37,0.0,7,5859,卖盘
15:00:03,8.37,0.0,37,30969,卖盘
