成交时间,成交价格,价格变动,成交量,成交金额,性质
09:25:00,10.95,0.0,21475,23515125,卖盘
09:30:00,10.95,0.0,103,112785,卖盘
09:30:04,10.95,0.0,1315,1439925,卖盘
09:30:06,10.95,0.0,632,692040,卖盘
09:30:09,10.95,0.0,1376,1506720,卖盘
09:30:12,10.95,0.0,1553,1700535,卖盘
09:30:15,10.95,0.0,1123,1229685,卖盘
09:30:18,10.95,0.0,1418,1552710,卖盘
09:30:21,10.95,0.0,558,611010,卖盘
09:30:24,10.95,0.0,879,962505,卖盘
09:30:27,10.95,0.0,465,509175,卖盘
09:30:30,10.95,0.0,630,689850,卖盘
09:30:33,10.95,0.0,683,747885,卖盘
09:30:36,10.95,0.0,352,385440,卖盘
09:30:39,10.95,0.0,473,517935,卖盘
09:30:42,10.95,0.0,141,154395,卖盘
09:30:45,10.95,0.0,294,321930,卖盘
09:30:48,10.95,0.0,75,82125,卖盘
09:30:51,10.95,0.0,99,108405,卖盘
09:30:54,10.95,0.0,126,137970,卖盘
09:30:57,10.95,0.0,165,180675,卖盘
09:31:00,10.95,0.0,107,117165,卖盘
09:31:03,10.95,0.0,122,133590,卖盘
09:31:06,10.95,0.0,70,76650,卖盘
09:31:09,10.95,0.0,105,114975,卖盘
09:31:12,10.95,0.0,42,45990,卖盘
09:31:15,10.95,0.0,60,65700,卖盘
09:31:18,10.95,0.0,29,31755,卖盘
09:31:24,10.95,0.0,212,232140,卖盘
09:31:27,10.95,0.0,63,68985,卖盘
09:31:30,10.95,0.0,36,39420,卖盘
09:31:33,10.95,0.0,36,39420,卖盘
09:31:36,10.95,0.0,61,66795,卖盘
09:31:39,10.95,0.0,77,84315,卖盘
09:31:42,10.95,0.0,65,71175,卖盘
09:31:45,10.95,0.0,25,27375,卖盘
09:31:48,10.95,0.0,36,39420,卖盘
09:31:51,10.95,0.0,15,16425,卖盘
09:31:54,10.95,0.0,3,3285,卖盘
09:31:57,10.95,0.0,35,38325,卖盘
09:32:00,10.95,0.0,11,12045,卖盘
09:32:09,10.95,0.0,12,13140,卖盘
09:32:12,10.95,0.0,10,10950,卖盘
09:32:15,10.95,0.0,145,158775,卖盘
09:32:18,10.95,0.0,20,21900,卖盘
09:32:21,10.95,0.0,48,52560,卖盘
09:32:24,10.95,0.0,7,7665,卖盘
09:32:27,10.95,0.0,60,65700,卖盘
09:32:33,10.95,0.0,391,428145,卖盘
09:32:36,10.95,0.0,174,190530,卖盘
09:32:39,10.95,0.0,100,109500,卖盘
09:32:42,10.95,0.0,55,60225,卖盘
09:32:45,10.95,0.0,60,65700,卖盘
09:32:48,10.95,0.0,20,21900,卖盘
09:32:51,10.95,0.0,61,66795,卖盘
09:32:54,10.95,0.0,84,91980,卖盘
09:32:57,10.95,0.0,72,78840,卖盘
09:33:00,10.95,0.0,6,6570,卖盘
09:33:03,10.95,0.0,94,102930,卖盘
09:33:06,10.95,0.0,3,3285,卖盘
09:33:09,10.95,0.0,92,100740,卖盘
09:33:12,10.95,0.0,26,28470,卖盘
09:33:15,10.95,0.0,5,5475,卖盘
09:33:18,10.95,0.0,22,24090,卖盘
09:33:21,10.95,0.0,87,95265,卖盘
09:33:24,10.95,0.0,71,77745,卖盘
09:33:27,10.95,0.0,95,104025,卖盘
09:33:33,10.95,0.0,23,25185,卖盘
09:33:36,10.95,0.0,99,108405,卖盘
09:33:39,10.95,0.0,190,208050,卖盘
09:33:42,10.95,0.0,6,6570,卖盘
09:33:45,10.95,0.0,9,9855,卖盘
09:33:48,10.95,0.0,5,5475,卖盘
09:33:51,10.95,0.0,3,3285,卖盘
09:33:54,10.95,0.0,2,2190,卖盘
09:33:57,10.95,0.0,166,181770,卖盘
09:34:00,10.95,0.0,36,39420,卖盘
09:34:03,10.95,0.0,100,109500,卖盘
09:34:09,10.95,0.0,17,18615,卖盘
09:34:12,10.95,0.0,13,14235,卖盘
09:34:15,10.95,0.0,15,16425,卖盘
09:34:21,10.95,0.0,20,21900,卖盘
09:34:24,10.95,0.0,45,49275,卖盘
09:34:27,10.95,0.0,68,74460,卖盘
09:34:30,10.95,0.0,55,60225,卖盘
09:34:33,10.95,0.0,8,8760,卖盘
09:34:36,10.95,0.0,123,134685,卖盘
09:34:39,10.95,0.0,25,27375,卖盘
09:34:42,10.95,0.0,1,1095,卖盘
09:34:45,10.95,0.0,1006,1101570,卖盘
09:34:48,10.95,0.0,30,32850,卖盘
09:34:51,10.95,0.0,7,7665,卖盘
09:34:54,10.95,0.0,4,4380,卖盘
09:34:57,10.95,0.0,12,13140,卖盘
09:35:00,10.95,0.0,50,54750,卖盘
09:35:03,10.95,0.0,20,21900,卖盘
09:35:06,10.95,0.0,10,10950,卖盘
09:35:09,10.95,0.0,54,59130,卖盘
09:35:12,10.95,0.0,20,21900,卖盘
09:35:18,10.95,0.0,40,43800,卖盘
09:35:21,10.95,0.0,199,217905,卖盘
09:35:24,10.95,0.0,224,245280,卖盘
09:35:27,10.95,0.0,51,55845,卖盘
09:35:30,10.95,0.0,28,30660,卖盘
09:35:36,10.95,0.0,41,44895,卖盘
09:35:42,10.95,0.0,2,2190,卖盘
09:35:48,10.95,0.0,88,96360,卖盘
09:35:51,10.95,0.0,9,9855,卖盘
09:35:57,10.95,0.0,102,111690,卖盘
09:36:00,10.95,0.0,28,30660,卖盘
09:36:03,10.95,0.0,21,22995,卖盘
09:36:06,10.95,0.0,3,3285,卖盘
09:36:09,10.95,0.0,3,3285,卖盘
09:36:15,10.95,0.0,13,14235,卖盘
09:36:18,10.95,0.0,2,2190,卖盘
09:36:21,10.95,0.0,63,68985,卖盘
09:36:27,10.95,0.0,32,35040,卖盘
09:36:33,10.95,0.0,90,98550,卖盘
09:36:36,10.95,0.0,30,32850,卖盘
09:36:39,10.95,0.0,104,113880,卖盘
09:36:42,10.95,0.0,25,27375,卖盘
09:36:45,10.95,0.0,72,78840,卖盘
09:36:48,10.95,0.0,2,2190,卖盘
09:36:51,10.95,0.0,20,21900,卖盘
09:36:54,10.95,0.0,5,5475,卖盘
09:36:57,10.95,0.0,5,5475,卖盘
09:37:00,10.95,0.0,6,6570,卖盘
09:37:03,10.95,0.0,101,110595,卖盘
09:37:06,10.95,0.0,3,3285,卖盘
09:37:12,10.95,0.0,1,1095,卖盘
09:37:18,10.95,0.0,8,8760,卖盘
09:37:21,10.95,0.0,18,19710,卖盘
09:37:24,10.95,0.0,9,9855,卖盘
09:37:39,10.95,0.0,3,3285,卖盘
09:37:42,10.95,0.0,9,9855,卖盘
09:37:57,10.95,0.0,1,1095,卖盘
09:38:09,10.95,0.0,2,2190,卖盘
09:38:12,10.95,0.0,16,17520,卖盘
09:38:18,10.95,0.0,2,2190,卖盘
09:38:21,10.95,0.0,203,222285,卖盘
09:38:24,10.95,0.0,66,72270,卖盘
09:38:27,10.95,0.0,138,151110,卖盘
09:38:33,10.95,0.0,34,37230,卖盘
09:38:39,10.95,0.0,20,21900,卖盘
09:38:42,10.95,0.0,23,25185,卖盘
09:38:51,10.95,0.0,19,20805,卖盘
09:39:00,10.95,0.0,4,4380,卖盘
09:39:15,10.95,0.0,2,2190,卖盘
09:39:18,10.95,0.0,11,12045,卖盘
09:39:21,10.95,0.0,14,15330,卖盘
09:39:24,10.95,0.0,3,3285,卖盘
09:39:30,10.95,0.0,46,50370,卖盘
09:39:33,10.95,0.0,1,1095,卖盘
09:39:36,10.95,0.0,14,15330,卖盘
09:39:39,10.95,0.0,10,10950,卖盘
09:39:42,10.95,0.0,110,120450,卖盘
09:39:45,10.95,0.0,2,2190,卖盘
09:39:48,10.95,0.0,501,548595,卖盘
09:39:54,10.95,0.0,14,15330,卖盘
09:40:00,10.95,0.0,47,51465,卖盘
09:40:06,10.95,0.0,35,38325,卖盘
09:40:09,10.95,0.0,92,100740,卖盘
09:40:15,10.95,0.0,36,39420,卖盘
09:40:18,10.95,0.0,20,21900,卖盘
09:40:21,10.95,0.0,6,6570,卖盘
09:40:27,10.95,0.0,24,26280,卖盘
09:40:30,10.95,0.0,5,5475,卖盘
09:40:33,10.95,0.0,10,10950,卖盘
09:40:39,10.95,0.0,5,5475,卖盘
09:40:42,10.95,0.0,10,10950,卖盘
09:40:54,10.95,0.0,29,31755,卖盘
09:41:00,10.95,0.0,31,33945,卖盘
09:41:03,10.95,0.0,10,10950,卖盘
09:41:06,10.95,0.0,3,3285,卖盘
09:41:09,10.95,0.0,1,1095,卖盘
09:41:12,10.95,0.0,22,24090,卖盘
09:41:18,10.95,0.0,1,1095,卖盘
09:41:21,10.95,0.0,118,129210,卖盘
09:41:27,10.95,0.0,2,2190,卖盘
09:41:36,10.95,0.0,30,32850,卖盘
09:41:39,10.95,0.0,40,43800,卖盘
09:41:42,10.95,0.0,70,76650,卖盘
09:41:45,10.95,0.0,5,5475,卖盘
09:41:51,10.95,0.0,3,3285,卖盘
09:41:54,10.95,0.0,3,3285,卖盘
09:42:03,10.95,0.0,4,4380,卖盘
09:42:06,10.95,0.0,10,10950,卖盘
09:42:09,10.95,0.0,7,7665,卖盘
09:42:12,10.95,0.0,150,164250,卖盘
09:42:15,10.95,0.0,59,64605,卖盘
09:42:18,10.95,0.0,60,65700,卖盘
09:42:21,10.95,0.0,40,43800,卖盘
09:42:24,10.95,0.0,34,37230,卖盘
09:42:27,10.95,0.0,20,21900,卖盘
09:42:33,10.95,0.0,23,25185,卖盘
09:42:36,10.95,0.0,13,14235,卖盘
09:42:51,10.95,0.0,19,20805,卖盘
09:42:57,10.95,0.0,6,6570,卖盘
09:43:00,10.95,0.0,70,76650,卖盘
09:43:03,10.95,0.0,39,42705,卖盘
09:43:09,10.95,0.0,41,44895,卖盘
09:43:18,10.95,0.0,100,109500,卖盘
09:43:21,10.95,0.0,40,43800,卖盘
09:43:42,10.95,0.0,600,657000,卖盘
09:43:45,10.95,0.0,9,9855,卖盘
09:43:48,10.95,0.0,10,10950,卖盘
09:43:51,10.95,0.0,63,68985,卖盘
09:44:00,10.95,0.0,6,6570,卖盘
09:44:03,10.95,0.0,6,6570,卖盘
09:44:15,10.95,0.0,36,39420,卖盘
09:44:24,10.95,0.0,63,68985,卖盘
09:44:33,10.95,0.0,3,3285,卖盘
09:44:36,10.95,0.0,2,2190,卖盘
09:44:42,10.95,0.0,9,9855,卖盘
09:44:51,10.95,0.0,10,10950,卖盘
09:45:03,10.95,0.0,7,7665,卖盘
09:45:12,10.95,0.0,10,10950,卖盘
09:45:21,10.95,0.0,53,58035,卖盘
09:45:48,10.95,0.0,8,8760,卖盘
09:45:57,10.95,0.0,3,3285,卖盘
09:46:12,10.95,0.0,5,5475,卖盘
09:46:21,10.95,0.0,2,2190,卖盘
09:46:27,10.95,0.0,20,21900,卖盘
09:46:42,10.95,0.0,13,14235,卖盘
09:46:45,10.95,0.0,4,4380,卖盘
09:46:51,10.95,0.0,20,21900,卖盘
09:46:57,10.95,0.0,3,3285,卖盘
09:47:00,10.95,0.0,21,22995,卖盘
09:47:03,10.95,0.0,110,120450,卖盘
09:47:06,10.95,0.0,90,98550,卖盘
09:47:09,10.95,0.0,100,109500,卖盘
09:47:15,10.95,0.0,1,1095,卖盘
09:47:21,10.95,0.0,2,2190,卖盘
09:47:39,10.95,0.0,1,1095,卖盘
09:47:45,10.95,0.0,138,151110,卖盘
09:47:57,10.95,0.0,6,6570,卖盘
09:48:09,10.95,0.0,4,4380,卖盘
09:48:15,10.95,0.0,30,32850,卖盘
09:48:18,10.95,0.0,1,1095,卖盘
09:48:21,10.95,0.0,29,31755,卖盘
09:48:27,10.95,0.0,1,1095,卖盘
09:48:33,10.95,0.0,4,4380,卖盘
09:48:39,10.95,0.0,51,55845,卖盘
09:48:45,10.95,0.0,16,17520,卖盘
09:48:51,10.95,0.0,3,3285,卖盘
09:49:00,10.95,0.0,24,26280,卖盘
09:49:06,10.95,0.0,79,86505,卖盘
09:49:12,10.95,0.0,30,32850,卖盘
09:49:18,10.95,0.0,8,8760,卖盘
09:49:30,10.95,0.0,63,68985,卖盘
09:49:36,10.95,0.0,10,10950,卖盘
09:49:42,10.95,0.0,92,100740,卖盘
09:49:45,10.95,0.0,22,24090,卖盘
09:49:48,10.95,0.0,61,66795,卖盘
09:49:54,10.95,0.0,20,21900,卖盘
09:49:57,10.95,0.0,20,21900,卖盘
09:50:09,10.95,0.0,5,5475,卖盘
09:50:12,10.95,0.0,8,8760,卖盘
09:50:18,10.95,0.0,1,1095,卖盘
09:50:24,10.95,0.0,1,1095,卖盘
09:50:39,10.95,0.0,2,2190,卖盘
09:50:48,10.95,0.0,3,3285,卖盘
09:50:54,10.95,0.0,50,54750,卖盘
09:51:00,10.95,0.0,6,6570,卖盘
09:51:12,10.95,0.0,16,17520,卖盘
09:51:21,10.95,0.0,1,1095,卖盘
09:51:24,10.95,0.0,1,1095,卖盘
09:51:36,10.95,0.0,68,74460,卖盘
09:51:39,10.95,0.0,5,5475,卖盘
09:52:12,10.95,0.0,7,7665,卖盘
09:52:21,10.95,0.0,5,5475,卖盘
09:52:27,10.95,0.0,12,13140,卖盘
09:52:30,10.95,0.0,22,24090,卖盘
09:52:39,10.95,0.0,7,7665,卖盘
09:52:54,10.95,0.0,1499,1641405,卖盘
09:53:06,10.95,0.0,2,2190,卖盘
09:53:12,10.95,0.0,8,8760,卖盘
09:53:18,10.95,0.0,201,220095,卖盘
09:53:24,10.95,0.0,20,21900,卖盘
09:53:27,10.95,0.0,2,2190,卖盘
09:54:00,10.95,0.0,1,1095,卖盘
09:54:06,10.95,0.0,41,44895,卖盘
09:54:18,10.95,0.0,1,1095,卖盘
09:54:42,10.95,0.0,1000,1095000,卖盘
09:54:45,10.95,0.0,8,8760,卖盘
09:54:48,10.95,0.0,20,21900,卖盘
09:54:54,10.95,0.0,10,10950,卖盘
09:55:09,10.95,0.0,25,27375,卖盘
09:55:15,10.95,0.0,9,9855,卖盘
09:55:21,10.95,0.0,23,25185,卖盘
09:55:24,10.95,0.0,5,5475,卖盘
09:55:33,10.95,0.0,20,21900,卖盘
09:55:36,10.95,0.0,9,9855,卖盘
09:55:42,10.95,0.0,54,59130,卖盘
09:55:51,10.95,0.0,110,120450,卖盘
09:55:57,10.95,0.0,1,1095,卖盘
09:56:00,10.95,0.0,25,27375,卖盘
09:56:09,10.95,0.0,11,12045,卖盘
09:56:12,10.95,0.0,43,47085,卖盘
09:56:24,10.95,0.0,19,20805,卖盘
09:56:39,10.95,0.0,60,65700,卖盘
09:56:45,10.95,0.0,3,3285,卖盘
09:56:48,10.95,0.0,64,70080,卖盘
09:56:54,10.95,0.0,135,147825,卖盘
09:57:09,10.95,0.0,10,10950,卖盘
09:57:39,10.95,0.0,1,1095,卖盘
09:57:45,10.95,0.0,2,2190,卖盘
09:57:54,10.95,0.0,1,1095,卖盘
09:57:57,10.95,0.0,3,3285,卖盘
09:58:00,10.95,0.0,1,1095,卖盘
09:58:12,10.95,0.0,20,21900,卖盘
09:58:51,10.95,0.0,4,4380,卖盘
09:58:54,10.95,0.0,50,54750,卖盘
09:59:00,10.95,0.0,1,1095,卖盘
09:59:12,10.95,0.0,30,32850,卖盘
09:59:24,10.95,0.0,50,54750,卖盘
09:59:27,10.95,0.0,15,16425,卖盘
09:59:36,10.95,0.0,11,12045,卖盘
10:00:09,10.95,0.0,5,5475,卖盘
10:00:15,10.95,0.0,10,10950,卖盘
10:00:30,10.95,0.0,2,2190,卖盘
10:01:00,10.95,0.0,20,21900,卖盘
10:01:09,10.95,0.0,1,1095,卖盘
10:01:15,10.95,0.0,20,21900,卖盘
10:01:24,10.95,0.0,5,5475,卖盘
10:01:30,10.95,0.0,3,3285,卖盘
10:01:39,10.95,0.0,13,14235,卖盘
10:01:42,10.95,0.0,2,2190,卖盘
10:01:48,10.95,0.0,20,21900,卖盘
10:02:03,10.95,0.0,34,37230,卖盘
10:02:09,10.95,0.0,7,7665,卖盘
10:02:15,10.95,0.0,80,87600,卖盘
10:02:24,10.95,0.0,4,4380,卖盘
10:02:27,10.95,0.0,15,16425,卖盘
10:02:36,10.95,0.0,6,6570,卖盘
10:02:51,10.95,0.0,20,21900,卖盘
10:03:06,10.95,0.0,2,2190,卖盘
10:03:09,10.95,0.0,4,4380,卖盘
10:03:12,10.95,0.0,58,63510,卖盘
10:03:15,10.95,0.0,40,43800,卖盘
10:03:18,10.95,0.0,22,24090,卖盘
10:03:27,10.95,0.0,3,3285,卖盘
10:03:30,10.95,0.0,2,2190,卖盘
10:03:33,10.95,0.0,34,37230,卖盘
10:03:42,10.95,0.0,10,10950,卖盘
10:03:54,10.95,0.0,20,21900,卖盘
10:04:04,10.95,0.0,5,5475,卖盘
10:04:12,10.95,0.0,3,3285,卖盘
10:04:15,10.95,0.0,6,6570,卖盘
10:04:18,10.95,0.0,6,6570,卖盘
10:04:21,10.95,0.0,5,5475,卖盘
10:04:24,10.95,0.0,20,21900,卖盘
10:04:33,10.95,0.0,30,32850,卖盘
10:04:36,10.95,0.0,7,7665,卖盘
10:04:39,10.95,0.0,2,2190,卖盘
10:04:42,10.95,0.0,14,15330,卖盘
10:04:57,10.95,0.0,7,7665,卖盘
10:05:12,10.95,0.0,4,4380,卖盘
10:05:15,10.95,0.0,2,2190,卖盘
10:05:27,10.95,0.0,4,4380,卖盘
10:05:33,10.95,0.0,30,32850,卖盘
10:05:45,10.95,0.0,4,4380,卖盘
10:06:00,10.95,0.0,1,1095,卖盘
10:06:03,10.95,0.0,275,301125,卖盘
10:06:06,10.95,0.0,4,4380,卖盘
10:06:12,10.95,0.0,1,1095,卖盘
10:06:15,10.95,0.0,2,2190,卖盘
10:06:18,10.95,0.0,13,14235,卖盘
10:06:27,10.95,0.0,5,5475,卖盘
10:06:39,10.95,0.0,2,2190,卖盘
10:06:45,10.95,0.0,4,4380,卖盘
10:06:54,10.95,0.0,40,43800,卖盘
10:07:03,10.95,0.0,3,3285,卖盘
10:07:09,10.95,0.0,8,8760,卖盘
10:07:18,10.95,0.0,12,13140,卖盘
10:07:45,10.95,0.0,4,4380,卖盘
10:07:57,10.95,0.0,190,208050,卖盘
10:08:00,10.95,0.0,1,1095,卖盘
10:08:06,10.95,0.0,11,12045,卖盘
10:08:09,10.95,0.0,13,14235,卖盘
10:08:27,10.95,0.0,26,28470,卖盘
10:08:39,10.95,0.0,1,1095,卖盘
10:08:42,10.95,0.0,28,30660,卖盘
10:08:45,10.95,0.0,57,62415,卖盘
10:08:54,10.95,0.0,3,3285,卖盘
10:09:42,10.95,0.0,85,93075,卖盘
10:09:45,10.95,0.0,4,4380,卖盘
10:09:48,10.95,0.0,27,29565,卖盘
10:09:54,10.95,0.0,10,10950,卖盘
10:09:57,10.95,0.0,5,5475,卖盘
10:10:06,10.95,0.0,2,2190,卖盘
10:10:18,10.95,0.0,91,99645,卖盘
10:10:30,10.95,0.0,1,1095,卖盘
10:10:45,10.95,0.0,4,4380,卖盘
10:11:00,10.95,0.0,42,45990,卖盘
10:11:03,10.95,0.0,5,5475,卖盘
10:11:12,10.95,0.0,4,4380,卖盘
10:11:18,10.95,0.0,1,1095,卖盘
10:11:39,10.95,0.0,5,5475,卖盘
10:11:45,10.95,0.0,4,4380,卖盘
10:11:57,10.95,0.0,20,21900,卖盘
10:12:09,10.95,0.0,3,3296,卖盘
10:12:15,10.95,0.0,5,5475,卖盘
10:12:30,10.95,0.0,1,1095,卖盘
10:12:51,10.95,0.0,20,21900,卖盘
10:13:21,10.95,0.0,10,10950,卖盘
10:14:00,10.95,0.0,10,10950,卖盘
10:14:09,10.95,0.0,90,98550,卖盘
10:14:15,10.95,0.0,10,10950,卖盘
10:14:24,10.95,0.0,10,10950,卖盘
10:14:27,10.95,0.0,10,10950,卖盘
10:14:36,10.95,0.0,5,5475,卖盘
10:14:42,10.95,0.0,10,10950,卖盘
10:14:57,10.95,0.0,6,6570,卖盘
10:15:06,10.95,0.0,4,4380,卖盘
10:15:09,10.95,0.0,20,21900,卖盘
10:15:15,10.95,0.0,116,127020,卖盘
10:15:27,10.95,0.0,56,61320,卖盘
10:15:48,10.95,0.0,132,144540,卖盘
10:16:00,10.95,0.0,7,7665,卖盘
10:16:33,10.95,0.0,1,1095,卖盘
10:16:36,10.95,0.0,12,13140,卖盘
10:16:45,10.95,0.0,10,10950,卖盘
10:16:54,10.95,0.0,10,10950,卖盘
10:17:00,10.95,0.0,5,5475,卖盘
10:17:03,10.95,0.0,11,12045,卖盘
10:17:18,10.95,0.0,3,3285,卖盘
10:17:21,10.95,0.0,7,7665,卖盘
10:17:24,10.95,0.0,5,5475,卖盘
10:17:39,10.95,0.0,308,337260,卖盘
10:17:42,10.95,0.0,2,2190,卖盘
10:17:45,10.95,0.0,11,12045,卖盘
10:17:57,10.95,0.0,22,24090,卖盘
10:18:00,10.95,0.0,3,3285,卖盘
10:18:12,10.95,0.0,5,5475,卖盘
10:18:21,10.95,0.0,119,130305,卖盘
10:18:36,10.95,0.0,30,32850,卖盘
10:18:39,10.95,0.0,1,1095,卖盘
10:18:42,10.95,0.0,15,16425,卖盘
10:18:51,10.95,0.0,3,3285,卖盘
10:18:54,10.95,0.0,5,5475,卖盘
10:18:57,10.95,0.0,18,19710,卖盘
10:19:03,10.95,0.0,30,32850,卖盘
10:19:06,10.95,0.0,21,22995,卖盘
10:19:18,10.95,0.0,7,7665,卖盘
10:19:21,10.95,0.0,10,10950,卖盘
10:19:24,10.95,0.0,86,94170,卖盘
10:19:30,10.95,0.0,5,5475,卖盘
10:19:42,10.95,0.0,45,49275,卖盘
10:19:45,10.95,0.0,6,6570,卖盘
10:20:00,10.95,0.0,240,262800,卖盘
10:20:09,10.95,0.0,1,1095,卖盘
10:20:15,10.95,0.0,10,10950,卖盘
10:20:21,10.95,0.0,10,10950,卖盘
10:20:24,10.95,0.0,3,3285,卖盘
10:20:30,10.95,0.0,37,40515,卖盘
10:20:33,10.95,0.0,61,66795,卖盘
10:20:42,10.95,0.0,33,36135,卖盘
10:20:45,10.95,0.0,10,10950,卖盘
10:20:54,10.95,0.0,1,1095,卖盘
10:21:03,10.95,0.0,8,8760,卖盘
10:21:18,10.95,0.0,8,8760,卖盘
10:21:21,10.95,0.0,5,5475,卖盘
10:21:24,10.95,0.0,8,8760,卖盘
10:21:39,10.95,0.0,7,7665,卖盘
10:22:00,10.95,0.0,16,17520,卖盘
10:22:15,10.95,0.0,6,6570,卖盘
10:22:30,10.95,0.0,60,65700,卖盘
10:22:33,10.95,0.0,1,1095,卖盘
10:22:36,10.95,0.0,5,5475,卖盘
10:22:48,10.95,0.0,23,25185,卖盘
10:22:57,10.95,0.0,5,5475,卖盘
10:23:00,10.95,0.0,2,2190,卖盘
10:23:03,10.95,0.0,21,22995,卖盘
10:23:15,10.95,0.0,10,10950,卖盘
10:23:36,10.95,0.0,1,1095,卖盘
10:23:48,10.95,0.0,1,1095,卖盘
10:23:51,10.95,0.0,47,51465,卖盘
10:23:57,10.95,0.0,11,12045,卖盘
10:24:00,10.95,0.0,10,10950,卖盘
10:24:30,10.95,0.0,67,73365,卖盘
10:24:45,10.95,0.0,1,1095,卖盘
10:24:54,10.95,0.0,10,10950,卖盘
10:24:57,10.95,0.0,22,24090,卖盘
10:25:12,10.95,0.0,5,5475,卖盘
10:25:27,10.95,0.0,19,20805,卖盘
10:25:33,10.95,0.0,22,24090,卖盘
10:25:39,10.95,0.0,1,1095,卖盘
10:25:48,10.95,0.0,1,1095,卖盘
10:26:00,10.95,0.0,5,5475,卖盘
10:26:18,10.95,0.0,11,12045,卖盘
10:26:24,10.95,0.0,4,4380,卖盘
10:26:39,10.95,0.0,2,2190,卖盘
10:27:00,10.95,0.0,3,3285,卖盘
10:27:03,10.95,0.0,100,109500,卖盘
10:27:12,10.95,0.0,4,4380,卖盘
10:27:15,10.95,0.0,3,3285,卖盘
10:27:18,10.95,0.0,30,32850,卖盘
10:27:27,10.95,0.0,5,5475,卖盘
10:27:30,10.95,0.0,10,10950,卖盘
10:27:39,10.95,0.0,10,10950,卖盘
10:27:42,10.95,0.0,20,21900,卖盘
10:27:45,10.95,0.0,27,29565,卖盘
10:27:48,10.95,0.0,4,4380,卖盘
10:27:51,10.95,0.0,25,27375,卖盘
10:27:54,10.95,0.0,16,17520,卖盘
10:28:00,10.95,0.0,80,87600,卖盘
10:28:03,10.95,0.0,1,1095,卖盘
10:28:06,10.95,0.0,22,24090,卖盘
10:28:15,10.95,0.0,27,29565,卖盘
10:28:36,10.95,0.0,40,43800,卖盘
10:28:45,10.95,0.0,1,1095,卖盘
10:28:57,10.95,0.0,2,2190,卖盘
10:29:24,10.95,0.0,5,5475,卖盘
10:29:30,10.95,0.0,1,1095,卖盘
10:29:33,10.95,0.0,40,43800,卖盘
10:29:48,10.95,0.0,1,1095,卖盘
10:30:09,10.95,0.0,4,4380,卖盘
10:30:12,10.95,0.0,20,21900,卖盘
10:30:39,10.95,0.0,1,1095,卖盘
10:30:42,10.95,0.0,21,22995,卖盘
10:30:48,10.95,0.0,10,10950,卖盘
10:30:51,10.95,0.0,75,82125,卖盘
10:30:54,10.95,0.0,26,28470,卖盘
10:31:18,10.95,0.0,1,1095,卖盘
10:31:39,10.95,0.0,21,22995,卖盘
10:31:42,10.95,0.0,61,66795,卖盘
10:31:45,10.95,0.0,30,32850,卖盘
10:31:48,10.95,0.0,21,22995,卖盘
10:32:12,10.95,0.0,8,8760,卖盘
10:32:18,10.95,0.0,6,6570,卖盘
10:32:24,10.95,0.0,5,5475,卖盘
10:32:30,10.95,0.0,2,2190,卖盘
10:32:33,10.95,0.0,40,43800,卖盘
10:32:45,10.95,0.0,5,5475,卖盘
10:32:51,10.95,0.0,1,1095,卖盘
10:32:57,10.95,0.0,12,13140,卖盘
10:33:06,10.95,0.0,4,4380,卖盘
10:33:09,10.95,0.0,2,2190,卖盘
10:33:12,10.95,0.0,20,21900,卖盘
10:33:18,10.95,0.0,2,2190,卖盘
10:33:57,10.95,0.0,33,36135,卖盘
10:34:03,10.95,0.0,5,5475,卖盘
10:34:06,10.95,0.0,4,4380,卖盘
10:34:09,10.95,0.0,11,12045,卖盘
10:34:18,10.95,0.0,2,2190,卖盘
10:34:21,10.95,0.0,54,59130,卖盘
10:34:30,10.95,0.0,5,5475,卖盘
10:34:33,10.95,0.0,2,2190,卖盘
10:34:36,10.95,0.0,30,32850,卖盘
10:34:39,10.95,0.0,10,10950,卖盘
10:34:42,10.95,0.0,1,1095,卖盘
10:34:48,10.95,0.0,30,32850,卖盘
10:35:12,10.95,0.0,4,4380,卖盘
10:35:18,10.95,0.0,11,12045,卖盘
10:35:21,10.95,0.0,9,9855,卖盘
10:35:24,10.95,0.0,61,66795,卖盘
10:35:45,10.95,0.0,24,26280,卖盘
10:36:03,10.95,0.0,5,5475,卖盘
10:36:15,10.95,0.0,32,35040,卖盘
10:36:48,10.95,0.0,2,2190,卖盘
10:37:09,10.95,0.0,30,32850,卖盘
10:37:12,10.95,0.0,1,1095,卖盘
10:37:21,10.95,0.0,5,5475,卖盘
10:37:39,10.95,0.0,10,10950,卖盘
10:38:00,10.95,0.0,20,21900,卖盘
10:38:12,10.95,0.0,6,6570,卖盘
10:38:18,10.95,0.0,22,24090,卖盘
10:38:42,10.95,0.0,300,328500,卖盘
10:38:45,10.95,0.0,5,5475,卖盘
10:38:54,10.95,0.0,143,156585,卖盘
10:38:57,10.95,0.0,20,21900,卖盘
10:39:24,10.95,0.0,1,1095,卖盘
10:39:54,10.95,0.0,6,6570,卖盘
10:40:00,10.95,0.0,2,2190,卖盘
10:40:03,10.95,0.0,5,5475,卖盘
10:40:06,10.95,0.0,3,3285,卖盘
10:40:09,10.95,0.0,83,90885,卖盘
10:40:15,10.95,0.0,20,21900,卖盘
10:40:24,10.95,0.0,20,21900,卖盘
10:40:27,10.95,0.0,30,32850,卖盘
10:40:30,10.95,0.0,5,5475,卖盘
10:40:51,10.95,0.0,20,21900,卖盘
10:40:54,10.95,0.0,17,18615,卖盘
10:41:03,10.95,0.0,1,1095,卖盘
10:41:42,10.95,0.0,2,2190,卖盘
10:41:51,10.95,0.0,50,54750,卖盘
10:42:00,10.95,0.0,84,91980,卖盘
10:42:15,10.95,0.0,1,1095,卖盘
10:42:24,10.95,0.0,1,1095,卖盘
10:42:42,10.95,0.0,2,2190,卖盘
10:42:48,10.95,0.0,1,1095,卖盘
10:42:54,10.95,0.0,10,10950,卖盘
10:43:18,10.95,0.0,21,22995,卖盘
10:43:39,10.95,0.0,5,5475,卖盘
10:43:42,10.95,0.0,1002,1097190,卖盘
10:44:00,10.95,0.0,1,1095,卖盘
10:44:09,10.95,0.0,11,12045,卖盘
10:44:30,10.95,0.0,2,2190,卖盘
10:44:45,10.95,0.0,2,2190,卖盘
10:45:12,10.95,0.0,2,2190,卖盘
10:45:18,10.95,0.0,1001,1096095,卖盘
10:45:33,10.95,0.0,10,10950,卖盘
10:45:48,10.95,0.0,3,3285,卖盘
10:45:54,10.95,0.0,21,22995,卖盘
10:46:09,10.95,0.0,40,43800,卖盘
10:46:12,10.95,0.0,20,21900,卖盘
10:46:57,10.95,0.0,3,3285,卖盘
10:47:42,10.95,0.0,861,942795,卖盘
10:47:48,10.95,0.0,10,10950,卖盘
10:48:06,10.95,0.0,2,2190,卖盘
10:48:18,10.95,0.0,10,10950,卖盘
10:48:21,10.95,0.0,20,21900,卖盘
10:48:33,10.95,0.0,10,10950,卖盘
10:48:39,10.95,0.0,4,4380,卖盘
10:48:54,10.95,0.0,50,54750,卖盘
10:49:00,10.95,0.0,3,3285,卖盘
10:49:24,10.95,0.0,5,5475,卖盘
10:49:36,10.95,0.0,10,10950,卖盘
10:49:51,10.95,0.0,6,6570,卖盘
10:50:30,10.95,0.0,5,5475,卖盘
10:50:54,10.95,0.0,22,24090,卖盘
10:50:57,10.95,0.0,2,2190,卖盘
10:51:09,10.95,0.0,16,17520,卖盘
10:51:18,10.95,0.0,20,21900,卖盘
10:51:30,10.95,0.0,30,32850,卖盘
10:51:51,10.95,0.0,20,21900,卖盘
10:52:15,10.95,0.0,5,5475,卖盘
10:52:39,10.95,0.0,3,3285,卖盘
10:53:03,10.95,0.0,22,24090,卖盘
10:53:27,10.95,0.0,20,21900,卖盘
10:53:45,10.95,0.0,50,54750,卖盘
10:55:15,10.95,0.0,3,3285,卖盘
10:56:00,10.95,0.0,21,22995,卖盘
10:56:21,10.95,0.0,2,2190,卖盘
10:56:33,10.95,0.0,1,1095,卖盘
10:56:42,10.95,0.0,10,10950,卖盘
10:56:57,10.95,0.0,10,10950,卖盘
10:57:03,10.95,0.0,14,15330,卖盘
10:57:15,10.95,0.0,2,2190,卖盘
10:57:27,10.95,0.0,40,43800,卖盘
10:58:12,10.95,0.0,1,1095,卖盘
10:58:21,10.95,0.0,12,13140,卖盘
10:58:33,10.95,0.0,22,24090,卖盘
11:00:06,10.95,0.0,1,1095,卖盘
11:00:36,10.95,0.0,2,2190,卖盘
11:00:39,10.95,0.0,2,2190,卖盘
11:01:00,10.95,0.0,6,6570,卖盘
11:01:12,10.95,0.0,21,22995,卖盘
11:01:24,10.95,0.0,1,1095,卖盘
11:01:27,10.95,0.0,6,6570,卖盘
11:01:36,10.95,0.0,5,5475,卖盘
11:01:57,10.95,0.0,6,6570,卖盘
11:02:45,10.95,0.0,3,3285,卖盘
11:03:45,10.95,0.0,21,22995,卖盘
11:04:39,10.95,0.0,105,114975,卖盘
11:05:00,10.95,0.0,52,56940,卖盘
11:05:03,10.95,0.0,5,5475,卖盘
11:05:09,10.95,0.0,100,109500,卖盘
11:05:21,10.95,0.0,26,28470,卖盘
11:06:24,10.95,0.0,22,24090,卖盘
11:07:03,10.95,0.0,26,28470,卖盘
11:08:18,10.95,0.0,5,5475,卖盘
11:08:27,10.95,0.0,1,1095,卖盘
11:09:00,10.95,0.0,22,24090,卖盘
11:09:57,10.95,0.0,4,4380,卖盘
11:11:39,10.95,0.0,22,24090,卖盘
11:13:42,10.95,0.0,2,2190,卖盘
11:13:48,10.95,0.0,1,1095,卖盘
11:14:09,10.95,0.0,20,21900,卖盘
11:14:36,10.95,0.0,2,2190,卖盘
11:15:12,10.95,0.0,50,54750,卖盘
11:15:57,10.95,0.0,10,10950,卖盘
11:16:27,10.95,0.0,19,20805,卖盘
11:16:36,10.95,0.0,28,30660,卖盘
11:18:00,10.95,0.0,1,1095,卖盘
11:18:42,10.95,0.0,113,123735,卖盘
11:19:06,10.95,0.0,21,22995,卖盘
11:20:00,10.95,0.0,56,61320,卖盘
11:20:12,10.95,0.0,5,5475,卖盘
11:21:18,10.95,0.0,19,20805,卖盘
11:22:09,10.95,0.0,84,91980,卖盘
11:23:48,10.95,0.0,21,22995,卖盘
11:24:12,10.95,0.0,7,7665,卖盘
11:24:18,10.95,0.0,20,21900,卖盘
11:25:09,10.95,0.0,1,1095,卖盘
11:25:15,10.95,0.0,3,3285,卖盘
11:26:24,10.95,0.0,21,22995,卖盘
11:27:45,10.95,0.0,6,6570,卖盘
11:29:03,10.95,0.0,21,22995,卖盘
11:29:30,10.95,0.0,30,32850,卖盘
11:30:00,10.95,0.0,84,91980,卖盘
13:00:00,10.95,0.0,1,1095,卖盘
13:00:03,10.95,0.0,20,21900,卖盘
13:00:06,10.95,0.0,17,18615,卖盘
13:00:09,10.95,0.0,129,141255,卖盘
13:00:12,10.95,0.0,4,4380,卖盘
13:00:18,10.95,0.0,1,1095,卖盘
13:01:15,10.95,0.0,19,20805,卖盘
13:01:45,10.95,0.0,19,20805,卖盘
13:03:06,10.95,0.0,30,32850,卖盘
13:03:27,10.95,0.0,80,87600,卖盘
13:03:42,10.95,0.0,3,3285,卖盘
13:03:45,10.95,0.0,5,5475,卖盘
13:03:48,10.95,0.0,5,5475,卖盘
13:03:51,10.95,0.0,21,22995,卖盘
13:04:39,10.95,0.0,22,24090,卖盘
13:06:18,10.95,0.0,20,21900,卖盘
13:08:03,10.95,0.0,70,76650,卖盘
13:08:12,10.95,0.0,22,24090,卖盘
13:08:48,10.95,0.0,21,22995,卖盘
13:11:12,10.95,0.0,34,37230,卖盘
13:11:21,10.95,0.0,21,22995,卖盘
13:12:27,10.95,0.0,1,1095,卖盘
13:13:06,10.95,0.0,1,1095,卖盘
13:14:00,10.95,0.0,22,24090,卖盘
13:16:03,10.95,0.0,1,1095,卖盘
13:16:39,10.95,0.0,22,24090,卖盘
13:17:57,10.95,0.0,7,7665,卖盘
13:18:12,10.95,0.0,1,1095,卖盘
13:18:48,10.95,0.0,5,5475,卖盘
13:19:12,10.95,0.0,21,22995,卖盘
13:19:15,10.95,0.0,30,32850,卖盘
13:20:15,10.95,0.0,2,2190,卖盘
13:21:42,10.95,0.0,20,21900,卖盘
13:21:51,10.95,0.0,3,3285,卖盘
13:23:24,10.95,0.0,100,109500,卖盘
13:24:09,10.95,0.0,2,2190,卖盘
13:24:12,10.95,0.0,21,22995,卖盘
13:24:45,10.95,0.0,5,5475,卖盘
13:26:18,10.95,0.0,1,1095,卖盘
13:26:45,10.95,0.0,21,22995,卖盘
13:27:00,10.95,0.0,1,1095,卖盘
13:27:06,10.95,0.0,1,1095,卖盘
13:27:09,10.95,0.0,5,5475,卖盘
13:27:27,10.95,0.0,1,1095,卖盘
13:28:42,10.95,0.0,50,54750,卖盘
13:28:54,10.95,0.0,30,32850,卖盘
13:29:12,10.95,0.0,20,21900,卖盘
13:29:33,10.95,0.0,3,3285,卖盘
13:30:42,10.95,0.0,2,2190,卖盘
13:31:45,10.95,0.0,21,22995,卖盘
13:31:48,10.95,0.0,2,2190,卖盘
13:32:09,10.95,0.0,2,2190,卖盘
13:32:42,10.95,0.0,300,328500,卖盘
13:32:48,10.95,0.0,5,5475,卖盘
13:33:06,10.95,0.0,3,3285,卖盘
13:33:36,10.95,0.0,23,25185,卖盘
13:33:57,10.95,0.0,19,20805,卖盘
13:34:03,10.95,0.0,2,2190,卖盘
13:34:39,10.95,0.0,10,10950,卖盘
13:35:09,10.95,0.0,10,10950,卖盘
13:35:24,10.95,0.0,2,2190,卖盘
13:35:54,10.95,0.0,20,21900,卖盘
13:36:06,10.95,0.0,2,2190,卖盘
13:36:09,10.95,0.0,11,12045,卖盘
13:36:27,10.95,0.0,20,21900,卖盘
13:36:30,10.95,0.0,14,15330,卖盘
13:36:33,10.95,0.0,4,4380,卖盘
13:36:45,10.95,0.0,4,4380,卖盘
13:37:03,10.95,0.0,2,2190,卖盘
13:37:09,10.95,0.0,24,26280,卖盘
13:37:15,10.95,0.0,3,3285,卖盘
13:38:06,10.95,0.0,2,2190,卖盘
13:38:51,10.95,0.0,17,18615,卖盘
13:39:06,10.95,0.0,22,24090,卖盘
13:39:15,10.95,0.0,1,1095,卖盘
13:39:39,10.95,0.0,3,3285,卖盘
13:39:45,10.95,0.0,1,1095,卖盘
13:40:03,10.95,0.0,2,2190,卖盘
13:40:39,10.95,0.0,1,1095,卖盘
13:40:57,10.95,0.0,2,2190,卖盘
13:41:39,10.95,0.0,20,21900,卖盘
13:41:42,10.95,0.0,21,22995,卖盘
13:42:03,10.95,0.0,2,2190,卖盘
13:42:36,10.95,0.0,2,2190,卖盘
13:42:51,10.95,0.0,1,1095,卖盘
13:42:57,10.95,0.0,1,1095,卖盘
13:43:15,10.95,0.0,4,4380,卖盘
13:44:00,10.95,0.0,19,20805,卖盘
13:44:03,10.95,0.0,1,1095,卖盘
13:45:27,10.95,0.0,1,1095,卖盘
13:45:42,10.95,0.0,5,5475,卖盘
13:45:45,10.95,0.0,260,284700,卖盘
13:46:27,10.95,0.0,20,21900,卖盘
13:47:42,10.95,0.0,4,4380,卖盘
13:48:48,10.95,0.0,5,5475,卖盘
13:48:57,10.95,0.0,21,22995,卖盘
13:49:03,10.95,0.0,10,10950,卖盘
13:49:09,10.95,0.0,5,5475,卖盘
13:49:36,10.95,0.0,30,32850,卖盘
13:49:48,10.95,0.0,30,32850,卖盘
13:51:36,10.95,0.0,21,22995,卖盘
13:52:15,10.95,0.0,3,3285,卖盘
13:52:51,10.95,0.0,1,1095,卖盘
13:53:06,10.95,0.0,20,21900,卖盘
13:54:03,10.95,0.0,5,5475,卖盘
13:54:09,10.95,0.0,23,25185,卖盘
13:54:24,10.95,0.0,2,2190,卖盘
13:56:12,10.95,0.0,4,4380,卖盘
13:56:36,10.95,0.0,2,2190,卖盘
13:56:45,10.95,0.0,21,22995,卖盘
13:58:03,10.95,0.0,6,6570,卖盘
13:58:06,10.95,0.0,1,1095,卖盘
13:58:36,10.95,0.0,10,10950,卖盘
13:59:24,10.95,0.0,22,24090,卖盘
14:01:24,10.95,0.0,31,33945,卖盘
14:01:57,10.95,0.0,22,24090,卖盘
14:04:30,10.95,0.0,21,22995,卖盘
14:04:57,10.95,0.0,7,7665,卖盘
14:07:03,10.95,0.0,21,22995,卖盘
14:07:51,10.95,0.0,1,1095,卖盘
14:09:30,10.95,0.0,20,21900,卖盘
14:10:48,10.95,0.0,3,3285,卖盘
14:11:18,10.95,0.0,10,10950,卖盘
14:12:06,10.95,0.0,22,24090,卖盘
14:12:30,10.95,0.0,1,1095,卖盘
14:14:48,10.95,0.0,32,35040,卖盘
14:16:54,10.95,0.0,10,10950,卖盘
14:17:00,10.95,0.0,20,21900,卖盘
14:17:27,10.95,0.0,22,24090,卖盘
14:19:18,10.95,0.0,5,5475,卖盘
14:19:21,10.95,0.0,24,26280,卖盘
14:20:03,10.95,0.0,21,22995,卖盘
14:20:21,10.95,0.0,1,1095,卖盘
14:21:48,10.95,0.0,30,32850,卖盘
14:22:27,10.95,0.0,12,13140,卖盘
14:22:36,10.95,0.0,21,22995,卖盘
14:23:51,10.95,0.0,10,10950,卖盘
14:24:21,10.95,0.0,1,1095,卖盘
14:25:09,10.95,0.0,21,22995,卖盘
14:25:51,10.95,0.0,1,1095,卖盘
14:26:00,10.95,0.0,4,4380,卖盘
14:26:57,10.95,0.0,20,21900,卖盘
14:27:48,10.95,0.0,22,24090,卖盘
14:28:12,10.95,0.0,5,5475,卖盘
14:28:42,10.95,0.0,1,1095,卖盘
14:29:15,10.95,0.0,2,2190,卖盘
14:29:24,10.95,0.0,2,2190,卖盘
14:29:36,10.95,0.0,2,2190,卖盘
14:29:48,10.95,0.0,15,16425,卖盘
14:32:57,10.95,0.0,6,6570,卖盘
14:33:15,10.95,0.0,25,27375,卖盘
14:33:24,10.95,0.0,10,10950,卖盘
14:33:30,10.95,0.0,63,68985,卖盘
14:33:33,10.95,0.0,48,52560,卖盘
14:34:09,10.95,0.0,24,26280,卖盘
14:34:12,10.95,0.0,1,1095,卖盘
14:34:45,10.95,0.0,3,3285,卖盘
14:35:21,10.95,0.0,30,32850,卖盘
14:35:30,10.95,0.0,40,43800,卖盘
14:35:36,10.95,0.0,50,54750,卖盘
14:35:57,10.95,0.0,4,4380,卖盘
14:36:24,10.95,0.0,15,16425,卖盘
14:36:42,10.95,0.0,15,16425,卖盘
14:36:54,10.95,0.0,10,10950,卖盘
14:37:39,10.95,0.0,7,7665,卖盘
14:38:00,10.95,0.0,20,21900,卖盘
14:38:27,10.95,0.0,17,18615,卖盘
14:39:27,10.95,0.0,5,5475,卖盘
14:40:18,10.95,0.0,1,1095,卖盘
14:40:57,10.95,0.0,50,54750,卖盘
14:42:33,10.95,0.0,40,43800,卖盘
14:43:03,10.95,0.0,10,10950,卖盘
14:44:15,10.95,0.0,4,4380,卖盘
14:44:30,10.95,0.0,7,7665,卖盘
14:45:12,10.95,0.0,5,5475,卖盘
14:46:12,10.95,0.0,6,6570,卖盘
14:46:36,10.95,0.0,3,3285,卖盘
14:47:39,10.95,0.0,2,2190,卖盘
14:48:18,10.95,0.0,5,5475,卖盘
14:48:48,10.95,0.0,10,10950,卖盘
14:49:30,10.95,0.0,1,1095,卖盘
14:50:33,10.95,0.0,7,7665,卖盘
14:50:45,10.95,0.0,4,4380,卖盘
14:50:51,10.95,0.0,10,10950,卖盘
14:50:54,10.95,0.0,20,21900,卖盘
14:52:03,10.95,0.0,4,4380,卖盘
14:52:36,10.95,0.0,21,22995,卖盘
14:53:18,10.95,0.0,1,1095,卖盘
14:54:33,10.95,0.0,17,18615,卖盘
14:54:36,10.95,0.0,18,19710,卖盘
14:54:48,10.95,0.0,5,5475,卖盘
14:55:06,10.95,0.0,6,6570,卖盘
14:55:12,10.95,0.0,4,4380,卖盘
14:55:30,10.95,0.0,60,65700,卖盘
14:56:00,10.95,0.0,1,1095,卖盘
14:56:30,10.95,0.0,50,54750,卖盘
14:56:36,10.95,0.0,1,1095,卖盘
15:00:03,10.95,0.0,16,17520,卖盘
