成交时间,成交价格,价格变动,成交量,成交金额,性质
09:25:02,18.36,-0.02,3168,5816448,卖盘
09:30:02,18.42,0.06,1073,1972184,买盘
09:30:05,18.29,-0.13,252,462195,卖盘
09:30:08,18.36,0.07,1487,2729605,买盘
09:30:11,18.29,-0.07,499,915043,卖盘
09:30:14,18.36,0.07,2012,3693189,买盘
09:30:17,18.3,-0.06,1724,3164827,卖盘
09:30:20,18.39,0.09,829,1524561,买盘
09:30:23,18.41,0.02,146,268690,买盘
09:30:26,18.45,0.04,811,1494796,买盘
09:30:29,18.45,0.0,1274,2350074,买盘
09:30:32,18.46,0.01,1770,3266451,买盘
09:30:35,18.48,0.02,1100,2032869,买盘
09:30:38,18.5,0.02,427,789785,买盘
09:30:41,18.5,0.0,1123,2079502,买盘
09:30:44,18.52,0.02,236,437514,卖盘
09:30:47,18.54,0.02,690,1279896,买盘
09:30:50,18.57,0.03,287,532911,中性盘
09:30:53,18.58,0.01,592,1100072,买盘
09:30:56,18.6,0.02,1030,1915301,买盘
09:30:59,18.62,0.02,879,1637531,中性盘
09:31:02,18.63,0.01,595,1109171,卖盘
09:31:05,18.64,0.01,944,1760640,买盘
09:31:08,18.65,0.01,935,1745240,中性盘
09:31:11,18.64,-0.01,414,772056,卖盘
09:31:14,18.65,0.01,1195,2228599,中性盘
09:31:17,18.64,-0.01,988,1843339,买盘
09:31:20,18.61,-0.03,654,1217724,卖盘
09:31:23,18.6,-0.01,995,1853351,卖盘
09:31:26,18.6,0.0,1305,2427436,卖盘
09:31:29,18.6,0.0,396,736267,买盘
09:31:32,18.6,0.0,602,1119563,买盘
09:31:35,18.58,-0.02,270,501810,卖盘
09:31:38,18.58,0.0,571,1061557,卖盘
09:31:41,18.6,0.02,482,896142,买盘
09:31:44,18.58,-0.02,2805,5214852,卖盘
09:31:47,18.62,0.04,605,1125939,买盘
09:31:50,18.65,0.03,769,1434002,买盘
09:31:53,18.69,0.04,684,1277241,买盘
09:31:56,18.73,0.04,1810,3384893,买盘
09:31:59,18.73,0.0,929,1739451,卖盘
09:32:02,18.69,-0.04,487,911111,卖盘
09:32:05,18.67,-0.02,554,1035529,卖盘
09:32:08,18.65,-0.02,272,506992,卖盘
09:32:11,18.66,0.01,423,788371,买盘
09:32:14,18.65,-0.01,309,575695,卖盘
09:32:17,18.64,-0.01,637,1187427,卖盘
09:32:20,18.63,-0.01,347,646702,卖盘
09:32:23,18.6,-0.03,213,396586,卖盘
09:32:26,18.6,0.0,2831,5279471,卖盘
09:32:29,18.62,0.02,1084,2016373,买盘
09:32:32,18.59,-0.03,804,1495278,卖盘
09:32:35,18.58,-0.01,689,1280974,卖盘
09:32:38,18.57,-0.01,457,848646,卖盘
09:32:41,18.58,0.01,301,559197,买盘
09:32:44,18.57,-0.01,341,633364,卖盘
09:32:47,18.5,-0.07,616,1141148,卖盘
09:32:50,18.55,0.05,118,218632,中性盘
09:32:53,18.55,0.0,42,77773,买盘
09:32:56,18.53,-0.02,202,373923,买盘
09:32:59,18.5,-0.03,147,272080,卖盘
09:33:02,18.48,-0.02,74,136740,卖盘
09:33:05,18.48,0.0,114,210545,买盘
09:33:08,18.44,-0.04,68,125441,卖盘
09:33:11,18.41,-0.03,373,687546,卖盘
09:33:14,18.44,0.03,232,427624,买盘
09:33:17,18.44,0.0,178,328077,买盘
09:33:20,18.4,-0.04,328,603845,卖盘
09:33:23,18.41,0.01,269,495030,买盘
09:33:26,18.39,-0.02,315,579523,卖盘
09:33:29,18.39,0.0,270,496825,买盘
09:33:32,18.42,0.03,78,143489,买盘
09:33:35,18.4,-0.02,110,202442,卖盘
09:33:38,18.4,0.0,459,844966,卖盘
09:33:41,18.44,0.04,111,204656,买盘
09:33:44,18.46,0.02,170,313543,买盘
09:33:47,18.44,-0.02,221,407473,卖盘
09:33:50,18.46,0.02,89,164116,买盘
09:33:53,18.44,-0.02,98,180752,卖盘
09:33:56,18.45,0.01,96,177089,买盘
09:33:59,18.44,-0.01,425,783528,卖盘
09:34:02,18.45,0.01,183,337637,买盘
09:34:05,18.45,0.0,87,160512,买盘
09:34:08,18.43,-0.02,84,154982,卖盘
09:34:11,18.47,0.04,373,687960,买盘
09:34:14,18.43,-0.04,162,298932,卖盘
09:34:17,18.43,0.0,103,189985,卖盘
09:34:20,18.45,0.02,243,448280,买盘
09:34:23,18.45,0.0,166,306268,买盘
09:34:26,18.45,0.0,83,153177,卖盘
09:34:29,18.45,0.0,113,208485,卖盘
09:34:32,18.48,0.03,217,400558,买盘
09:34:35,18.46,-0.02,179,330451,卖盘
09:34:38,18.46,0.0,130,240142,卖盘
09:34:41,18.48,0.02,322,595156,买盘
09:34:44,18.49,0.01,104,192227,中性盘
09:34:47,18.48,-0.01,296,547473,卖盘
09:34:50,18.49,0.01,162,299518,中性盘
09:34:53,18.5,0.01,65,120207,中性盘
09:34:56,18.51,0.01,18,33318,买盘
09:34:59,18.51,0.0,49,90726,卖盘
09:35:02,18.52,0.01,80,148173,买盘
09:35:05,18.49,-0.03,1078,1995335,卖盘
09:35:08,18.49,0.0,282,521166,买盘
09:35:11,18.49,0.0,71,131278,买盘
09:35:14,18.48,-0.01,91,168198,中性盘
09:35:17,18.46,-0.02,152,280721,卖盘
09:35:20,18.46,0.0,177,326911,卖盘
09:35:23,18.51,0.05,828,1531027,买盘
09:35:26,18.51,0.0,312,577662,卖盘
09:35:29,18.51,0.0,13,24069,卖盘
09:35:32,18.5,-0.01,538,995817,卖盘
09:35:35,18.47,-0.03,148,273701,卖盘
09:35:38,18.5,0.03,127,234881,买盘
09:35:41,18.47,-0.03,76,140508,卖盘
09:35:44,18.49,0.02,96,177539,买盘
09:35:47,18.49,0.0,37,68413,买盘
09:35:50,18.49,0.0,23,42529,卖盘
09:35:53,18.49,0.0,53,97988,卖盘
09:35:56,18.49,0.0,22,40677,中性盘
09:35:59,18.49,0.0,213,393602,买盘
09:36:02,18.49,0.0,229,423339,买盘
09:36:05,18.49,0.0,45,83205,买盘
09:36:08,18.47,-0.02,83,153312,卖盘
09:36:11,18.46,-0.01,139,256478,卖盘
09:36:14,18.43,-0.03,79,145726,卖盘
09:36:17,18.44,0.01,8,14749,买盘
09:36:20,18.43,-0.01,96,176996,卖盘
09:36:23,18.45,0.02,411,758257,买盘
09:36:26,18.45,0.0,50,92254,卖盘
09:36:29,18.46,0.01,52,95979,买盘
09:36:32,18.46,0.0,98,180948,卖盘
09:36:35,18.47,0.01,39,72057,中性盘
09:36:38,18.49,0.02,409,756436,买盘
09:36:41,18.5,0.01,717,1326964,买盘
09:36:44,18.54,0.04,145,268631,买盘
09:36:47,18.55,0.01,51,94558,买盘
09:36:50,18.57,0.02,273,506458,买盘
09:36:53,18.55,-0.02,8,14850,卖盘
09:36:56,18.57,0.02,197,365862,买盘
09:36:59,18.56,-0.01,596,1106292,卖盘
09:37:02,18.58,0.02,331,614571,买盘
09:37:05,18.57,-0.01,64,118879,卖盘
09:37:08,18.55,-0.02,462,857851,卖盘
09:37:11,18.53,-0.02,87,161283,卖盘
09:37:14,18.56,0.03,156,289430,买盘
09:37:17,18.55,-0.01,142,263489,卖盘
09:37:20,18.55,0.0,298,552786,买盘
09:37:23,18.58,0.03,244,453236,买盘
09:37:26,18.6,0.02,542,1008208,买盘
09:37:29,18.6,0.0,46,85574,卖盘
09:37:32,18.6,0.0,394,732574,卖盘
09:37:35,18.59,-0.01,53,98550,卖盘
09:37:38,18.6,0.01,104,193322,买盘
09:37:41,18.58,-0.02,150,278840,买盘
09:37:44,18.6,0.02,146,271389,买盘
09:37:47,18.59,-0.01,101,187839,卖盘
09:37:50,18.63,0.04,892,1659464,买盘
09:37:53,18.63,0.0,211,392853,卖盘
09:37:56,18.64,0.01,36,67048,买盘
09:37:59,18.64,0.0,53,98786,买盘
09:38:02,18.64,0.0,136,253532,卖盘
09:38:05,18.63,-0.01,95,177004,卖盘
09:38:08,18.6,-0.03,641,1194444,卖盘
09:38:11,18.63,0.03,91,169481,买盘
09:38:14,18.63,0.0,94,175054,买盘
09:38:17,18.61,-0.02,136,253200,卖盘
09:38:20,18.63,0.02,206,383662,买盘
09:38:23,18.62,-0.01,118,219698,买盘
09:38:26,18.62,0.0,139,258853,买盘
09:38:29,18.58,-0.04,439,816692,卖盘
09:38:32,18.59,0.01,8,14867,买盘
09:38:35,18.59,0.0,79,146869,中性盘
09:38:38,18.58,-0.01,172,319679,卖盘
09:38:41,18.6,0.02,156,289967,买盘
09:38:44,18.58,-0.02,265,492413,卖盘
09:38:47,18.58,0.0,68,126344,买盘
09:38:50,18.56,-0.02,66,122571,卖盘
09:38:53,18.56,0.0,72,133652,卖盘
09:38:56,18.58,0.02,50,92850,买盘
09:38:59,18.55,-0.03,101,187360,卖盘
09:39:02,18.53,-0.02,612,1135075,卖盘
09:39:05,18.5,-0.03,143,264868,卖盘
09:39:08,18.48,-0.02,568,1050601,卖盘
09:39:11,18.48,0.0,38,70221,买盘
09:39:14,18.53,0.05,334,618051,买盘
09:39:17,18.5,-0.03,76,140600,中性盘
09:39:20,18.51,0.01,33,61081,中性盘
09:39:23,18.51,0.0,39,72190,卖盘
09:39:26,18.51,0.0,99,183247,买盘
09:39:29,18.5,-0.01,29,53682,卖盘
09:39:32,18.51,0.01,2,3702,买盘
09:39:35,18.5,-0.01,275,508958,卖盘
09:39:38,18.5,0.0,101,186849,买盘
09:39:41,18.51,0.01,170,314545,买盘
09:39:44,18.5,-0.01,92,170283,卖盘
09:39:47,18.51,0.01,17,31467,买盘
09:39:50,18.5,-0.01,49,90667,卖盘
09:39:53,18.51,0.01,295,546028,买盘
09:39:56,18.5,-0.01,67,123969,卖盘
09:39:59,18.5,0.0,666,1232250,卖盘
09:40:02,18.51,0.01,118,218416,买盘
09:40:05,18.5,-0.01,369,682753,卖盘
09:40:08,18.51,0.01,417,771565,买盘
09:40:11,18.51,0.0,10,18510,卖盘
09:40:14,18.52,0.01,34,62965,买盘
09:40:17,18.51,-0.01,31,57405,卖盘
09:40:20,18.52,0.01,98,181470,买盘
09:40:23,18.52,0.0,21,38885,买盘
09:40:26,18.53,0.01,31,57424,买盘
09:40:29,18.53,0.0,123,227883,买盘
09:40:32,18.53,0.0,93,172255,买盘
09:40:35,18.53,0.0,210,389130,买盘
09:40:38,18.53,0.0,126,233476,卖盘
09:40:41,18.51,-0.02,727,1346343,卖盘
09:40:44,18.53,0.02,29,53736,买盘
09:40:47,18.53,0.0,14,25942,卖盘
09:40:50,18.53,0.0,609,1128477,卖盘
09:40:53,18.53,0.0,71,131571,卖盘
09:40:56,18.53,0.0,20,37054,买盘
09:40:59,18.53,0.0,35,64822,买盘
09:41:02,18.51,-0.02,363,672694,卖盘
09:41:05,18.53,0.02,121,224295,买盘
09:41:08,18.55,0.02,152,281703,买盘
09:41:11,18.55,0.0,33,61192,买盘
09:41:14,18.54,-0.01,200,370935,卖盘
09:41:17,18.54,0.0,64,118656,卖盘
09:41:20,18.54,0.0,72,133488,买盘
09:41:23,18.54,0.0,130,241018,买盘
09:41:26,18.57,0.03,418,775709,买盘
09:41:29,18.59,0.02,351,652349,买盘
09:41:32,18.59,0.0,3,5576,中性盘
09:41:35,18.6,0.01,182,338386,买盘
09:41:38,18.6,0.0,62,115274,买盘
09:41:41,18.6,0.0,83,154375,买盘
09:41:44,18.59,-0.01,242,450016,卖盘
09:41:47,18.6,0.01,210,390590,买盘
09:41:50,18.6,0.0,165,306911,卖盘
09:41:53,18.63,0.03,530,986944,买盘
09:41:56,18.64,0.01,228,424987,买盘
09:41:59,18.64,0.0,157,292642,卖盘
09:42:02,18.64,0.0,89,165895,买盘
09:42:05,18.64,0.0,226,421254,买盘
09:42:08,18.64,0.0,81,150828,买盘
09:42:11,18.63,-0.01,162,301928,中性盘
09:42:14,18.64,0.01,682,1271174,买盘
09:42:17,18.62,-0.02,50,93131,中性盘
09:42:20,18.63,0.01,111,206785,买盘
09:42:23,18.62,-0.01,93,173221,卖盘
09:42:26,18.63,0.01,170,316552,买盘
09:42:29,18.62,-0.01,157,292504,卖盘
09:42:32,18.62,0.0,53,98689,买盘
09:42:35,18.62,0.0,80,148963,中性盘
09:42:38,18.63,0.01,325,605253,买盘
09:42:41,18.63,0.0,48,89398,买盘
09:42:44,18.62,-0.01,114,212305,卖盘
09:42:47,18.62,0.0,100,186222,卖盘
09:42:50,18.63,0.01,60,111733,买盘
09:42:53,18.62,-0.01,258,480630,卖盘
09:42:56,18.62,0.0,36,67025,买盘
09:42:59,18.61,-0.01,239,445013,卖盘
09:43:02,18.61,0.0,55,102358,卖盘
09:43:05,18.62,0.01,314,584631,买盘
09:43:08,18.62,0.0,205,381719,买盘
09:43:11,18.63,0.01,111,206681,买盘
09:43:14,18.57,-0.06,1262,2347419,卖盘
09:43:17,18.56,-0.01,15,27840,卖盘
09:43:20,18.55,-0.01,1,1855,卖盘
09:43:23,18.57,0.02,236,438155,买盘
09:43:26,18.57,0.0,30,55688,买盘
09:43:29,18.56,-0.01,33,61248,卖盘
09:43:32,18.56,0.0,14,25990,卖盘
09:43:35,18.59,0.03,242,449941,买盘
09:43:38,18.6,0.01,487,905429,买盘
09:43:41,18.59,-0.01,78,145052,中性盘
09:43:44,18.6,0.01,106,197106,买盘
09:43:47,18.6,0.0,18,33477,买盘
09:43:50,18.59,-0.01,43,79952,卖盘
09:43:53,18.59,0.0,91,169169,买盘
09:43:56,18.59,0.0,130,241673,买盘
09:43:59,18.58,-0.01,47,87338,卖盘
09:44:02,18.59,0.01,11,20444,买盘
09:44:05,18.6,0.01,529,983885,买盘
09:44:08,18.57,-0.03,178,330596,卖盘
09:44:11,18.57,0.0,16,29711,买盘
09:44:14,18.57,0.0,77,142934,买盘
09:44:17,18.56,-0.01,4,7426,卖盘
09:44:20,18.56,0.0,26,48256,卖盘
09:44:23,18.56,0.0,180,334172,卖盘
09:44:26,18.56,0.0,23,42686,买盘
09:44:29,18.55,-0.01,17,31549,卖盘
09:44:32,18.56,0.01,42,77952,买盘
09:44:35,18.55,-0.01,22,40813,卖盘
09:44:38,18.56,0.01,3,5568,买盘
09:44:41,18.56,0.0,43,79768,买盘
09:44:44,18.57,0.01,231,428641,买盘
09:44:47,18.56,-0.01,35,64969,卖盘
09:44:50,18.55,-0.01,808,1499365,卖盘
09:44:53,18.54,-0.01,185,343162,卖盘
09:44:56,18.54,0.0,158,292792,卖盘
09:44:59,18.52,-0.02,134,248224,卖盘
09:45:02,18.52,0.0,97,179563,买盘
09:45:05,18.51,-0.01,467,864421,卖盘
09:45:08,18.5,-0.01,257,475459,卖盘
09:45:11,18.5,0.0,272,502951,买盘
09:45:14,18.5,0.0,153,283057,卖盘
09:45:17,18.5,0.0,28,51846,卖盘
09:45:20,18.51,0.01,66,122269,中性盘
09:45:23,18.51,0.0,60,111049,卖盘
09:45:26,18.54,0.03,141,261046,买盘
09:45:29,18.54,0.0,44,81576,卖盘
09:45:32,18.54,0.0,4,7417,卖盘
09:45:35,18.54,0.0,59,109412,卖盘
09:45:38,18.54,0.0,15,27810,买盘
09:45:41,18.52,-0.02,10,18520,卖盘
09:45:44,18.54,0.02,56,103766,买盘
09:45:47,18.54,0.0,299,554515,卖盘
09:45:50,18.54,0.0,29,53764,中性盘
09:45:53,18.54,0.0,4,7414,买盘
09:45:56,18.54,0.0,65,120478,买盘
09:45:59,18.55,0.01,130,241021,买盘
09:46:02,18.55,0.0,18,33382,买盘
09:46:05,18.54,-0.01,38,70451,卖盘
09:46:08,18.53,-0.01,7,12973,卖盘
09:46:11,18.53,0.0,65,120373,买盘
09:46:14,18.5,-0.03,456,843801,卖盘
09:46:17,18.53,0.03,32,59206,买盘
09:46:20,18.53,0.0,150,277946,买盘
09:46:23,18.54,0.01,32,59302,买盘
09:46:26,18.53,-0.01,140,259503,卖盘
09:46:29,18.54,0.01,90,166893,买盘
09:46:32,18.53,-0.01,145,268685,卖盘
09:46:35,18.55,0.02,98,181751,买盘
09:46:38,18.56,0.01,350,649025,买盘
09:46:41,18.56,0.0,150,278543,买盘
09:46:44,18.58,0.02,20,37154,买盘
09:46:47,18.58,0.0,40,74320,买盘
09:46:50,18.59,0.01,36,66899,买盘
09:46:53,18.58,-0.01,13,24154,买盘
09:46:56,18.58,0.0,73,135684,卖盘
09:46:59,18.59,0.01,262,486887,买盘
09:47:02,18.58,-0.01,128,238013,卖盘
09:47:05,18.58,0.0,119,221128,卖盘
09:47:08,18.58,0.0,36,66884,买盘
09:47:11,18.58,0.0,39,72422,买盘
09:47:14,18.57,-0.01,37,68714,中性盘
09:47:17,18.58,0.01,79,146743,买盘
09:47:20,18.55,-0.03,252,468178,卖盘
09:47:23,18.58,0.03,153,284140,买盘
09:47:26,18.58,0.0,1,1858,买盘
09:47:29,18.58,0.0,453,840810,买盘
09:47:32,18.59,0.01,128,237806,买盘
09:47:35,18.59,0.0,37,68748,买盘
09:47:38,18.57,-0.02,44,81715,卖盘
09:47:41,18.59,0.02,206,382956,买盘
09:47:44,18.6,0.01,302,561006,买盘
09:47:47,18.58,-0.02,455,846278,卖盘
09:47:50,18.59,0.01,21,39066,卖盘
09:47:53,18.59,0.0,99,184125,卖盘
09:47:56,18.61,0.02,207,385017,买盘
09:47:59,18.6,-0.01,39,72540,卖盘
09:48:02,18.6,0.0,55,102300,卖盘
09:48:05,18.61,0.01,330,614132,买盘
09:48:08,18.62,0.01,164,305260,买盘
09:48:11,18.62,0.0,23,42820,买盘
09:48:14,18.62,0.0,129,240149,买盘
09:48:17,18.61,-0.01,55,102436,卖盘
09:48:20,18.62,0.01,37,68894,买盘
09:48:23,18.62,0.0,94,175035,卖盘
09:48:26,18.58,-0.04,445,827346,卖盘
09:48:29,18.58,0.0,37,68745,买盘
09:48:32,18.57,-0.01,12,22290,卖盘
09:48:35,18.57,0.0,30,55739,卖盘
09:48:38,18.55,-0.02,46,85382,卖盘
09:48:41,18.57,0.02,5,9285,买盘
09:48:44,18.55,-0.02,92,170660,卖盘
09:48:47,18.56,0.01,314,582395,买盘
09:48:50,18.56,0.0,127,235712,卖盘
09:48:53,18.56,0.0,21,38976,买盘
09:48:56,18.56,0.0,1,1856,买盘
09:48:59,18.56,0.0,50,92801,买盘
09:49:02,18.56,0.0,170,315484,卖盘
09:49:05,18.55,-0.01,2,3710,中性盘
09:49:08,18.54,-0.01,28,51935,卖盘
09:49:11,18.55,0.01,49,90914,中性盘
09:49:14,18.55,0.0,21,38955,卖盘
09:49:17,18.54,-0.01,127,235537,卖盘
09:49:20,18.54,0.0,4,7416,买盘
09:49:23,18.53,-0.01,19,35214,卖盘
09:49:26,18.54,0.01,159,294671,买盘
09:49:29,18.56,0.02,109,202141,买盘
09:49:32,18.56,0.0,8,14848,卖盘
09:49:35,18.57,0.01,29,53839,买盘
09:49:38,18.57,0.0,38,70564,买盘
09:49:41,18.57,0.0,9,16709,买盘
09:49:44,18.57,0.0,73,135556,买盘
09:49:47,18.56,-0.01,64,118837,卖盘
09:49:50,18.57,0.01,36,66822,卖盘
09:49:53,18.56,-0.01,87,161510,卖盘
09:49:56,18.56,0.0,2,3712,买盘
09:49:59,18.56,0.0,13,24128,买盘
09:50:02,18.55,-0.01,2082,3853907,卖盘
09:50:05,18.56,0.01,14,25970,买盘
09:50:08,18.55,-0.01,42,77766,中性盘
09:50:11,18.53,-0.02,95,176011,卖盘
09:50:14,18.55,0.02,117,216935,买盘
09:50:17,18.54,-0.01,12,22238,买盘
09:50:20,18.54,0.0,20,37080,买盘
09:50:23,18.54,0.0,11,20398,卖盘
09:50:26,18.54,0.0,74,137195,卖盘
09:50:29,18.53,-0.01,6,11122,卖盘
09:50:32,18.54,0.01,6,11115,买盘
09:50:35,18.53,-0.01,4,7412,卖盘
09:50:38,18.52,-0.01,48,88902,卖盘
09:50:41,18.52,0.0,55,101907,卖盘
09:50:44,18.51,-0.01,17,31154,卖盘
09:50:47,18.52,0.01,3,5556,买盘
09:50:50,18.51,-0.01,13,24377,卖盘
09:50:53,18.51,0.0,53,98061,买盘
09:50:56,18.51,0.0,236,436825,买盘
09:50:59,18.52,0.01,6,11111,买盘
09:51:02,18.52,0.0,22,40732,买盘
09:51:05,18.51,-0.01,273,505493,卖盘
09:51:08,18.52,0.01,22,40741,买盘
09:51:11,18.52,0.0,95,175625,买盘
09:51:14,18.53,0.01,15,27795,买盘
09:51:17,18.52,-0.01,67,124095,卖盘
09:51:20,18.53,0.01,11,20391,中性盘
09:51:23,18.52,-0.01,77,142665,卖盘
09:51:26,18.54,0.02,88,163138,买盘
09:51:29,18.53,-0.01,66,122301,卖盘
09:51:32,18.53,0.0,9,16677,卖盘
09:51:35,18.53,0.0,45,83453,卖盘
09:51:38,18.53,0.0,57,105631,卖盘
09:51:41,18.52,-0.01,124,229690,卖盘
09:51:44,18.52,0.0,99,183358,卖盘
09:51:47,18.49,-0.03,441,816495,卖盘
09:51:50,18.49,0.0,15,27746,卖盘
09:51:53,18.49,0.0,194,358861,卖盘
09:51:56,18.49,0.0,51,94325,卖盘
09:51:59,18.49,0.0,194,358794,卖盘
09:52:02,18.48,-0.01,22,40661,卖盘
09:52:05,18.48,0.0,343,633959,卖盘
09:52:08,18.48,0.0,97,179249,买盘
09:52:11,18.47,-0.01,51,94197,卖盘
09:52:14,18.47,0.0,49,90490,买盘
09:52:17,18.46,-0.01,9,16616,卖盘
09:52:20,18.47,0.01,42,77537,买盘
09:52:23,18.45,-0.02,71,131002,卖盘
09:52:26,18.45,0.0,108,199394,卖盘
09:52:29,18.45,0.0,90,166108,卖盘
09:52:32,18.47,0.02,444,819427,买盘
09:52:35,18.49,0.02,146,269825,买盘
09:52:38,18.47,-0.02,61,112714,卖盘
09:52:41,18.5,0.03,365,675248,买盘
09:52:44,18.52,0.02,37,68472,买盘
09:52:47,18.5,-0.02,124,229417,卖盘
09:52:50,18.52,0.02,31,57412,买盘
09:52:53,18.52,0.0,61,113003,卖盘
09:52:56,18.55,0.03,849,1573315,买盘
09:52:59,18.52,-0.03,828,1533257,卖盘
09:53:05,18.52,0.0,183,338910,买盘
09:53:08,18.52,0.0,23,42596,买盘
09:53:11,18.51,-0.01,41,75901,卖盘
09:53:14,18.51,0.0,22,40721,买盘
09:53:17,18.47,-0.04,162,299400,卖盘
09:53:20,18.47,0.0,74,136678,买盘
09:53:23,18.46,-0.01,98,180916,卖盘
09:53:26,18.47,0.01,100,184644,买盘
09:53:29,18.47,0.0,67,123712,买盘
09:53:32,18.47,0.0,102,188345,买盘
09:53:35,18.46,-0.01,59,108915,卖盘
09:53:38,18.45,-0.01,60,110746,卖盘
09:53:41,18.45,0.0,176,324634,卖盘
09:53:44,18.45,0.0,183,337525,买盘
09:53:47,18.42,-0.03,43,79208,卖盘
09:53:50,18.41,-0.01,149,274431,卖盘
09:53:53,18.4,-0.01,99,182222,卖盘
09:53:56,18.4,0.0,142,261469,卖盘
09:53:59,18.4,0.0,413,760121,卖盘
09:54:02,18.41,0.01,85,156434,中性盘
09:54:05,18.41,0.0,25,46029,卖盘
09:54:08,18.38,-0.03,813,1495924,卖盘
09:54:11,18.41,0.03,77,141656,买盘
09:54:14,18.41,0.0,1,1841,买盘
09:54:17,18.4,-0.01,208,382730,卖盘
09:54:20,18.4,0.0,451,829723,卖盘
09:54:23,18.4,0.0,33,60720,买盘
09:54:26,18.4,0.0,109,200448,买盘
09:54:29,18.4,0.0,62,114019,买盘
09:54:32,18.4,0.0,102,187559,买盘
09:54:35,18.39,-0.01,71,130577,卖盘
09:54:38,18.4,0.01,41,75435,买盘
09:54:41,18.39,-0.01,34,62531,卖盘
09:54:44,18.4,0.01,274,504072,买盘
09:54:47,18.4,0.0,129,237361,买盘
09:54:50,18.42,0.02,467,859702,买盘
09:54:53,18.42,0.0,353,650085,买盘
09:54:56,18.41,-0.01,20,36828,卖盘
09:54:59,18.43,0.02,8,14739,中性盘
09:55:02,18.42,-0.01,12,22114,卖盘
09:55:05,18.44,0.02,11,20280,买盘
09:55:08,18.41,-0.03,50,92072,卖盘
09:55:11,18.42,0.01,28,51592,卖盘
09:55:14,18.42,0.0,22,40526,卖盘
09:55:17,18.42,0.0,22,40524,卖盘
09:55:20,18.42,0.0,36,66312,买盘
09:55:23,18.43,0.01,47,86578,买盘
09:55:26,18.42,-0.01,30,55253,买盘
09:55:29,18.41,-0.01,105,193362,卖盘
09:55:32,18.42,0.01,64,117947,卖盘
09:55:35,18.41,-0.01,24,44214,卖盘
09:55:38,18.43,0.02,65,119772,买盘
09:55:41,18.42,-0.01,92,169464,卖盘
09:55:44,18.44,0.02,520,958983,买盘
09:55:47,18.47,0.03,329,607586,买盘
09:55:50,18.46,-0.01,37,68306,卖盘
09:55:53,18.46,0.0,2,3692,买盘
09:55:56,18.46,0.0,46,84916,买盘
09:55:59,18.46,0.0,3,5537,中性盘
09:56:02,18.45,-0.01,16,29520,卖盘
09:56:05,18.46,0.01,35,64573,买盘
09:56:08,18.42,-0.04,7,12902,卖盘
09:56:14,18.42,0.0,43,79206,卖盘
09:56:17,18.41,-0.01,5,9207,卖盘
09:56:20,18.41,0.0,4,7364,卖盘
09:56:23,18.41,0.0,53,97536,卖盘
09:56:26,18.41,0.0,144,265104,买盘
09:56:29,18.4,-0.01,55,101241,卖盘
09:56:32,18.4,0.0,78,143525,卖盘
09:56:35,18.42,0.02,40,73633,买盘
09:56:38,18.42,0.0,130,239441,买盘
09:56:41,18.42,0.0,22,40544,卖盘
09:56:44,18.44,0.02,19,35036,买盘
09:56:47,18.44,0.0,8,14752,买盘
09:56:50,18.44,0.0,107,197408,卖盘
09:56:53,18.44,0.0,12,22128,卖盘
09:56:56,18.44,0.0,30,55320,卖盘
09:56:59,18.43,-0.01,20,36873,卖盘
09:57:02,18.44,0.01,31,57154,买盘
09:57:05,18.42,-0.02,60,110544,卖盘
09:57:08,18.42,0.0,114,209988,卖盘
09:57:11,18.42,0.0,225,414450,卖盘
09:57:14,18.41,-0.01,8,14729,卖盘
09:57:17,18.41,0.0,9,16569,卖盘
09:57:23,18.4,-0.01,49,90160,卖盘
09:57:26,18.4,0.0,62,114080,卖盘
09:57:29,18.41,0.01,22,40495,买盘
09:57:32,18.4,-0.01,69,126960,卖盘
09:57:35,18.4,0.0,2,3680,买盘
09:57:38,18.39,-0.01,64,117704,卖盘
09:57:41,18.39,0.0,149,274011,卖盘
09:57:44,18.39,0.0,6,11032,买盘
09:57:47,18.38,-0.01,8,14704,卖盘
09:57:50,18.39,0.01,70,128694,买盘
09:57:53,18.39,0.0,26,47796,买盘
09:57:56,18.38,-0.01,214,393439,卖盘
09:57:59,18.39,0.01,104,191249,买盘
09:58:02,18.38,-0.01,60,110285,卖盘
09:58:05,18.38,0.0,55,101129,卖盘
09:58:08,18.38,0.0,89,163597,卖盘
09:58:11,18.39,0.01,106,194890,买盘
09:58:14,18.39,0.0,50,91948,卖盘
09:58:17,18.39,0.0,53,97469,卖盘
09:58:20,18.41,0.02,408,750675,买盘
09:58:23,18.41,0.0,38,69958,买盘
09:58:26,18.4,-0.01,141,259446,卖盘
09:58:29,18.4,0.0,97,178520,买盘
09:58:32,18.4,0.0,34,62567,卖盘
09:58:35,18.41,0.01,81,149113,买盘
09:58:38,18.41,0.0,52,95701,买盘
09:58:41,18.41,0.0,45,82802,卖盘
09:58:44,18.41,0.0,10,18410,卖盘
09:58:47,18.42,0.01,123,226564,买盘
09:58:50,18.42,0.0,29,53390,买盘
09:58:53,18.41,-0.01,29,53389,卖盘
09:58:56,18.41,0.0,48,88367,买盘
09:58:59,18.4,-0.01,6,11042,卖盘
09:59:02,18.39,-0.01,116,213429,卖盘
09:59:05,18.39,0.0,69,126937,卖盘
09:59:08,18.38,-0.01,14,25732,卖盘
09:59:11,18.39,0.01,5,9194,买盘
09:59:14,18.38,-0.01,25,45950,卖盘
09:59:17,18.39,0.01,86,158073,买盘
09:59:20,18.38,-0.01,24,44127,卖盘
09:59:23,18.38,0.0,12,22057,卖盘
09:59:26,18.38,0.0,13,23904,卖盘
09:59:29,18.38,0.0,144,264686,卖盘
09:59:32,18.37,-0.01,161,295762,卖盘
09:59:35,18.36,-0.01,21,38557,卖盘
09:59:38,18.36,0.0,47,86292,卖盘
09:59:41,18.37,0.01,27,49575,买盘
09:59:44,18.36,-0.01,147,269941,卖盘
09:59:47,18.36,0.0,68,124888,卖盘
09:59:50,18.36,0.0,25,45897,买盘
09:59:53,18.36,0.0,52,95433,买盘
09:59:56,18.35,-0.01,24,44044,卖盘
09:59:59,18.35,0.0,149,273415,卖盘
10:00:02,18.35,0.0,130,238550,卖盘
10:00:05,18.34,-0.01,34,62380,卖盘
10:00:08,18.34,0.0,31,56868,卖盘
10:00:11,18.34,0.0,56,102704,卖盘
10:00:14,18.34,0.0,8,14671,买盘
10:00:17,18.32,-0.02,32,58634,卖盘
10:00:20,18.32,0.0,68,124580,卖盘
10:00:23,18.34,0.02,335,613651,买盘
10:00:26,18.31,-0.03,582,1065176,卖盘
10:00:29,18.31,0.0,98,179441,卖盘
10:00:32,18.31,0.0,22,40274,买盘
10:00:35,18.31,0.0,536,980293,买盘
10:00:38,18.3,-0.01,182,333176,卖盘
10:00:41,18.3,0.0,85,155550,卖盘
10:00:44,18.3,0.0,15,27450,买盘
10:00:47,18.3,0.0,20,36584,买盘
10:00:50,18.29,-0.01,45,82315,卖盘
10:00:53,18.29,0.0,67,122555,卖盘
10:00:56,18.28,-0.01,16,29235,买盘
10:00:59,18.26,-0.02,156,284944,卖盘
10:01:02,18.26,0.0,33,60265,卖盘
10:01:05,18.27,0.01,12,21924,买盘
10:01:08,18.26,-0.01,101,184457,卖盘
10:01:11,18.26,0.0,57,104095,卖盘
10:01:14,18.26,0.0,33,60256,买盘
10:01:17,18.26,0.0,20,36532,中性盘
10:01:20,18.26,0.0,343,625572,卖盘
10:01:23,18.27,0.01,63,115059,买盘
10:01:26,18.25,-0.02,163,297562,卖盘
10:01:29,18.28,0.03,101,184564,买盘
10:01:32,18.26,-0.02,108,197284,卖盘
10:01:35,18.28,0.02,243,443863,买盘
10:01:38,18.26,-0.02,148,270306,卖盘
10:01:41,18.26,0.0,149,271973,买盘
10:01:44,18.26,0.0,33,60249,买盘
10:01:47,18.25,-0.01,26,47450,卖盘
10:01:50,18.25,0.0,17,31025,卖盘
10:01:53,18.25,0.0,86,156960,卖盘
10:01:56,18.25,0.0,840,1532169,中性盘
10:01:59,18.25,0.0,70,127747,买盘
10:02:02,18.24,-0.01,45,82126,卖盘
10:02:05,18.24,0.0,7,12777,卖盘
10:02:08,18.24,0.0,72,131407,卖盘
10:02:11,18.25,0.01,51,93099,卖盘
10:02:14,18.25,0.0,59,107711,卖盘
10:02:17,18.26,0.01,141,257359,中性盘
10:02:20,18.25,-0.01,122,222587,卖盘
10:02:23,18.26,0.01,61,111351,买盘
10:02:26,18.25,-0.01,16,29203,卖盘
10:02:29,18.25,0.0,102,186209,卖盘
10:02:32,18.25,0.0,32,58411,卖盘
10:02:35,18.25,0.0,90,164261,卖盘
10:02:38,18.25,0.0,37,67525,买盘
10:02:41,18.26,0.01,12,21903,买盘
10:02:47,18.27,0.01,41,74899,买盘
10:02:50,18.28,0.01,6,10965,买盘
10:02:53,18.27,-0.01,53,96834,卖盘
10:02:56,18.28,0.01,12,21934,买盘
10:02:59,18.27,-0.01,12,21926,卖盘
10:03:02,18.27,0.0,73,133371,卖盘
10:03:05,18.27,0.0,34,62150,卖盘
10:03:08,18.27,0.0,48,87716,卖盘
10:03:11,18.27,0.0,39,71280,卖盘
10:03:14,18.28,0.01,5,9138,买盘
10:03:20,18.27,-0.01,24,43870,卖盘
10:03:23,18.29,0.02,25,45701,买盘
10:03:26,18.28,-0.01,6,10968,卖盘
10:03:29,18.28,0.0,9,16452,卖盘
10:03:32,18.28,0.0,26,47503,买盘
10:03:35,18.28,0.0,53,96884,买盘
10:03:38,18.26,-0.02,327,597384,卖盘
10:03:41,18.28,0.02,114,208194,买盘
10:03:44,18.27,-0.01,27,49325,中性盘
10:03:47,18.26,-0.01,11,20089,卖盘
10:03:50,18.27,0.01,1,1827,卖盘
10:03:53,18.28,0.01,66,120579,买盘
10:03:56,18.27,-0.01,59,107833,买盘
10:03:59,18.28,0.01,39,71279,买盘
10:04:02,18.28,0.0,117,213888,买盘
10:04:05,18.28,0.0,182,332713,卖盘
10:04:08,18.28,0.0,59,107891,卖盘
10:04:11,18.28,0.0,28,51198,卖盘
10:04:14,18.28,0.0,140,255934,卖盘
10:04:17,18.27,-0.01,24,43869,卖盘
10:04:20,18.27,0.0,20,36540,卖盘
10:04:26,18.27,0.0,94,171748,卖盘
10:04:29,18.27,0.0,67,122429,卖盘
10:04:32,18.26,-0.01,1,1826,卖盘
10:04:38,18.26,0.0,72,131476,卖盘
10:04:41,18.25,-0.01,60,109504,卖盘
10:04:44,18.26,0.01,59,107679,买盘
10:04:47,18.25,-0.01,37,67525,卖盘
10:04:50,18.24,-0.01,2,3648,卖盘
10:04:53,18.24,0.0,22,40148,卖盘
10:04:56,18.25,0.01,37,67521,买盘
10:04:59,18.26,0.01,13,23735,买盘
10:05:02,18.26,0.0,438,799859,买盘
10:05:05,18.27,0.01,325,593463,中性盘
10:05:08,18.28,0.01,68,124278,买盘
10:05:11,18.27,-0.01,21,38375,卖盘
10:05:14,18.28,0.01,91,166295,中性盘
10:05:17,18.29,0.01,53,96851,买盘
10:05:20,18.29,0.0,46,84079,买盘
10:05:23,18.29,0.0,93,170095,买盘
10:05:26,18.29,0.0,182,332863,买盘
10:05:29,18.3,0.01,80,146343,买盘
10:05:32,18.28,-0.02,73,133451,卖盘
10:05:35,18.28,0.0,20,36560,买盘
10:05:38,18.28,0.0,52,95056,买盘
10:05:41,18.28,0.0,15,27420,买盘
10:05:44,18.28,0.0,81,148056,买盘
10:05:47,18.28,0.0,964,1762418,买盘
10:05:50,18.3,0.02,9,16470,买盘
10:05:53,18.3,0.0,52,95149,买盘
10:05:56,18.3,0.0,6,10980,买盘
10:05:59,18.3,0.0,97,177488,买盘
10:06:02,18.31,0.01,310,567303,买盘
10:06:05,18.3,-0.01,3,5492,卖盘
10:06:11,18.32,0.02,1,1832,买盘
10:06:14,18.31,-0.01,9,16479,卖盘
10:06:17,18.32,0.01,10,18314,买盘
10:06:20,18.32,0.0,90,164880,买盘
10:06:23,18.32,0.0,36,65944,中性盘
10:06:26,18.31,-0.01,58,106265,卖盘
10:06:29,18.32,0.01,31,56783,买盘
10:06:32,18.33,0.01,44,80579,买盘
10:06:35,18.31,-0.02,6,10987,卖盘
10:06:38,18.32,0.01,5,9161,卖盘
10:06:41,18.34,0.02,295,540763,买盘
10:06:44,18.33,-0.01,9,16498,卖盘
10:06:47,18.33,0.0,17,31168,卖盘
10:06:50,18.34,0.01,43,78850,买盘
10:06:53,18.34,0.0,16,29344,买盘
10:06:56,18.35,0.01,66,121076,买盘
10:06:59,18.34,-0.01,165,302769,卖盘
10:07:02,18.35,0.01,10,18347,买盘
10:07:05,18.35,0.0,149,273415,买盘
10:07:08,18.37,0.02,89,163401,买盘
10:07:11,18.37,0.0,8,14696,买盘
10:07:14,18.38,0.01,67,123065,买盘
10:07:20,18.33,-0.05,704,1291494,卖盘
10:07:23,18.36,0.03,30,55029,买盘
10:07:26,18.32,-0.04,126,231004,卖盘
10:07:29,18.36,0.04,9,16505,买盘
10:07:32,18.32,-0.04,107,196043,卖盘
10:07:35,18.32,0.0,21,38472,买盘
10:07:38,18.32,0.0,21,38462,买盘
10:07:41,18.32,0.0,85,155669,买盘
10:07:44,18.32,0.0,8,14656,卖盘
10:07:47,18.32,0.0,3,5496,卖盘
10:07:50,18.32,0.0,7,12826,卖盘
10:07:53,18.33,0.01,1,1833,中性盘
10:07:56,18.34,0.01,11,20174,买盘
10:07:59,18.34,0.0,2,3668,卖盘
10:08:02,18.34,0.0,16,29345,卖盘
10:08:05,18.33,-0.01,37,67839,卖盘
10:08:08,18.33,0.0,45,82485,卖盘
10:08:11,18.33,0.0,14,25654,买盘
10:08:17,18.32,-0.01,28,51296,卖盘
10:08:20,18.33,0.01,16,29315,买盘
10:08:23,18.36,0.03,141,258647,买盘
10:08:26,18.38,0.02,19,34879,买盘
10:08:29,18.38,0.0,13,23889,买盘
10:08:32,18.37,-0.01,64,117629,卖盘
10:08:35,18.36,-0.01,21,38558,卖盘
10:08:38,18.34,-0.02,73,133990,卖盘
10:08:41,18.33,-0.01,98,179634,卖盘
10:08:44,18.32,-0.01,69,126417,卖盘
10:08:47,18.33,0.01,15,27487,买盘
10:08:50,18.37,0.04,181,332166,买盘
10:08:53,18.35,-0.02,34,62418,卖盘
10:08:59,18.35,0.0,54,99090,卖盘
10:09:02,18.34,-0.01,60,110109,卖盘
10:09:05,18.34,0.0,17,31180,卖盘
10:09:08,18.34,0.0,51,93531,买盘
10:09:11,18.31,-0.03,44,80632,卖盘
10:09:14,18.31,0.0,105,192256,卖盘
10:09:17,18.31,0.0,16,29295,买盘
10:09:20,18.31,0.0,10,18310,买盘
10:09:23,18.31,0.0,210,384509,卖盘
10:09:26,18.31,0.0,39,71444,卖盘
10:09:29,18.31,0.0,43,78733,卖盘
10:09:32,18.32,0.01,8,14656,卖盘
10:09:38,18.33,0.01,35,64151,买盘
10:09:41,18.33,0.0,35,64163,卖盘
10:09:44,18.33,0.0,29,53156,卖盘
10:09:47,18.32,-0.01,35,64120,卖盘
10:09:50,18.31,-0.01,34,62254,卖盘
10:09:53,18.32,0.01,3,5496,买盘
10:09:56,18.31,-0.01,102,186764,卖盘
10:09:59,18.31,0.0,12,21972,卖盘
10:10:02,18.31,0.0,95,173987,卖盘
10:10:05,18.31,0.0,41,75071,卖盘
10:10:08,18.3,-0.01,3,5491,卖盘
10:10:11,18.31,0.01,13,23794,买盘
10:10:14,18.31,0.0,11,20141,买盘
10:10:17,18.31,0.0,101,184931,买盘
10:10:23,18.32,0.01,3,5496,买盘
10:10:26,18.31,-0.01,41,75072,卖盘
10:10:29,18.31,0.0,69,126406,卖盘
10:10:32,18.31,0.0,2,3662,卖盘
10:10:35,18.31,0.0,12,21976,卖盘
10:10:38,18.32,0.01,29,53115,中性盘
10:10:41,18.32,0.0,8,14656,卖盘
10:10:44,18.32,0.0,108,197856,买盘
10:10:47,18.33,0.01,46,84318,买盘
10:10:50,18.33,0.0,2,3666,卖盘
10:10:53,18.33,0.0,19,34827,卖盘
10:10:56,18.34,0.01,12,22001,买盘
10:11:02,18.38,0.04,330,605933,买盘
10:11:05,18.39,0.01,118,216896,买盘
10:11:08,18.39,0.0,75,137925,卖盘
10:11:11,18.38,-0.01,74,136014,卖盘
10:11:14,18.37,-0.01,33,60648,卖盘
10:11:17,18.36,-0.01,259,475756,卖盘
10:11:20,18.36,0.0,64,117518,卖盘
10:11:23,18.36,0.0,152,279109,买盘
10:11:26,18.35,-0.01,9,16525,卖盘
10:11:29,18.36,0.01,32,58768,卖盘
10:11:32,18.38,0.02,127,233362,买盘
10:11:35,18.36,-0.02,10,18360,卖盘
10:11:38,18.36,0.0,65,119340,卖盘
10:11:41,18.35,-0.01,305,559898,卖盘
10:11:44,18.38,0.03,43,78969,买盘
10:11:47,18.36,-0.02,21,38558,卖盘
10:11:50,18.36,0.0,18,33048,卖盘
10:11:53,18.38,0.02,2,3676,买盘
10:11:56,18.38,0.0,26,47788,买盘
10:11:59,18.38,0.0,14,25732,买盘
10:12:02,18.38,0.0,15,27570,买盘
10:12:05,18.35,-0.03,223,409309,卖盘
10:12:08,18.35,0.0,130,238423,卖盘
10:12:11,18.32,-0.03,34,62306,卖盘
10:12:14,18.32,0.0,49,89891,卖盘
10:12:17,18.35,0.03,52,95420,买盘
10:12:20,18.35,0.0,43,78905,买盘
10:12:23,18.36,0.01,53,97268,买盘
10:12:26,18.36,0.0,42,77071,买盘
10:12:29,18.34,-0.02,118,216503,卖盘
10:12:32,18.4,0.06,309,568130,买盘
10:12:35,18.42,0.02,60,110464,买盘
10:12:38,18.41,-0.01,7,12885,买盘
10:12:41,18.4,-0.01,197,362494,卖盘
10:12:44,18.39,-0.01,6,11034,买盘
10:12:47,18.39,0.0,54,99305,买盘
10:12:53,18.4,0.01,39,71737,买盘
10:12:56,18.39,-0.01,5,9195,卖盘
10:12:59,18.4,0.01,98,180330,买盘
10:13:02,18.4,0.0,7,12882,卖盘
10:13:05,18.39,-0.01,44,80966,卖盘
10:13:08,18.37,-0.02,231,424650,卖盘
10:13:11,18.37,0.0,73,134099,卖盘
10:13:14,18.39,0.02,12,22049,买盘
10:13:17,18.37,-0.02,8,14699,卖盘
10:13:20,18.37,0.0,44,80828,卖盘
10:13:23,18.37,0.0,40,73493,卖盘
10:13:26,18.37,0.0,39,71623,买盘
10:13:29,18.39,0.02,18,33079,买盘
10:13:32,18.39,0.0,38,69871,买盘
10:13:35,18.4,0.01,32,58870,买盘
10:13:38,18.39,-0.01,16,29424,买盘
10:13:41,18.39,0.0,46,84515,买盘
10:13:44,18.4,0.01,151,277798,买盘
10:13:47,18.4,0.0,25,45998,买盘
10:13:50,18.4,0.0,94,172960,买盘
10:13:53,18.4,0.0,38,69886,买盘
10:13:56,18.39,-0.01,34,62553,卖盘
10:13:59,18.39,0.0,85,156317,卖盘
10:14:02,18.39,0.0,64,117737,买盘
10:14:05,18.4,0.01,66,121434,买盘
10:14:11,18.4,0.0,20,36816,卖盘
10:14:14,18.4,0.0,14,25760,卖盘
10:14:17,18.39,-0.01,144,264867,卖盘
10:14:20,18.4,0.01,49,90152,买盘
10:14:23,18.4,0.0,4,7360,买盘
10:14:26,18.39,-0.01,23,42315,卖盘
10:14:29,18.39,0.0,29,53341,卖盘
10:14:32,18.4,0.01,52,95619,买盘
10:14:35,18.39,-0.01,4,7356,买盘
10:14:38,18.39,0.0,22,40468,买盘
10:14:41,18.38,-0.01,58,106654,卖盘
10:14:44,18.39,0.01,39,71713,买盘
10:14:47,18.39,0.0,5,9192,买盘
10:14:50,18.39,0.0,49,90125,买盘
10:14:53,18.4,0.01,173,318320,买盘
10:14:56,18.39,-0.01,108,198525,卖盘
10:14:59,18.4,0.01,25,45992,买盘
10:15:05,18.4,0.0,20,36800,买盘
10:15:08,18.39,-0.01,13,23912,卖盘
10:15:11,18.4,0.01,8,14720,买盘
10:15:14,18.39,-0.01,4,7356,卖盘
10:15:17,18.4,0.01,4,7360,买盘
10:15:23,18.39,-0.01,3,5517,卖盘
10:15:32,18.4,0.01,129,237235,买盘
10:15:35,18.39,-0.01,52,95629,卖盘
10:15:38,18.38,-0.01,140,257462,卖盘
10:15:41,18.39,0.01,5,9195,买盘
10:15:44,18.39,0.0,36,66204,买盘
10:15:47,18.37,-0.02,27,49631,卖盘
10:15:50,18.38,0.01,36,66168,买盘
10:15:53,18.37,-0.01,2,3675,卖盘
10:15:56,18.37,0.0,10,18370,卖盘
10:15:59,18.38,0.01,42,77196,买盘
10:16:02,18.37,-0.01,79,145186,卖盘
10:16:05,18.39,0.02,153,281187,买盘
10:16:08,18.38,-0.01,1,1838,中性盘
10:16:11,18.37,-0.01,49,90098,卖盘
10:16:14,18.37,0.0,41,75321,卖盘
10:16:17,18.37,0.0,39,71645,卖盘
10:16:20,18.37,0.0,38,69806,买盘
10:16:23,18.37,0.0,44,80812,买盘
10:16:26,18.36,-0.01,11,20196,卖盘
10:16:29,18.36,0.0,35,64273,卖盘
10:16:32,18.36,0.0,17,31221,卖盘
10:16:35,18.36,0.0,32,58768,卖盘
10:16:38,18.36,0.0,32,58752,卖盘
10:16:41,18.35,-0.01,135,247749,卖盘
10:16:44,18.36,0.01,53,97302,买盘
10:16:47,18.34,-0.02,30,55027,卖盘
10:16:50,18.36,0.02,28,51388,买盘
10:16:53,18.35,-0.01,35,64225,卖盘
10:16:56,18.34,-0.01,31,56873,卖盘
10:16:59,18.34,0.0,7,12838,卖盘
10:17:02,18.34,0.0,25,45860,卖盘
10:17:05,18.35,0.01,42,77066,买盘
10:17:08,18.36,0.01,53,97283,买盘
10:17:11,18.4,0.04,946,1739223,买盘
10:17:14,18.38,-0.02,124,228122,卖盘
10:17:17,18.41,0.03,1,1841,中性盘
10:17:23,18.4,-0.01,30,55200,卖盘
10:17:26,18.42,0.02,59,108637,买盘
10:17:29,18.41,-0.01,6,11046,卖盘
10:17:32,18.42,0.01,37,68145,买盘
10:17:35,18.42,0.0,28,51563,买盘
10:17:38,18.42,0.0,509,937956,买盘
10:17:41,18.42,0.0,30,55276,卖盘
10:17:44,18.44,0.02,2,3688,买盘
10:17:47,18.43,-0.01,5,9215,卖盘
10:17:50,18.44,0.01,78,143827,买盘
10:17:53,18.43,-0.01,23,42389,卖盘
10:17:56,18.43,0.0,22,40544,买盘
10:17:59,18.43,0.0,43,79249,买盘
10:18:02,18.42,-0.01,32,58944,卖盘
10:18:05,18.41,-0.01,40,73673,卖盘
10:18:08,18.41,0.0,49,90213,卖盘
10:18:11,18.41,0.0,5,9205,买盘
10:18:17,18.4,-0.01,4,7360,卖盘
10:18:20,18.4,0.0,36,66241,卖盘
10:18:23,18.4,0.0,16,29440,卖盘
10:18:26,18.4,0.0,8,14720,卖盘
10:18:29,18.4,0.0,15,27600,卖盘
10:18:32,18.4,0.0,116,213440,卖盘
10:18:35,18.4,0.0,114,209760,卖盘
10:18:38,18.4,0.0,106,195032,买盘
10:18:41,18.4,0.0,4,7360,买盘
10:18:47,18.38,-0.02,5,9190,卖盘
10:18:50,18.4,0.02,39,71697,买盘
10:18:53,18.39,-0.01,21,38619,卖盘
10:18:56,18.4,0.01,2,3680,买盘
10:18:59,18.4,0.0,8,14715,买盘
10:19:02,18.39,-0.01,27,49653,卖盘
10:19:05,18.37,-0.02,75,137859,卖盘
10:19:08,18.37,0.0,113,207413,卖盘
10:19:11,18.37,0.0,39,71633,买盘
10:19:14,18.37,0.0,20,36740,买盘
10:19:17,18.37,0.0,21,38563,买盘
10:19:20,18.37,0.0,19,34903,买盘
10:19:23,18.35,-0.02,86,157691,卖盘
10:19:26,18.37,0.02,69,126696,买盘
10:19:29,18.34,-0.03,25,45890,卖盘
10:19:32,18.37,0.03,21,38563,买盘
10:19:35,18.35,-0.02,127,233044,中性盘
10:19:38,18.36,0.01,32,58727,买盘
10:19:47,18.34,-0.02,17,31186,卖盘
10:19:50,18.35,0.01,39,71527,买盘
10:19:53,18.34,-0.01,7,12842,卖盘
10:19:56,18.35,0.01,12,22020,卖盘
10:19:59,18.35,0.0,39,71565,卖盘
10:20:02,18.35,0.0,12,22020,卖盘
10:20:05,18.35,0.0,127,233090,卖盘
10:20:08,18.34,-0.01,56,102737,卖盘
10:20:11,18.34,0.0,1,1834,卖盘
10:20:14,18.35,0.01,87,159581,买盘
10:20:17,18.38,0.03,480,881368,买盘
10:20:20,18.38,0.0,69,126843,买盘
10:20:23,18.39,0.01,23,42295,买盘
10:20:26,18.39,0.0,41,75394,买盘
10:20:32,18.37,-0.02,10,18376,卖盘
10:20:35,18.39,0.02,18,33089,买盘
10:20:38,18.35,-0.04,70,128509,卖盘
10:20:41,18.37,0.02,36,66132,中性盘
10:20:50,18.37,0.0,92,168973,买盘
10:20:53,18.37,0.0,46,84501,买盘
10:20:56,18.36,-0.01,9,16530,卖盘
10:20:59,18.37,0.01,29,53254,买盘
10:21:02,18.37,0.0,22,40414,买盘
10:21:05,18.35,-0.02,325,596701,卖盘
10:21:08,18.39,0.04,80,146967,买盘
10:21:11,18.39,0.0,12,22068,买盘
10:21:14,18.39,0.0,127,233537,买盘
10:21:17,18.35,-0.04,9,16533,卖盘
10:21:20,18.38,0.03,62,113776,买盘
10:21:23,18.35,-0.03,59,108373,卖盘
10:21:26,18.35,0.0,4,7340,买盘
10:21:29,18.36,0.01,1,1836,卖盘
10:21:32,18.36,0.0,30,55080,卖盘
10:21:35,18.35,-0.01,8,14680,卖盘
10:21:38,18.35,0.0,35,64200,买盘
10:21:41,18.35,0.0,7,12845,买盘
10:21:44,18.36,0.01,111,203784,买盘
10:21:47,18.36,0.0,45,82609,买盘
10:21:50,18.36,0.0,80,146866,买盘
10:21:53,18.35,-0.01,41,75288,卖盘
10:21:56,18.38,0.03,26,47788,买盘
10:21:59,18.36,-0.02,13,23868,卖盘
10:22:02,18.37,0.01,13,23881,买盘
10:22:05,18.38,0.01,26,47774,买盘
10:22:08,18.36,-0.02,3,5508,中性盘
10:22:11,18.36,0.0,32,58783,卖盘
10:22:14,18.38,0.02,23,42259,买盘
10:22:17,18.38,0.0,56,102928,买盘
10:22:20,18.38,0.0,37,68006,买盘
10:22:23,18.38,0.0,92,169012,买盘
10:22:26,18.39,0.01,31,56956,买盘
10:22:32,18.39,0.0,21,38619,买盘
10:22:35,18.38,-0.01,8,14704,中性盘
10:22:41,18.37,-0.01,2,3674,卖盘
10:22:44,18.36,-0.01,60,110215,卖盘
10:22:47,18.38,0.02,161,295767,买盘
10:22:53,18.39,0.01,69,126859,买盘
10:22:59,18.38,-0.01,7,12866,买盘
10:23:02,18.38,0.0,36,66141,买盘
10:23:05,18.37,-0.01,51,93731,卖盘
10:23:08,18.38,0.01,50,91902,买盘
10:23:11,18.37,-0.01,37,67971,卖盘
10:23:14,18.37,0.0,24,44088,买盘
10:23:17,18.36,-0.01,6,11017,卖盘
10:23:20,18.35,-0.01,108,198207,卖盘
10:23:23,18.36,0.01,66,121150,买盘
10:23:26,18.34,-0.02,7,12838,卖盘
10:23:29,18.36,0.02,7,12845,买盘
10:23:32,18.35,-0.01,107,196254,卖盘
10:23:35,18.33,-0.02,50,91739,卖盘
10:23:38,18.35,0.02,10,18346,买盘
10:23:44,18.33,-0.02,50,91691,卖盘
10:23:47,18.33,0.0,32,58656,买盘
10:23:50,18.32,-0.01,49,89768,卖盘
10:23:53,18.31,-0.01,37,67797,卖盘
10:23:56,18.31,0.0,103,188574,卖盘
10:23:59,18.29,-0.02,554,1013974,卖盘
10:24:02,18.32,0.03,41,75068,买盘
10:24:05,18.32,0.0,189,346374,买盘
10:24:08,18.32,0.0,35,64096,买盘
10:24:11,18.32,0.0,51,93434,买盘
10:24:14,18.34,0.02,61,111773,买盘
10:24:17,18.32,-0.02,40,73256,中性盘
10:24:20,18.33,0.01,68,124623,买盘
10:24:23,18.31,-0.02,14,25643,卖盘
10:24:26,18.32,0.01,30,54961,中性盘
10:24:29,18.31,-0.01,67,122684,卖盘
10:24:32,18.31,0.0,22,40282,买盘
10:24:35,18.29,-0.02,122,223358,卖盘
10:24:38,18.3,0.01,9,16473,卖盘
10:24:41,18.3,0.0,57,104319,卖盘
10:24:44,18.3,0.0,19,34770,买盘
10:24:47,18.3,0.0,24,43920,买盘
10:24:50,18.3,0.0,61,111630,买盘
10:24:53,18.3,0.0,204,373470,买盘
10:24:56,18.3,0.0,64,117132,卖盘
10:24:59,18.3,0.0,77,140972,卖盘
10:25:02,18.3,0.0,148,271132,卖盘
10:25:05,18.3,0.0,21,38430,买盘
10:25:08,18.3,0.0,21,38419,买盘
10:25:11,18.3,0.0,133,243390,买盘
10:25:14,18.29,-0.01,106,193880,卖盘
10:25:17,18.3,0.01,11,20124,买盘
10:25:20,18.29,-0.01,7,12808,卖盘
10:25:23,18.29,0.0,11,20123,卖盘
10:25:26,18.29,0.0,30,54870,卖盘
10:25:29,18.29,0.0,5,9145,买盘
10:25:35,18.29,0.0,15,27434,买盘
10:25:38,18.3,0.01,580,1060892,买盘
10:25:41,18.3,0.0,64,117124,卖盘
10:25:44,18.3,0.0,36,65880,卖盘
10:25:47,18.31,0.01,40,73236,买盘
10:25:50,18.31,0.0,32,58592,卖盘
10:25:53,18.31,0.0,3,5493,买盘
10:25:56,18.31,0.0,10,18310,买盘
10:25:59,18.3,-0.01,5,9154,卖盘
10:26:02,18.3,0.0,61,111630,卖盘
10:26:05,18.31,0.01,89,162976,买盘
10:26:08,18.31,0.0,58,106196,卖盘
10:26:11,18.3,-0.01,33,60422,卖盘
10:26:14,18.31,0.01,10,18310,买盘
10:26:17,18.3,-0.01,340,622201,卖盘
10:26:20,18.3,0.0,11,20130,买盘
10:26:23,18.3,0.0,12,21958,买盘
10:26:26,18.29,-0.01,46,84134,卖盘
10:26:32,18.29,0.0,2,3658,买盘
10:26:35,18.29,0.0,8,14632,买盘
10:26:38,18.28,-0.01,9,16452,卖盘
10:26:41,18.28,0.0,13,23772,卖盘
10:26:44,18.29,0.01,98,179144,买盘
10:26:47,18.29,0.0,130,237778,买盘
10:26:50,18.27,-0.02,137,250548,卖盘
10:26:53,18.28,0.01,6,10968,买盘
10:26:56,18.29,0.01,66,120684,买盘
10:26:59,18.28,-0.01,46,84088,卖盘
10:27:02,18.26,-0.02,130,237540,卖盘
10:27:05,18.27,0.01,155,283185,买盘
10:27:08,18.29,0.02,1431,2614447,买盘
10:27:11,18.3,0.01,211,386112,买盘
10:27:14,18.29,-0.01,204,373166,卖盘
10:27:17,18.29,0.0,74,135377,卖盘
10:27:20,18.29,0.0,51,93286,买盘
10:27:23,18.32,0.03,14,25628,买盘
10:27:26,18.3,-0.02,15,27457,卖盘
10:27:29,18.32,0.02,10,18316,买盘
10:27:32,18.3,-0.02,9,16470,卖盘
10:27:35,18.3,0.0,76,139088,卖盘
10:27:38,18.29,-0.01,6,10974,卖盘
10:27:41,18.3,0.01,27,49399,买盘
10:27:44,18.3,0.0,10,18300,买盘
10:27:47,18.3,0.0,17,31106,买盘
10:27:50,18.3,0.0,28,51240,卖盘
10:27:53,18.3,0.0,13,23785,中性盘
10:27:56,18.29,-0.01,16,29278,卖盘
10:27:59,18.29,0.0,33,60377,卖盘
10:28:02,18.3,0.01,21,38414,中性盘
10:28:05,18.3,0.0,249,455849,卖盘
10:28:08,18.29,-0.01,111,203074,卖盘
10:28:11,18.29,0.0,32,58528,买盘
10:28:14,18.28,-0.01,69,126134,卖盘
10:28:17,18.28,0.0,7,12796,买盘
10:28:20,18.28,0.0,6,10967,买盘
10:28:23,18.28,0.0,135,246625,买盘
10:28:26,18.28,0.0,16,29248,买盘
10:28:29,18.29,0.01,38,69468,买盘
10:28:32,18.28,-0.01,28,51186,卖盘
10:28:35,18.28,0.0,90,164590,卖盘
10:28:38,18.29,0.01,12,21946,买盘
10:28:41,18.28,-0.01,42,76824,卖盘
10:28:44,18.29,0.01,4,7316,买盘
10:28:47,18.29,0.0,25,45725,买盘
10:28:50,18.29,0.0,56,102408,买盘
10:28:53,18.29,0.0,49,89590,买盘
10:28:56,18.28,-0.01,7,12794,中性盘
10:28:59,18.28,0.0,63,115147,买盘
10:29:02,18.28,0.0,1,1828,卖盘
10:29:05,18.29,0.01,122,223127,买盘
10:29:08,18.28,-0.01,23,42057,卖盘
10:29:11,18.29,0.01,8,14632,买盘
10:29:14,18.29,0.0,1,1829,买盘
10:29:17,18.29,0.0,1,1829,买盘
10:29:20,18.29,0.0,10,18290,买盘
10:29:23,18.29,0.0,23,42067,买盘
10:29:26,18.28,-0.01,43,78604,卖盘
10:29:29,18.29,0.01,8,14630,买盘
10:29:32,18.29,0.0,15,27425,买盘
10:29:35,18.28,-0.01,99,180999,卖盘
10:29:38,18.28,0.0,2,3656,卖盘
10:29:41,18.28,0.0,74,135278,卖盘
10:29:44,18.28,0.0,4,7312,卖盘
10:29:47,18.28,0.0,21,38388,买盘
10:29:50,18.28,0.0,5,9138,买盘
10:29:53,18.28,0.0,12,21930,买盘
10:29:56,18.28,0.0,34,62144,买盘
10:29:59,18.28,0.0,5,9141,卖盘
10:30:02,18.28,0.0,8,14624,卖盘
10:30:05,18.28,0.0,9,16458,卖盘
10:30:08,18.29,0.01,6,10969,买盘
10:30:11,18.29,0.0,146,267034,买盘
10:30:14,18.28,-0.01,9,16456,卖盘
10:30:17,18.28,0.0,8,14629,卖盘
10:30:20,18.28,0.0,134,245048,卖盘
10:30:23,18.28,0.0,32,58506,卖盘
10:30:26,18.29,0.01,4,7313,买盘
10:30:32,18.28,-0.01,3,5484,卖盘
10:30:35,18.29,0.01,19,34751,买盘
10:30:38,18.29,0.0,27,49382,买盘
10:30:41,18.28,-0.01,111,202913,卖盘
10:30:44,18.28,0.0,1,1828,买盘
10:30:47,18.28,0.0,6,10968,买盘
10:30:50,18.28,0.0,78,142539,买盘
10:30:53,18.27,-0.01,71,129738,卖盘
10:30:56,18.28,0.01,6,10968,买盘
10:30:59,18.27,-0.01,29,52987,卖盘
10:31:02,18.27,0.0,12,21924,买盘
10:31:05,18.27,0.0,88,160776,买盘
10:31:08,18.26,-0.01,51,93170,卖盘
10:31:11,18.26,0.0,56,102262,卖盘
10:31:14,18.26,0.0,125,228250,卖盘
10:31:17,18.26,0.0,17,31039,买盘
10:31:20,18.26,0.0,3,5477,买盘
10:31:23,18.26,0.0,50,91254,买盘
10:31:26,18.26,0.0,21,38335,买盘
10:31:29,18.25,-0.01,44,80346,卖盘
10:31:32,18.25,0.0,2,3651,卖盘
10:31:35,18.25,0.0,14,25550,卖盘
10:31:38,18.25,0.0,117,213540,卖盘
10:31:41,18.25,0.0,18,32854,卖盘
10:31:44,18.25,0.0,26,47451,卖盘
10:31:47,18.25,0.0,7,12779,卖盘
10:31:50,18.26,0.01,31,56581,买盘
10:31:53,18.26,0.0,4,7304,买盘
10:31:56,18.26,0.0,7,12782,买盘
10:31:59,18.26,0.0,58,105884,买盘
10:32:02,18.25,-0.01,3,5475,卖盘
10:32:05,18.25,0.0,131,239138,卖盘
10:32:08,18.24,-0.01,79,144135,卖盘
10:32:11,18.25,0.01,37,67496,买盘
10:32:14,18.24,-0.01,29,52887,卖盘
10:32:17,18.23,-0.01,24,43761,卖盘
10:32:20,18.23,0.0,29,52868,卖盘
10:32:23,18.23,0.0,74,134909,卖盘
10:32:26,18.24,0.01,84,153151,买盘
10:32:29,18.23,-0.01,273,497700,卖盘
10:32:32,18.23,0.0,113,205922,卖盘
10:32:35,18.23,0.0,25,45539,卖盘
10:32:38,18.23,0.0,27,49194,卖盘
10:32:41,18.23,0.0,20,36460,买盘
10:32:44,18.23,0.0,132,240436,买盘
10:32:47,18.23,0.0,89,162118,买盘
10:32:50,18.24,0.01,59,107523,买盘
10:32:53,18.23,-0.01,61,111238,卖盘
10:32:56,18.25,0.02,162,295984,买盘
10:32:59,18.23,-0.02,113,205968,卖盘
10:33:02,18.21,-0.02,42,76499,卖盘
10:33:05,18.22,0.01,13,23689,卖盘
10:33:08,18.22,0.0,26,47382,卖盘
10:33:11,18.23,0.01,260,474025,买盘
10:33:14,18.24,0.01,251,457613,中性盘
10:33:17,18.25,0.01,109,198705,买盘
10:33:20,18.23,-0.02,49,89273,卖盘
10:33:23,18.23,0.0,130,236970,买盘
10:33:26,18.23,0.0,159,289773,买盘
10:33:29,18.24,0.01,308,561538,买盘
10:33:32,18.23,-0.01,65,118525,卖盘
10:33:35,18.24,0.01,150,273499,中性盘
10:33:38,18.25,0.01,79,144085,买盘
10:33:41,18.23,-0.02,82,149573,卖盘
10:33:44,18.23,0.0,24,43752,卖盘
10:33:47,18.24,0.01,22,40117,买盘
10:33:50,18.23,-0.01,5,9115,卖盘
10:33:53,18.24,0.01,10,18240,买盘
10:33:56,18.23,-0.01,40,72950,卖盘
10:33:59,18.23,0.0,71,129446,卖盘
10:34:02,18.23,0.0,91,165910,卖盘
10:34:05,18.26,0.03,160,291902,买盘
10:34:08,18.26,0.0,221,403684,卖盘
10:34:11,18.27,0.01,109,199020,买盘
10:34:14,18.27,0.0,59,107747,买盘
10:34:17,18.27,0.0,31,56616,买盘
10:34:20,18.27,0.0,100,182689,买盘
10:34:23,18.29,0.02,50,91374,买盘
10:34:26,18.26,-0.03,146,266783,卖盘
10:34:29,18.3,0.04,68,124249,买盘
10:34:32,18.29,-0.01,28,51164,中性盘
10:34:35,18.3,0.01,29,53055,买盘
10:34:38,18.29,-0.01,183,334868,卖盘
10:34:41,18.3,0.01,83,151858,卖盘
10:34:44,18.3,0.0,28,51199,买盘
10:34:47,18.31,0.01,49,89701,买盘
10:34:50,18.31,0.0,20,36610,买盘
10:34:53,18.31,0.0,39,71405,买盘
10:34:56,18.27,-0.04,15,27430,卖盘
10:34:59,18.32,0.05,18,32932,买盘
10:35:05,18.31,-0.01,23,42134,卖盘
10:35:08,18.31,0.0,83,152049,卖盘
10:35:11,18.34,0.03,130,238210,买盘
10:35:14,18.33,-0.01,82,150314,卖盘
10:35:17,18.31,-0.02,52,95271,卖盘
10:35:20,18.33,0.02,37,67767,买盘
10:35:23,18.34,0.01,16,29305,买盘
10:35:26,18.33,-0.01,8,14667,卖盘
10:35:29,18.33,0.0,8,14664,买盘
10:35:32,18.34,0.01,151,276882,买盘
10:35:35,18.34,0.0,82,150421,卖盘
10:35:38,18.35,0.01,388,711844,买盘
10:35:41,18.36,0.01,153,280704,买盘
10:35:44,18.35,-0.01,53,97209,卖盘
10:35:47,18.36,0.01,79,145038,买盘
10:35:50,18.35,-0.01,52,95473,卖盘
10:35:53,18.37,0.02,77,141442,买盘
10:35:56,18.36,-0.01,36,66100,卖盘
10:35:59,18.38,0.02,18,33072,买盘
10:36:02,18.36,-0.02,8,14688,卖盘
10:36:05,18.39,0.03,83,152558,买盘
10:36:08,18.38,-0.01,52,95534,买盘
10:36:11,18.39,0.01,34,62501,买盘
10:36:14,18.38,-0.01,20,36762,卖盘
10:36:17,18.39,0.01,94,172804,买盘
10:36:20,18.37,-0.02,79,145106,卖盘
10:36:23,18.38,0.01,82,150738,中性盘
10:36:26,18.39,0.01,41,75335,买盘
10:36:29,18.37,-0.02,11,20207,卖盘
10:36:32,18.37,0.0,21,38599,卖盘
10:36:35,18.37,0.0,16,29412,卖盘
10:36:38,18.37,0.0,39,71650,卖盘
10:36:41,18.37,0.0,304,558194,买盘
10:36:44,18.37,0.0,14,25708,买盘
10:36:47,18.36,-0.01,18,33056,卖盘
10:36:50,18.36,0.0,3,5508,卖盘
10:36:53,18.36,0.0,78,143170,卖盘
10:36:56,18.36,0.0,45,82599,买盘
10:36:59,18.39,0.03,235,431704,买盘
10:37:02,18.4,0.01,93,171029,买盘
10:37:05,18.4,0.0,69,126910,买盘
10:37:08,18.4,0.0,3,5520,买盘
10:37:11,18.39,-0.01,44,80955,卖盘
10:37:14,18.39,0.0,9,16556,卖盘
10:37:17,18.39,0.0,28,51492,卖盘
10:37:20,18.4,0.01,19,34945,买盘
10:37:23,18.39,-0.01,16,29433,卖盘
10:37:26,18.39,0.0,2,3678,买盘
10:37:29,18.39,0.0,8,14712,买盘
10:37:32,18.39,0.0,3,5517,买盘
10:37:35,18.38,-0.01,9,16548,卖盘
10:37:38,18.39,0.01,5,9195,买盘
10:37:41,18.38,-0.01,71,130493,卖盘
10:37:44,18.38,0.0,47,86386,买盘
10:37:47,18.38,0.0,18,33084,买盘
10:37:53,18.38,0.0,71,130400,买盘
10:37:56,18.36,-0.02,13,23870,卖盘
10:37:59,18.38,0.02,113,207805,买盘
10:38:02,18.39,0.01,155,285098,买盘
10:38:05,18.43,0.04,965,1776016,买盘
10:38:08,18.41,-0.02,20,36852,中性盘
10:38:11,18.44,0.03,47,86644,买盘
10:38:14,18.43,-0.01,97,178808,卖盘
10:38:17,18.44,0.01,27,49785,买盘
10:38:20,18.44,0.0,39,71906,买盘
10:38:23,18.43,-0.01,166,305866,卖盘
10:38:26,18.43,0.0,71,130835,买盘
10:38:29,18.41,-0.02,1,1841,中性盘
10:38:32,18.4,-0.01,40,73602,卖盘
10:38:35,18.42,0.02,20,36809,买盘
10:38:38,18.4,-0.02,29,53360,卖盘
10:38:41,18.42,0.02,118,217340,买盘
10:38:44,18.42,0.0,49,90250,买盘
10:38:47,18.42,0.0,39,71838,卖盘
10:38:53,18.41,-0.01,13,23933,中性盘
10:38:56,18.41,0.0,37,68117,卖盘
10:38:59,18.4,-0.01,46,84640,卖盘
10:39:02,18.39,-0.01,47,86470,卖盘
10:39:05,18.4,0.01,100,184000,中性盘
10:39:08,18.39,-0.01,39,71730,卖盘
10:39:11,18.39,0.0,7,12875,卖盘
10:39:14,18.39,0.0,53,97467,卖盘
10:39:17,18.39,0.0,10,18390,买盘
10:39:20,18.38,-0.01,42,77196,卖盘
10:39:26,18.37,-0.01,16,29404,卖盘
10:39:32,18.37,0.0,1,1837,卖盘
10:39:35,18.37,0.0,25,45925,卖盘
10:39:38,18.38,0.01,170,312320,买盘
10:39:41,18.38,0.0,64,117632,卖盘
10:39:44,18.38,0.0,89,163576,卖盘
10:39:47,18.38,0.0,25,45950,卖盘
10:39:50,18.37,-0.01,5,9185,卖盘
10:39:53,18.37,0.0,16,29394,卖盘
10:39:59,18.36,-0.01,35,64260,卖盘
10:40:02,18.36,0.0,23,42228,卖盘
10:40:05,18.36,0.0,10,18360,买盘
10:40:08,18.35,-0.01,39,71565,卖盘
10:40:11,18.35,0.0,21,38535,买盘
10:40:14,18.33,-0.02,43,78860,卖盘
10:40:17,18.33,0.0,20,36664,卖盘
10:40:20,18.34,0.01,13,23832,买盘
10:40:23,18.33,-0.01,11,20165,卖盘
10:40:26,18.34,0.01,18,33006,买盘
10:40:29,18.33,-0.01,23,42175,卖盘
10:40:32,18.33,0.0,41,75154,卖盘
10:40:35,18.33,0.0,5,9165,买盘
10:40:38,18.33,0.0,48,87984,买盘
10:40:41,18.33,0.0,7,12835,卖盘
10:40:44,18.31,-0.02,126,230697,卖盘
10:40:47,18.33,0.02,3,5499,买盘
10:40:50,18.33,0.0,10,18330,买盘
10:40:53,18.31,-0.02,30,54945,卖盘
10:41:02,18.31,0.0,114,208741,买盘
10:41:05,18.32,0.01,16,29314,中性盘
10:41:08,18.33,0.01,4,7332,买盘
10:41:11,18.32,-0.01,12,21988,卖盘
10:41:14,18.33,0.01,1,1833,买盘
10:41:17,18.33,0.0,2,3666,买盘
10:41:23,18.33,0.0,2,3666,买盘
10:41:26,18.34,0.01,378,692912,买盘
10:41:29,18.36,0.02,236,433060,买盘
10:41:32,18.36,0.0,1,1836,买盘
10:41:35,18.36,0.0,14,25712,卖盘
10:41:38,18.38,0.02,58,106604,买盘
10:41:41,18.36,-0.02,19,34890,卖盘
10:41:44,18.36,0.0,6,11016,卖盘
10:41:47,18.38,0.02,2,3676,买盘
10:41:50,18.38,0.0,3,5514,买盘
10:41:53,18.38,0.0,116,213158,买盘
10:41:56,18.36,-0.02,19,34904,卖盘
10:41:59,18.38,0.02,15,27548,买盘
10:42:02,18.36,-0.02,18,33052,卖盘
10:42:05,18.37,0.01,6,11022,买盘
10:42:08,18.38,0.01,14,25729,买盘
10:42:11,18.38,0.0,4,7352,买盘
10:42:14,18.38,0.0,7,12866,买盘
10:42:17,18.37,-0.01,13,23892,卖盘
10:42:20,18.37,0.0,31,56947,卖盘
10:42:23,18.37,0.0,17,31229,买盘
10:42:26,18.37,0.0,1,1837,买盘
10:42:29,18.37,0.0,3,5511,买盘
10:42:32,18.37,0.0,236,433532,买盘
10:42:35,18.39,0.02,76,139693,买盘
10:42:38,18.39,0.0,8,14712,买盘
10:42:41,18.38,-0.01,75,137916,卖盘
10:42:44,18.4,0.02,37,68044,买盘
10:42:47,18.4,0.0,10,18400,买盘
10:42:50,18.4,0.0,29,53360,买盘
10:42:53,18.42,0.02,506,931376,买盘
10:42:56,18.42,0.0,61,112397,卖盘
10:42:59,18.42,0.0,41,75536,卖盘
10:43:02,18.43,0.01,10,18430,买盘
10:43:05,18.43,0.0,13,23962,卖盘
10:43:08,18.43,0.0,127,234088,卖盘
10:43:11,18.43,0.0,26,47918,卖盘
10:43:14,18.44,0.01,34,62665,买盘
10:43:17,18.43,-0.01,23,42399,卖盘
10:43:20,18.43,0.0,64,117965,买盘
10:43:23,18.42,-0.01,5,9211,卖盘
10:43:26,18.43,0.01,90,165935,买盘
10:43:29,18.42,-0.01,4,7368,卖盘
10:43:32,18.42,0.0,37,68154,卖盘
10:43:35,18.42,0.0,7,12894,卖盘
10:43:38,18.4,-0.02,4,7366,卖盘
10:43:41,18.4,0.0,153,281520,卖盘
10:43:44,18.4,0.0,21,38640,卖盘
10:43:47,18.4,0.0,50,92000,卖盘
10:43:50,18.4,0.0,112,206099,卖盘
10:43:53,18.4,0.0,1,1840,买盘
10:43:56,18.39,-0.01,2,3678,卖盘
10:43:59,18.39,0.0,10,18390,卖盘
10:44:02,18.39,0.0,3,5517,卖盘
10:44:05,18.39,0.0,34,62526,卖盘
10:44:11,18.4,0.01,1,1840,买盘
10:44:14,18.4,0.0,4,7360,买盘
10:44:17,18.4,0.0,6,11040,买盘
10:44:20,18.4,0.0,24,44143,买盘
10:44:23,18.39,-0.01,39,71722,卖盘
10:44:26,18.4,0.01,8,14720,买盘
10:44:29,18.4,0.0,18,33119,买盘
10:44:32,18.4,0.0,46,84606,买盘
10:44:35,18.4,0.0,58,106720,买盘
10:44:38,18.4,0.0,4,7361,中性盘
10:44:41,18.4,0.0,38,69920,买盘
10:44:44,18.39,-0.01,16,29424,卖盘
10:44:50,18.39,0.0,13,23907,卖盘
10:44:53,18.4,0.01,35,64392,买盘
10:45:02,18.4,0.0,24,44160,买盘
10:45:05,18.39,-0.01,17,31277,卖盘
10:45:08,18.4,0.01,1,1840,买盘
10:45:11,18.4,0.0,92,169309,买盘
10:45:17,18.43,0.03,241,443924,买盘
10:45:20,18.43,0.0,3,5529,买盘
10:45:23,18.45,0.02,72,132741,买盘
10:45:26,18.44,-0.01,2,3689,卖盘
10:45:29,18.45,0.01,52,95898,买盘
10:45:32,18.44,-0.01,56,103319,卖盘
10:45:35,18.48,0.04,565,1042820,买盘
10:45:38,18.49,0.01,19,35131,买盘
10:45:41,18.46,-0.03,107,197543,卖盘
10:45:44,18.46,0.0,14,25844,卖盘
10:45:47,18.46,0.0,140,258449,卖盘
10:45:50,18.46,0.0,123,227058,买盘
10:45:56,18.46,0.0,22,40612,买盘
10:45:59,18.46,0.0,1,1846,买盘
10:46:02,18.45,-0.01,106,195600,卖盘
10:46:05,18.45,0.0,5,9225,买盘
10:46:08,18.45,0.0,5,9225,买盘
10:46:11,18.44,-0.01,21,38731,卖盘
10:46:14,18.45,0.01,38,70074,买盘
10:46:17,18.45,0.0,127,234304,买盘
10:46:20,18.45,0.0,65,119933,买盘
10:46:23,18.45,0.0,462,852848,卖盘
10:46:26,18.45,0.0,10,18462,卖盘
10:46:29,18.48,0.03,57,105182,买盘
10:46:32,18.45,-0.03,156,288382,卖盘
10:46:35,18.45,0.0,22,40590,卖盘
10:46:38,18.45,0.0,14,25851,卖盘
10:46:47,18.48,0.03,73,134930,买盘
10:46:50,18.48,0.0,39,72072,卖盘
10:46:53,18.49,0.01,108,199592,买盘
10:46:59,18.48,-0.01,375,693549,卖盘
10:47:02,18.5,0.02,42,77698,买盘
10:47:05,18.5,0.0,11,20350,买盘
10:47:08,18.47,-0.03,2119,3915742,卖盘
10:47:11,18.46,-0.01,56,103376,卖盘
10:47:14,18.45,-0.01,35,64609,卖盘
10:47:17,18.46,0.01,4,7381,买盘
10:47:20,18.46,0.0,7,12922,卖盘
10:47:23,18.45,-0.01,17,31381,卖盘
10:47:26,18.46,0.01,29,53534,卖盘
10:47:29,18.46,0.0,4,7384,卖盘
10:47:32,18.47,0.01,9,16623,买盘
10:47:35,18.47,0.0,52,96031,卖盘
10:47:38,18.47,0.0,71,131137,买盘
10:47:41,18.46,-0.01,64,118144,卖盘
10:47:44,18.45,-0.01,25,46125,卖盘
10:47:47,18.46,0.01,59,108914,买盘
10:47:50,18.46,0.0,4,7384,卖盘
10:47:56,18.47,0.01,1,1847,买盘
10:47:59,18.46,-0.01,33,60921,卖盘
10:48:02,18.46,0.0,22,40612,买盘
10:48:05,18.45,-0.01,99,182728,卖盘
10:48:08,18.45,0.0,8,14760,买盘
10:48:11,18.46,0.01,44,81193,买盘
10:48:14,18.44,-0.02,5,9222,卖盘
10:48:23,18.44,0.0,12,22128,卖盘
10:48:26,18.45,0.01,1,1845,买盘
10:48:32,18.45,0.0,108,199193,买盘
10:48:35,18.45,0.0,6,11070,买盘
10:48:38,18.44,-0.01,122,224960,卖盘
10:48:41,18.44,0.0,16,29497,买盘
10:48:44,18.44,0.0,7,12908,买盘
10:48:50,18.41,-0.03,23,42347,卖盘
10:48:53,18.44,0.03,1,1844,买盘
10:49:02,18.43,-0.01,7,12891,中性盘
10:49:05,18.41,-0.02,3,5523,卖盘
10:49:08,18.43,0.02,4,7372,买盘
10:49:11,18.43,0.0,31,57087,买盘
10:49:14,18.42,-0.01,22,40544,卖盘
10:49:17,18.43,0.01,3,5529,买盘
10:49:23,18.42,-0.01,10,18426,卖盘
10:49:26,18.43,0.01,8,14744,买盘
10:49:29,18.43,0.0,2,3686,买盘
10:49:32,18.43,0.0,1,1843,买盘
10:49:35,18.43,0.0,2,3686,买盘
10:49:38,18.42,-0.01,4,7368,卖盘
10:49:41,18.43,0.01,2,3686,买盘
10:49:44,18.42,-0.01,18,33156,卖盘
10:49:50,18.43,0.01,38,69998,买盘
10:49:53,18.42,-0.01,9,16578,中性盘
10:49:59,18.42,0.0,1,1842,卖盘
10:50:05,18.42,0.0,18,33156,卖盘
10:50:08,18.42,0.0,4,7368,卖盘
10:50:14,18.42,0.0,10,18420,卖盘
10:50:17,18.42,0.0,16,29472,卖盘
10:50:26,18.42,0.0,4,7368,买盘
10:50:32,18.42,0.0,18,33156,买盘
10:50:35,18.42,0.0,9,16572,买盘
10:50:38,18.42,0.0,6,11052,买盘
10:50:44,18.41,-0.01,1,1841,卖盘
10:50:47,18.42,0.01,15,27630,买盘
10:50:50,18.41,-0.01,79,145450,卖盘
10:50:53,18.41,0.0,2,3682,卖盘
10:50:56,18.4,-0.01,7,12884,卖盘
10:50:59,18.4,0.0,3,5520,卖盘
10:51:05,18.4,0.0,22,40480,卖盘
10:51:08,18.4,0.0,7,12880,卖盘
10:51:11,18.4,0.0,6,11045,卖盘
10:51:14,18.4,0.0,57,104880,卖盘
10:51:17,18.4,0.0,1,1840,卖盘
10:51:20,18.4,0.0,9,16560,卖盘
10:51:23,18.4,0.0,9,16560,卖盘
10:51:26,18.41,0.01,31,57042,买盘
10:51:29,18.4,-0.01,22,40480,卖盘
10:51:32,18.41,0.01,2,3682,买盘
10:51:35,18.4,-0.01,21,38640,卖盘
10:51:44,18.4,0.0,8,14720,卖盘
10:51:50,18.41,0.01,30,55212,买盘
10:51:56,18.41,0.0,49,90209,卖盘
10:52:02,18.41,0.0,1,1841,卖盘
10:52:05,18.41,0.0,3,5523,卖盘
10:52:14,18.41,0.0,10,18410,买盘
10:52:20,18.4,-0.01,2,3680,卖盘
10:52:23,18.41,0.01,7,12887,买盘
10:52:26,18.41,0.0,1,1841,买盘
10:52:32,18.41,0.0,58,106778,买盘
10:52:35,18.4,-0.01,7,12882,卖盘
10:52:38,18.41,0.01,11,20251,买盘
10:52:41,18.4,-0.01,3,5520,卖盘
10:52:50,18.4,0.0,3,5520,卖盘
10:52:53,18.4,0.0,7,12880,卖盘
10:52:59,18.41,0.01,6,11046,买盘
10:53:02,18.41,0.0,1,1841,买盘
10:53:08,18.41,0.0,27,49699,买盘
10:53:11,18.4,-0.01,9,16561,卖盘
10:53:14,18.4,0.0,5,9200,卖盘
10:53:17,18.4,0.0,2,3680,卖盘
10:53:23,18.37,-0.03,390,717311,卖盘
10:53:26,18.36,-0.01,14,25730,卖盘
10:53:29,18.37,0.01,5,9185,中性盘
10:53:32,18.37,0.0,89,163494,卖盘
10:53:38,18.37,0.0,72,132250,买盘
10:53:41,18.37,0.0,3,5511,买盘
10:53:44,18.37,0.0,11,20207,买盘
10:53:47,18.39,0.02,150,275816,买盘
10:53:50,18.39,0.0,31,57009,卖盘
10:53:56,18.4,0.01,58,106713,买盘
10:54:02,18.39,-0.01,2,3678,卖盘
10:54:08,18.39,0.0,3,5517,卖盘
10:54:11,18.4,0.01,4,7360,买盘
10:54:14,18.4,0.0,1,1840,卖盘
10:54:20,18.4,0.0,2,3680,卖盘
10:54:23,18.4,0.0,11,20244,卖盘
10:54:26,18.4,0.0,4,7360,买盘
10:54:29,18.39,-0.01,37,68050,卖盘
10:54:32,18.4,0.01,5,9200,买盘
10:54:35,18.39,-0.01,5,9195,卖盘
10:54:38,18.39,0.0,2,3678,买盘
10:54:41,18.39,0.0,37,68043,买盘
10:54:44,18.38,-0.01,12,22058,卖盘
10:54:47,18.39,0.01,4,7356,买盘
10:54:50,18.38,-0.01,9,16542,卖盘
10:54:53,18.38,0.0,3,5514,卖盘
10:54:56,18.39,0.01,3,5517,买盘
10:54:59,18.38,-0.01,52,95576,卖盘
10:55:02,18.38,0.0,63,115795,买盘
10:55:05,18.37,-0.01,61,112107,卖盘
10:55:08,18.37,0.0,4,7348,卖盘
10:55:14,18.38,0.01,6,11025,买盘
10:55:17,18.38,0.0,2,3676,中性盘
10:55:20,18.38,0.0,34,62492,卖盘
10:55:23,18.38,0.0,4,7352,卖盘
10:55:32,18.38,0.0,6,11028,卖盘
10:55:35,18.39,0.01,36,66204,买盘
10:55:41,18.4,0.01,48,88320,买盘
10:55:47,18.43,0.03,380,700133,买盘
10:55:50,18.43,0.0,210,387058,卖盘
10:55:53,18.4,-0.03,1,1840,卖盘
10:55:56,18.43,0.03,3,5527,买盘
10:56:02,18.41,-0.02,342,628836,卖盘
10:56:08,18.41,0.0,14,25774,买盘
10:56:11,18.4,-0.01,14,25770,卖盘
10:56:14,18.41,0.01,20,36816,买盘
10:56:17,18.41,0.0,5,9205,买盘
10:56:23,18.41,0.0,4,7364,买盘
10:56:29,18.41,0.0,1,1841,买盘
10:56:32,18.41,0.0,2,3682,卖盘
10:56:35,18.41,0.0,4,7364,买盘
10:56:38,18.41,0.0,105,193305,买盘
10:56:41,18.41,0.0,15,27613,买盘
10:56:44,18.41,0.0,11,20251,买盘
10:56:47,18.41,0.0,2,3682,买盘
10:56:50,18.4,-0.01,7,12880,卖盘
10:56:53,18.4,0.0,12,22080,卖盘
10:56:56,18.4,0.0,3,5520,卖盘
10:57:02,18.4,0.0,15,27600,卖盘
10:57:05,18.4,0.0,1,1840,卖盘
10:57:08,18.4,0.0,10,18400,卖盘
10:57:11,18.4,0.0,3,5520,卖盘
10:57:14,18.4,0.0,19,34960,卖盘
10:57:17,18.4,0.0,7,12880,卖盘
10:57:20,18.4,0.0,34,62560,卖盘
10:57:23,18.4,0.0,19,34960,卖盘
10:57:26,18.41,0.01,51,93891,买盘
10:57:29,18.41,0.0,55,101255,买盘
10:57:38,18.4,-0.01,7,12880,卖盘
10:57:44,18.4,0.0,2,3680,买盘
10:57:47,18.41,0.01,58,106753,买盘
10:57:53,18.38,-0.03,2,3676,卖盘
10:57:59,18.41,0.03,6,11046,买盘
10:58:02,18.39,-0.02,24,44136,卖盘
10:58:05,18.39,0.0,11,20233,买盘
10:58:08,18.39,0.0,6,11034,买盘
10:58:11,18.41,0.02,3,5519,买盘
10:58:20,18.39,-0.02,3,5518,卖盘
10:58:26,18.4,0.01,1,1840,中性盘
10:58:29,18.4,0.0,4,7357,买盘
10:58:32,18.4,0.0,3,5520,买盘
10:58:35,18.39,-0.01,3,5517,卖盘
10:58:50,18.4,0.01,1,1840,买盘
10:58:53,18.39,-0.01,11,20239,卖盘
10:58:56,18.4,0.01,1,1840,买盘
10:59:02,18.4,0.0,15,27599,买盘
10:59:11,18.41,0.01,11,20241,买盘
10:59:14,18.4,-0.01,9,16560,卖盘
10:59:17,18.41,0.01,9,16565,买盘
10:59:20,18.39,-0.02,4,7357,卖盘
10:59:26,18.39,0.0,6,11039,卖盘
10:59:35,18.39,0.0,29,53331,卖盘
10:59:38,18.4,0.01,3,5520,买盘
10:59:41,18.4,0.0,59,108522,卖盘
10:59:44,18.38,-0.02,62,114062,卖盘
10:59:47,18.41,0.03,1,1841,买盘
10:59:50,18.41,0.0,1,1841,买盘
11:00:02,18.4,-0.01,13,23928,卖盘
11:00:05,18.4,0.0,5,9200,卖盘
11:00:08,18.39,-0.01,27,49656,卖盘
11:00:11,18.39,0.0,3,5517,卖盘
11:00:14,18.39,0.0,7,12873,卖盘
11:00:17,18.39,0.0,10,18386,卖盘
11:00:23,18.4,0.01,16,29435,买盘
11:00:26,18.38,-0.02,7,12866,卖盘
11:00:32,18.38,0.0,2,3676,卖盘
11:00:35,18.38,0.0,10,18387,卖盘
11:00:38,18.39,0.01,3,5517,买盘
11:00:41,18.38,-0.01,1,1838,卖盘
11:00:50,18.39,0.01,9,16551,买盘
11:00:56,18.39,0.0,10,18390,卖盘
11:00:59,18.4,0.01,6,11040,买盘
11:01:02,18.39,-0.01,23,42317,卖盘
11:01:05,18.39,0.0,1,1839,卖盘
11:01:08,18.38,-0.01,16,29414,卖盘
11:01:11,18.39,0.01,3,5517,中性盘
11:01:17,18.38,-0.01,35,64362,卖盘
11:01:20,18.39,0.01,2,3678,卖盘
11:01:23,18.39,0.0,21,38619,买盘
11:01:26,18.39,0.0,6,11034,买盘
11:01:29,18.39,0.0,6,11034,买盘
11:01:32,18.39,0.0,6,11034,买盘
11:01:35,18.39,0.0,17,31263,买盘
11:01:38,18.39,0.0,6,11034,买盘
11:01:41,18.39,0.0,6,11034,买盘
11:01:44,18.39,0.0,15,27585,买盘
11:01:47,18.39,0.0,6,11034,买盘
11:01:50,18.38,-0.01,109,200342,卖盘
11:01:53,18.38,0.0,20,36760,卖盘
11:01:59,18.39,0.01,5,9194,买盘
11:02:02,18.39,0.0,8,14712,买盘
11:02:05,18.39,0.0,6,11034,买盘
11:02:08,18.39,0.0,6,11034,买盘
11:02:11,18.38,-0.01,15,27584,卖盘
11:02:14,18.39,0.01,6,11031,买盘
11:02:23,18.4,0.01,16,29427,买盘
11:02:26,18.4,0.0,5,9200,买盘
11:02:29,18.4,0.0,17,31280,买盘
11:02:32,18.39,-0.01,3,5518,卖盘
11:02:38,18.4,0.01,1,1840,买盘
11:02:44,18.4,0.0,2,3680,买盘
11:02:47,18.39,-0.01,1,1839,卖盘
11:02:50,18.4,0.01,3,5520,买盘
11:02:53,18.39,-0.01,3,5517,卖盘
11:02:59,18.4,0.01,7,12874,买盘
11:03:02,18.39,-0.01,2,3679,卖盘
11:03:08,18.4,0.01,19,34943,买盘
11:03:11,18.38,-0.02,13,23898,卖盘
11:03:14,18.38,0.0,2,3678,卖盘
11:03:20,18.4,0.02,12,22080,买盘
11:03:23,18.39,-0.01,1,1839,卖盘
11:03:26,18.38,-0.01,50,91906,卖盘
11:03:32,18.38,0.0,20,36760,卖盘
11:03:38,18.38,0.0,1,1838,卖盘
11:03:47,18.38,0.0,10,18380,卖盘
11:03:50,18.39,0.01,1,1839,买盘
11:03:59,18.38,-0.01,14,25738,卖盘
11:04:02,18.4,0.02,17,31269,买盘
11:04:05,18.37,-0.03,24,44121,卖盘
11:04:08,18.37,0.0,3,5511,卖盘
11:04:11,18.38,0.01,11,20218,卖盘
11:04:14,18.37,-0.01,1,1837,卖盘
11:04:20,18.39,0.02,15,27583,买盘
11:04:23,18.39,0.0,1,1839,买盘
11:04:29,18.39,0.0,6,11030,买盘
11:04:35,18.38,-0.01,2,3676,卖盘
11:04:38,18.38,0.0,19,34924,卖盘
11:04:41,18.38,0.0,2,3676,卖盘
11:04:44,18.37,-0.01,3,5511,卖盘
11:04:47,18.36,-0.01,4,7346,卖盘
11:04:50,18.36,0.0,13,23873,卖盘
11:04:53,18.35,-0.01,110,201946,卖盘
11:04:56,18.35,0.0,71,130285,卖盘
11:04:59,18.35,0.0,29,53215,卖盘
11:05:02,18.36,0.01,15,27527,买盘
11:05:05,18.34,-0.02,9,16513,卖盘
11:05:11,18.33,-0.01,29,53176,卖盘
11:05:14,18.32,-0.01,3,5496,卖盘
11:05:20,18.32,0.0,10,18320,卖盘
11:05:29,18.34,0.02,22,40318,买盘
11:05:35,18.32,-0.02,2,3664,卖盘
11:05:38,18.32,0.0,9,16488,卖盘
11:05:41,18.33,0.01,5,9165,买盘
11:05:47,18.33,0.0,14,25662,卖盘
11:05:53,18.34,0.01,6,11004,买盘
11:06:08,18.34,0.0,6,11004,买盘
11:06:11,18.34,0.0,29,53186,买盘
11:06:17,18.34,0.0,13,23846,卖盘
11:06:20,18.34,0.0,107,196238,卖盘
11:06:23,18.33,-0.01,4,7333,卖盘
11:06:26,18.33,0.0,154,282282,卖盘
11:06:32,18.33,0.0,3,5499,买盘
11:06:35,18.32,-0.01,2,3664,卖盘
11:06:41,18.32,0.0,13,23828,卖盘
11:06:44,18.32,0.0,35,64120,卖盘
11:06:47,18.32,0.0,75,137424,卖盘
11:06:53,18.32,0.0,71,130016,买盘
11:06:59,18.31,-0.01,45,82405,卖盘
11:07:02,18.31,0.0,17,31141,卖盘
11:07:05,18.31,0.0,2,3662,卖盘
11:07:08,18.31,0.0,15,27469,卖盘
11:07:11,18.32,0.01,3,5496,买盘
11:07:14,18.3,-0.02,74,135469,卖盘
11:07:17,18.31,0.01,21,38432,买盘
11:07:23,18.3,-0.01,3,5492,卖盘
11:07:26,18.32,0.02,32,58594,买盘
11:07:29,18.32,0.0,13,23816,买盘
11:07:32,18.32,0.0,30,54957,买盘
11:07:35,18.31,-0.01,17,31131,卖盘
11:07:41,18.34,0.03,2,3668,买盘
11:07:44,18.33,-0.01,7,12831,中性盘
11:07:47,18.34,0.01,4,7336,买盘
11:07:53,18.34,0.0,12,22008,卖盘
11:07:56,18.34,0.0,10,18340,卖盘
11:07:59,18.34,0.0,23,42182,卖盘
11:08:02,18.34,0.0,53,97212,买盘
11:08:05,18.34,0.0,40,73389,卖盘
11:08:08,18.34,0.0,2,3668,卖盘
11:08:11,18.34,0.0,1,1834,卖盘
11:08:14,18.34,0.0,100,183400,卖盘
11:08:17,18.35,0.01,62,113774,卖盘
11:08:20,18.34,-0.01,42,77067,卖盘
11:08:23,18.35,0.01,21,38534,买盘
11:08:29,18.35,0.0,8,14680,买盘
11:08:41,18.36,0.01,3,5508,买盘
11:08:44,18.36,0.0,11,20195,买盘
11:08:53,18.37,0.01,1,1837,买盘
11:08:56,18.37,0.0,6,11022,买盘
11:08:59,18.37,0.0,60,110220,买盘
11:09:02,18.37,0.0,35,64290,买盘
11:09:05,18.37,0.0,1,1837,卖盘
11:09:08,18.37,0.0,1,1837,卖盘
11:09:11,18.37,0.0,3,5511,卖盘
11:09:14,18.37,0.0,16,29392,卖盘
11:09:17,18.38,0.01,16,29403,买盘
11:09:20,18.37,-0.01,1,1837,卖盘
11:09:26,18.38,0.01,39,71681,买盘
11:09:29,18.38,0.0,3,5514,买盘
11:09:41,18.38,0.0,5,9190,买盘
11:09:44,18.37,-0.01,6,11022,卖盘
11:09:47,18.37,0.0,4,7348,卖盘
11:09:50,18.37,0.0,13,23881,卖盘
11:09:56,18.37,0.0,2,3674,买盘
11:10:02,18.37,0.0,2,3674,买盘
11:10:05,18.36,-0.01,3,5508,卖盘
11:10:17,18.35,-0.01,38,69770,卖盘
11:10:20,18.35,0.0,11,20185,卖盘
11:10:29,18.36,0.01,31,56916,买盘
11:10:41,18.36,0.0,18,33048,卖盘
11:10:44,18.35,-0.01,9,16515,卖盘
11:10:47,18.36,0.01,3,5508,买盘
11:10:50,18.37,0.01,6,11018,买盘
11:10:59,18.38,0.01,21,38587,买盘
11:11:05,18.37,-0.01,1,1837,卖盘
11:11:08,18.37,0.0,1,1837,卖盘
11:11:11,18.37,0.0,4,7348,卖盘
11:11:14,18.37,0.0,14,25718,卖盘
11:11:26,18.36,-0.01,25,45900,卖盘
11:11:29,18.37,0.01,14,25708,买盘
11:11:32,18.36,-0.01,1,1836,卖盘
11:11:35,18.36,0.0,6,11016,卖盘
11:11:38,18.37,0.01,8,14693,买盘
11:11:41,18.36,-0.01,57,104652,卖盘
11:11:44,18.36,0.0,9,16524,卖盘
11:11:50,18.36,0.0,37,67932,卖盘
11:11:53,18.36,0.0,21,38576,卖盘
11:11:59,18.37,0.01,11,20206,买盘
11:12:02,18.37,0.0,2,3673,买盘
11:12:08,18.36,-0.01,2,3672,卖盘
11:12:11,18.37,0.01,1,1837,买盘
11:12:17,18.37,0.0,2,3674,买盘
11:12:20,18.36,-0.01,1,1836,卖盘
11:12:23,18.36,0.0,2,3672,卖盘
11:12:26,18.36,0.0,2,3672,卖盘
11:12:29,18.38,0.02,25,45925,买盘
11:12:32,18.38,0.0,1,1838,买盘
11:12:38,18.38,0.0,3,5514,买盘
11:12:44,18.36,-0.02,3,5510,卖盘
11:12:47,18.38,0.02,1,1838,买盘
11:12:53,18.36,-0.02,5,9186,卖盘
11:13:02,18.38,0.02,2,3676,买盘
11:13:05,18.38,0.0,24,44112,买盘
11:13:08,18.36,-0.02,39,71617,卖盘
11:13:11,18.38,0.02,1,1838,买盘
11:13:17,18.38,0.0,1,1838,买盘
11:13:32,18.37,-0.01,13,23881,卖盘
11:13:35,18.36,-0.01,7,12852,卖盘
11:13:38,18.36,0.0,1,1836,卖盘
11:13:41,18.37,0.01,5,9185,买盘
11:13:47,18.36,-0.01,1,1836,卖盘
11:13:56,18.36,0.0,1,1836,卖盘
11:13:59,18.36,0.0,21,38560,卖盘
11:14:05,18.35,-0.01,81,148642,卖盘
11:14:08,18.35,0.0,76,139460,卖盘
11:14:11,18.34,-0.01,2,3668,卖盘
11:14:14,18.34,0.0,9,16506,卖盘
11:14:17,18.32,-0.02,26,47657,卖盘
11:14:20,18.32,0.0,27,49465,卖盘
11:14:23,18.31,-0.01,3,5493,卖盘
11:14:26,18.31,0.0,2,3662,卖盘
11:14:32,18.33,0.02,45,82401,买盘
11:14:35,18.31,-0.02,1,1831,卖盘
11:14:38,18.31,0.0,5,9155,卖盘
11:14:41,18.31,0.0,55,100705,买盘
11:14:44,18.31,0.0,13,23803,卖盘
11:14:47,18.33,0.02,2,3666,买盘
11:14:50,18.31,-0.02,7,12817,卖盘
11:14:59,18.33,0.02,19,34827,买盘
11:15:02,18.33,0.0,2,3666,买盘
11:15:05,18.32,-0.01,11,20161,卖盘
11:15:08,18.35,0.03,3,5503,买盘
11:15:11,18.32,-0.03,12,21990,卖盘
11:15:14,18.34,0.02,1,1834,卖盘
11:15:20,18.35,0.01,2,3670,买盘
11:15:23,18.35,0.0,7,12844,买盘
11:15:26,18.34,-0.01,4,7336,卖盘
11:15:32,18.36,0.02,18,33041,买盘
11:15:35,18.35,-0.01,10,18347,买盘
11:15:38,18.34,-0.01,34,62356,卖盘
11:15:41,18.34,0.0,6,11004,买盘
11:15:44,18.34,0.0,17,31178,买盘
11:15:47,18.34,0.0,34,62355,买盘
11:15:50,18.33,-0.01,19,34839,卖盘
11:15:53,18.34,0.01,2,3668,买盘
11:15:56,18.34,0.0,39,71526,买盘
11:15:59,18.34,0.0,9,16506,买盘
11:16:02,18.34,0.0,19,34845,买盘
11:16:05,18.34,0.0,4,7336,卖盘
11:16:11,18.33,-0.01,42,77025,卖盘
11:16:14,18.34,0.01,9,16506,买盘
11:16:17,18.34,0.0,7,12838,买盘
11:16:29,18.34,0.0,32,58713,卖盘
11:16:32,18.33,-0.01,43,78836,卖盘
11:16:35,18.34,0.01,31,56854,买盘
11:16:41,18.34,0.0,7,12838,买盘
11:16:44,18.34,0.0,3,5502,卖盘
11:16:47,18.34,0.0,49,89826,买盘
11:16:50,18.34,0.0,9,16506,买盘
11:16:53,18.33,-0.01,15,27495,卖盘
11:16:56,18.34,0.01,12,22008,买盘
11:16:59,18.34,0.0,1,1834,卖盘
11:17:02,18.34,0.0,22,40348,卖盘
11:17:08,18.35,0.01,4,7340,买盘
11:17:11,18.35,0.0,62,113770,买盘
11:17:17,18.36,0.01,10,18360,买盘
11:17:20,18.36,0.0,1,1836,卖盘
11:17:23,18.37,0.01,2,3674,买盘
11:17:26,18.37,0.0,25,45925,买盘
11:17:29,18.38,0.01,19,34922,买盘
11:17:35,18.38,0.0,2,3676,买盘
11:17:38,18.38,0.0,5,9190,买盘
11:17:41,18.38,0.0,3,5514,买盘
11:17:44,18.38,0.0,75,137850,买盘
11:17:47,18.37,-0.01,6,11022,卖盘
11:17:53,18.38,0.01,1,1838,买盘
11:17:59,18.39,0.01,19,34941,买盘
11:18:02,18.39,0.0,36,66188,买盘
11:18:08,18.39,0.0,11,20229,买盘
11:18:14,18.36,-0.03,81,148796,卖盘
11:18:17,18.37,0.01,3,5511,买盘
11:18:20,18.35,-0.02,6,11010,卖盘
11:18:29,18.38,0.03,21,38547,买盘
11:18:32,18.35,-0.03,25,45875,卖盘
11:18:35,18.35,0.0,12,22020,买盘
11:18:38,18.35,0.0,6,11010,买盘
11:18:47,18.34,-0.01,1,1834,卖盘
11:18:59,18.34,0.0,41,75225,卖盘
11:19:02,18.34,0.0,2,3668,买盘
11:19:05,18.34,0.0,5,9170,买盘
11:19:08,18.34,0.0,1,1834,买盘
11:19:11,18.34,0.0,1,1834,卖盘
11:19:29,18.38,0.04,7,12851,买盘
11:19:32,18.35,-0.03,3,5505,中性盘
11:19:35,18.38,0.03,101,185638,买盘
11:19:38,18.38,0.0,2,3677,卖盘
11:19:41,18.39,0.01,5,9195,买盘
11:19:47,18.39,0.0,77,141603,买盘
11:19:50,18.39,0.0,2,3678,卖盘
11:19:53,18.4,0.01,12,22080,买盘
11:19:56,18.4,0.0,5,9200,买盘
11:19:59,18.4,0.0,106,195040,买盘
11:20:02,18.41,0.01,4,7364,买盘
11:20:08,18.41,0.0,5,9205,买盘
11:20:11,18.4,-0.01,4,7360,卖盘
11:20:14,18.4,0.0,12,22080,卖盘
11:20:17,18.4,0.0,4,7360,卖盘
11:20:20,18.4,0.0,5,9200,卖盘
11:20:23,18.4,0.0,17,31280,卖盘
11:20:26,18.4,0.0,8,14720,买盘
11:20:32,18.4,0.0,12,22080,买盘
11:20:35,18.39,-0.01,20,36780,卖盘
11:20:38,18.39,0.0,27,49653,卖盘
11:20:41,18.39,0.0,44,80916,卖盘
11:20:44,18.39,0.0,11,20229,卖盘
11:20:47,18.39,0.0,8,14712,卖盘
11:20:50,18.39,0.0,6,11034,卖盘
11:20:53,18.39,0.0,2,3678,卖盘
11:20:56,18.4,0.01,25,46000,买盘
11:20:59,18.4,0.0,7,12876,买盘
11:21:05,18.39,-0.01,2,3678,卖盘
11:21:11,18.38,-0.01,44,80915,卖盘
11:21:14,18.38,0.0,9,16542,卖盘
11:21:17,18.38,0.0,20,36761,卖盘
11:21:20,18.38,0.0,8,14704,卖盘
11:21:23,18.38,0.0,3,5514,卖盘
11:21:29,18.38,0.0,11,20219,卖盘
11:21:32,18.38,0.0,9,16550,卖盘
11:21:35,18.38,0.0,34,62492,卖盘
11:21:38,18.39,0.01,4,7353,买盘
11:21:41,18.38,-0.01,13,23906,卖盘
11:21:50,18.39,0.01,25,45975,买盘
11:21:56,18.39,0.0,1,1839,卖盘
11:21:59,18.4,0.01,73,134260,买盘
11:22:02,18.39,-0.01,10,18390,卖盘
11:22:11,18.39,0.0,4,7356,卖盘
11:22:14,18.39,0.0,31,57010,卖盘
11:22:17,18.37,-0.02,136,249944,卖盘
11:22:20,18.35,-0.02,8,14694,卖盘
11:22:26,18.34,-0.01,11,20176,卖盘
11:22:32,18.34,0.0,2,3668,卖盘
11:22:35,18.34,0.0,10,18340,买盘
11:22:38,18.34,0.0,17,31178,卖盘
11:22:41,18.35,0.01,5,9175,买盘
11:22:44,18.34,-0.01,8,14673,卖盘
11:22:50,18.33,-0.01,4,7332,卖盘
11:22:53,18.33,0.0,1,1833,卖盘
11:22:59,18.33,0.0,5,9165,卖盘
11:23:02,18.32,-0.01,34,62353,卖盘
11:23:05,18.33,0.01,4,7332,中性盘
11:23:17,18.33,0.0,1,1833,买盘
11:23:20,18.33,0.0,3,5499,买盘
11:23:23,18.32,-0.01,1,1832,卖盘
11:23:26,18.33,0.01,26,47658,买盘
11:23:29,18.33,0.0,15,27495,卖盘
11:23:32,18.33,0.0,16,29329,卖盘
11:23:35,18.32,-0.01,10,18320,卖盘
11:23:41,18.33,0.01,13,23829,买盘
11:23:44,18.32,-0.01,9,16490,卖盘
11:23:47,18.32,0.0,20,36640,卖盘
11:23:50,18.32,0.0,3,5496,卖盘
11:23:53,18.32,0.0,21,38472,卖盘
11:23:56,18.33,0.01,5,9163,买盘
11:23:59,18.31,-0.02,9,16479,卖盘
11:24:02,18.31,0.0,29,53108,卖盘
11:24:05,18.31,0.0,18,32958,卖盘
11:24:08,18.32,0.01,3,5496,买盘
11:24:14,18.31,-0.01,1,1831,卖盘
11:24:17,18.31,0.0,46,84226,卖盘
11:24:23,18.31,0.0,1,1831,卖盘
11:24:29,18.31,0.0,146,267326,卖盘
11:24:32,18.31,0.0,8,14648,买盘
11:24:35,18.31,0.0,1,1831,买盘
11:24:38,18.3,-0.01,31,56750,卖盘
11:24:41,18.3,0.0,25,45750,卖盘
11:24:44,18.31,0.01,2,3662,买盘
11:24:47,18.31,0.0,304,556325,买盘
11:24:53,18.31,0.0,5,9155,买盘
11:24:56,18.31,0.0,1,1831,买盘
11:25:02,18.3,-0.01,3,5490,卖盘
11:25:05,18.3,0.0,29,53070,卖盘
11:25:08,18.31,0.01,160,292828,买盘
11:25:14,18.29,-0.02,1,1829,卖盘
11:25:17,18.3,0.01,57,104365,中性盘
11:25:20,18.29,-0.01,58,106178,卖盘
11:25:23,18.31,0.02,12,21972,买盘
11:25:26,18.31,0.0,5,9155,买盘
11:25:29,18.31,0.0,21,38451,买盘
11:25:32,18.29,-0.02,48,87909,卖盘
11:25:35,18.31,0.02,6,10988,买盘
11:25:38,18.31,0.0,1,1831,卖盘
11:25:41,18.32,0.01,2,3664,买盘
11:25:44,18.31,-0.01,8,14648,卖盘
11:25:47,18.32,0.01,11,20152,买盘
11:25:50,18.31,-0.01,42,76916,卖盘
11:25:53,18.32,0.01,11,20152,卖盘
11:25:59,18.35,0.03,22,40370,买盘
11:26:11,18.35,0.0,7,12845,买盘
11:26:14,18.32,-0.03,2,3664,卖盘
11:26:32,18.32,0.0,51,93469,卖盘
11:26:35,18.32,0.0,15,27480,买盘
11:26:38,18.35,0.03,1,1835,买盘
11:26:41,18.32,-0.03,8,14660,卖盘
11:26:44,18.32,0.0,3,5496,买盘
11:26:47,18.33,0.01,2,3668,中性盘
11:26:56,18.35,0.02,6,11000,买盘
11:27:14,18.32,-0.03,1,1832,卖盘
11:27:17,18.32,0.0,10,18329,卖盘
11:27:20,18.34,0.02,2,3668,买盘
11:27:23,18.32,-0.02,59,108126,卖盘
11:27:32,18.32,0.0,2,3664,卖盘
11:27:38,18.33,0.01,1,1833,卖盘
11:27:47,18.34,0.01,1,1834,买盘
11:27:56,18.34,0.0,2,3668,买盘
11:28:02,18.33,-0.01,42,77001,卖盘
11:28:08,18.33,0.0,2,3666,卖盘
11:28:11,18.34,0.01,30,54999,买盘
11:28:17,18.34,0.0,3,5501,买盘
11:28:23,18.33,-0.01,10,18330,中性盘
11:28:32,18.34,0.01,2,3668,买盘
11:28:41,18.33,-0.01,5,9165,卖盘
11:28:59,18.34,0.01,12,22008,买盘
11:29:05,18.34,0.0,2,3668,买盘
11:29:08,18.34,0.0,55,100850,买盘
11:29:14,18.34,0.0,9,16503,买盘
11:29:23,18.33,-0.01,12,21996,卖盘
11:29:29,18.34,0.01,1,1834,买盘
11:29:35,18.33,-0.01,8,14664,卖盘
11:29:38,18.33,0.0,2,3666,卖盘
11:29:47,18.33,0.0,1,1833,卖盘
11:29:50,18.34,0.01,9,16506,买盘
11:29:59,18.34,0.0,13,23842,买盘
13:00:02,18.32,-0.02,106,194339,卖盘
13:00:05,18.34,0.02,227,416293,买盘
13:00:08,18.35,0.01,327,599550,买盘
13:00:11,18.31,-0.04,240,440022,卖盘
13:00:14,18.31,0.0,83,151953,买盘
13:00:17,18.3,-0.01,61,111669,卖盘
13:00:20,18.31,0.01,127,232413,买盘
13:00:23,18.31,0.0,189,346088,卖盘
13:00:26,18.3,-0.01,108,197580,买盘
13:00:29,18.32,0.02,17,31144,买盘
13:00:32,18.3,-0.02,42,76860,卖盘
13:00:35,18.3,0.0,17,31132,卖盘
13:00:38,18.3,0.0,16,29302,卖盘
13:00:41,18.32,0.02,3,5496,买盘
13:00:44,18.32,0.0,13,23796,买盘
13:00:47,18.31,-0.01,131,239857,中性盘
13:00:50,18.34,0.03,31,56798,买盘
13:00:53,18.32,-0.02,6,10992,中性盘
13:00:56,18.3,-0.02,91,166573,卖盘
13:00:59,18.32,0.02,28,51278,买盘
13:01:02,18.27,-0.05,324,592531,卖盘
13:01:05,18.3,0.03,80,146266,买盘
13:01:08,18.28,-0.02,61,111508,卖盘
13:01:11,18.3,0.02,17,31097,买盘
13:01:14,18.28,-0.02,6,10970,中性盘
13:01:17,18.3,0.02,1,1830,买盘
13:01:23,18.28,-0.02,28,51202,卖盘
13:01:26,18.3,0.02,26,47578,买盘
13:01:29,18.32,0.02,8,14656,买盘
13:01:32,18.32,0.0,206,377392,买盘
13:01:35,18.32,0.0,107,196095,买盘
13:01:38,18.39,0.07,14,25702,买盘
13:01:47,18.34,-0.05,2,3668,买盘
13:01:50,18.33,-0.01,33,60489,卖盘
13:01:53,18.33,0.0,26,47676,卖盘
13:01:56,18.35,0.02,34,62398,买盘
13:01:59,18.35,0.0,54,99076,买盘
13:02:02,18.35,0.0,12,22020,买盘
13:02:05,18.33,-0.02,7,12831,卖盘
13:02:08,18.33,0.0,7,12828,买盘
13:02:11,18.33,0.0,11,20163,买盘
13:02:14,18.33,0.0,18,32994,买盘
13:02:17,18.34,0.01,39,71526,买盘
13:02:20,18.36,0.02,14,25680,买盘
13:02:23,18.35,-0.01,2,3670,中性盘
13:02:26,18.33,-0.02,7,12831,卖盘
13:02:29,18.35,0.02,45,82537,买盘
13:02:32,18.35,0.0,11,20185,买盘
13:02:38,18.35,0.0,1,1835,买盘
13:02:41,18.34,-0.01,10,18341,卖盘
13:02:44,18.33,-0.01,6,10998,卖盘
13:02:47,18.33,0.0,27,49498,卖盘
13:02:50,18.33,0.0,17,31161,卖盘
13:02:53,18.34,0.01,14,25667,买盘
13:02:56,18.33,-0.01,1,1833,卖盘
13:02:59,18.34,0.01,3,5502,买盘
13:03:02,18.32,-0.02,3,5496,卖盘
13:03:05,18.34,0.02,1,1834,买盘
13:03:11,18.35,0.01,80,146763,买盘
13:03:14,18.35,0.0,20,36700,买盘
13:03:26,18.35,0.0,20,36700,买盘
13:03:29,18.35,0.0,19,34865,买盘
13:03:32,18.35,0.0,29,53215,买盘
13:03:35,18.36,0.01,29,53241,买盘
13:03:38,18.36,0.0,8,14687,买盘
13:03:41,18.36,0.0,10,18360,买盘
13:03:44,18.36,0.0,11,20196,买盘
13:03:47,18.36,0.0,14,25704,买盘
13:03:50,18.35,-0.01,155,284427,卖盘
13:03:53,18.38,0.03,39,71672,买盘
13:03:56,18.36,-0.02,1,1836,卖盘
13:03:59,18.38,0.02,10,18380,买盘
13:04:02,18.38,0.0,42,77178,中性盘
13:04:05,18.37,-0.01,19,34923,卖盘
13:04:08,18.37,0.0,22,40414,买盘
13:04:11,18.37,0.0,4,7348,买盘
13:04:14,18.37,0.0,52,95490,买盘
13:04:17,18.37,0.0,20,36735,买盘
13:04:20,18.37,0.0,71,130394,买盘
13:04:23,18.44,0.07,721,1326870,买盘
13:04:26,18.46,0.02,264,487078,买盘
13:04:29,18.46,0.0,30,55374,买盘
13:04:32,18.45,-0.01,31,57194,买盘
13:04:35,18.46,0.01,19,35074,买盘
13:04:38,18.46,0.0,24,44304,买盘
13:04:41,18.46,0.0,73,134758,买盘
13:04:44,18.47,0.01,448,826756,买盘
13:04:47,18.49,0.02,120,221827,买盘
13:04:50,18.52,0.03,580,1073327,买盘
13:04:53,18.55,0.03,179,331940,买盘
13:04:56,18.54,-0.01,66,122395,中性盘
13:04:59,18.54,0.0,39,72340,中性盘
13:05:02,18.55,0.01,225,417379,买盘
13:05:05,18.53,-0.02,398,738257,卖盘
13:05:08,18.52,-0.01,318,589751,卖盘
13:05:11,18.53,0.01,284,526667,买盘
13:05:14,18.57,0.04,138,256125,买盘
13:05:17,18.56,-0.01,111,206207,中性盘
13:05:20,18.55,-0.01,71,131841,卖盘
13:05:23,18.57,0.02,124,230201,买盘
13:05:26,18.57,0.0,81,150405,买盘
13:05:29,18.56,-0.01,68,126261,中性盘
13:05:32,18.56,0.0,284,527035,买盘
13:05:35,18.54,-0.02,166,308124,卖盘
13:05:38,18.54,0.0,38,70500,卖盘
13:05:41,18.53,-0.01,42,77867,卖盘
13:05:44,18.53,0.0,25,46334,卖盘
13:05:47,18.53,0.0,91,168623,买盘
13:05:50,18.52,-0.01,31,57458,卖盘
13:05:53,18.52,0.0,18,33336,买盘
13:05:56,18.52,0.0,79,146261,买盘
13:05:59,18.51,-0.01,271,501403,买盘
13:06:02,18.51,0.0,66,122161,买盘
13:06:05,18.48,-0.03,26,48066,卖盘
13:06:08,18.48,0.0,32,59190,卖盘
13:06:11,18.45,-0.03,26,48034,卖盘
13:06:14,18.47,0.02,8,14776,买盘
13:06:17,18.47,0.0,21,38799,卖盘
13:06:20,18.49,0.02,42,77643,买盘
13:06:23,18.47,-0.02,132,243686,卖盘
13:06:26,18.48,0.01,40,73958,卖盘
13:06:29,18.48,0.0,15,27720,买盘
13:06:32,18.48,0.0,24,44352,买盘
13:06:35,18.49,0.01,28,51751,买盘
13:06:38,18.49,0.0,6,11094,买盘
13:06:41,18.48,-0.01,41,75794,卖盘
13:06:44,18.49,0.01,21,38838,买盘
13:06:47,18.49,0.0,17,31430,买盘
13:06:50,18.48,-0.01,7,12941,卖盘
13:06:53,18.48,0.0,12,22178,卖盘
13:06:56,18.49,0.01,6,11094,买盘
13:06:59,18.48,-0.01,13,24026,卖盘
13:07:02,18.49,0.01,11,20337,买盘
13:07:05,18.48,-0.01,14,25873,卖盘
13:07:08,18.48,0.0,4,7392,买盘
13:07:11,18.47,-0.01,57,105279,卖盘
13:07:14,18.48,0.01,14,25865,买盘
13:07:20,18.46,-0.02,1,1846,卖盘
13:07:23,18.46,0.0,31,57226,卖盘
13:07:26,18.47,0.01,145,267812,买盘
13:07:29,18.47,0.0,62,114528,买盘
13:07:32,18.48,0.01,7,12936,买盘
13:07:35,18.48,0.0,61,112728,买盘
13:07:38,18.48,0.0,16,29583,卖盘
13:07:41,18.49,0.01,38,70231,买盘
13:07:44,18.48,-0.01,77,142294,中性盘
13:07:47,18.49,0.01,41,75775,买盘
13:07:50,18.49,0.0,6,11094,买盘
13:07:53,18.49,0.0,2,3698,买盘
13:07:59,18.49,0.0,7,12943,买盘
13:08:02,18.49,0.0,59,109041,买盘
13:08:05,18.49,0.0,26,48074,买盘
13:08:08,18.49,0.0,19,35131,买盘
13:08:11,18.48,-0.01,31,57292,卖盘
13:08:14,18.48,0.0,32,59136,买盘
13:08:17,18.48,0.0,8,14784,买盘
13:08:20,18.48,0.0,75,138592,买盘
13:08:23,18.47,-0.01,37,68365,卖盘
13:08:26,18.47,0.0,14,25863,卖盘
13:08:29,18.47,0.0,53,97893,卖盘
13:08:32,18.48,0.01,17,31416,买盘
13:08:35,18.47,-0.01,4,7389,卖盘
13:08:38,18.47,0.0,32,59120,卖盘
13:08:41,18.47,0.0,58,107159,卖盘
13:08:44,18.49,0.02,333,615440,买盘
13:08:47,18.52,0.03,844,1561675,买盘
13:08:50,18.54,0.02,196,363633,买盘
13:08:53,18.56,0.02,26,48255,买盘
13:08:56,18.55,-0.01,66,122418,中性盘
13:08:59,18.55,0.0,26,48230,买盘
13:09:02,18.55,0.0,188,348709,买盘
13:09:05,18.53,-0.02,553,1022697,中性盘
13:09:08,18.51,-0.02,130,241192,中性盘
13:09:11,18.54,0.03,20,37081,中性盘
13:09:14,18.55,0.01,25,46374,买盘
13:09:17,18.55,0.0,5,9275,买盘
13:09:20,18.53,-0.02,7,12971,卖盘
13:09:23,18.54,0.01,44,81576,买盘
13:09:26,18.55,0.01,88,163230,买盘
13:09:29,18.55,0.0,80,148364,买盘
13:09:32,18.54,-0.01,36,66770,卖盘
13:09:35,18.55,0.01,15,27825,买盘
13:09:38,18.54,-0.01,24,44514,卖盘
13:09:41,18.55,0.01,171,317271,买盘
13:09:44,18.54,-0.01,82,152115,卖盘
13:09:47,18.56,0.02,18,33402,买盘
13:09:50,18.56,0.0,152,282071,买盘
13:09:53,18.55,-0.01,54,100226,卖盘
13:09:56,18.54,-0.01,155,287480,卖盘
13:09:59,18.56,0.02,70,129920,买盘
13:10:02,18.54,-0.02,22,40812,卖盘
13:10:05,18.54,0.0,330,611846,卖盘
13:10:08,18.54,0.0,91,168800,卖盘
13:10:11,18.59,0.05,601,1115958,买盘
13:10:14,18.6,0.01,531,987531,买盘
13:10:17,18.6,0.0,273,507779,买盘
13:10:20,18.6,0.0,353,656580,买盘
13:10:23,18.61,0.01,166,308828,买盘
13:10:26,18.61,0.0,32,59567,买盘
13:10:29,18.63,0.02,385,716988,买盘
13:10:32,18.64,0.01,139,258945,买盘
13:10:35,18.64,0.0,122,227376,买盘
13:10:38,18.63,-0.01,77,143495,中性盘
13:10:41,18.63,0.0,128,238560,买盘
13:10:44,18.63,0.0,52,96892,买盘
13:10:47,18.6,-0.03,362,673742,卖盘
13:10:50,18.6,0.0,117,217742,买盘
13:10:53,18.62,0.02,68,126660,买盘
13:10:56,18.63,0.01,101,188138,买盘
13:10:59,18.62,-0.01,80,149037,卖盘
13:11:02,18.62,0.0,107,199278,卖盘
13:11:05,18.61,-0.01,108,201054,卖盘
13:11:08,18.59,-0.02,235,437330,卖盘
13:11:11,18.59,0.0,71,132118,卖盘
13:11:14,18.59,0.0,15,27897,卖盘
13:11:17,18.59,0.0,24,44642,卖盘
13:11:20,18.59,0.0,25,46468,卖盘
13:11:23,18.59,0.0,13,24167,买盘
13:11:26,18.58,-0.01,14,26023,卖盘
13:11:29,18.58,0.0,31,57612,卖盘
13:11:32,18.58,0.0,125,232267,卖盘
13:11:35,18.58,0.0,34,63172,买盘
13:11:38,18.58,0.0,1,1858,买盘
13:11:41,18.58,0.0,8,14864,买盘
13:11:44,18.58,0.0,2,3716,买盘
13:11:47,18.57,-0.01,9,16713,买盘
13:11:50,18.57,0.0,16,29702,买盘
13:11:53,18.56,-0.01,13,24132,卖盘
13:11:56,18.56,0.0,46,85383,卖盘
13:11:59,18.55,-0.01,42,77960,卖盘
13:12:02,18.56,0.01,32,59371,买盘
13:12:05,18.55,-0.01,9,16701,卖盘
13:12:08,18.55,0.0,72,133650,买盘
13:12:11,18.56,0.01,21,38981,买盘
13:12:14,18.54,-0.02,25,46364,卖盘
13:12:17,18.55,0.01,39,72345,买盘
13:12:20,18.56,0.01,117,216988,买盘
13:12:23,18.56,0.0,113,209753,中性盘
13:12:26,18.54,-0.02,100,185493,卖盘
13:12:29,18.56,0.02,122,226432,买盘
13:12:32,18.56,0.0,29,53872,卖盘
13:12:35,18.56,0.0,12,22274,卖盘
13:12:38,18.59,0.03,54,100353,买盘
13:12:41,18.57,-0.02,14,26024,卖盘
13:12:44,18.58,0.01,4,7432,买盘
13:12:47,18.57,-0.01,2,3715,卖盘
13:12:50,18.58,0.01,32,59443,买盘
13:12:53,18.59,0.01,8,14869,买盘
13:12:56,18.58,-0.01,22,40876,买盘
13:12:59,18.58,0.0,6,11148,买盘
13:13:02,18.58,0.0,7,13006,买盘
13:13:05,18.55,-0.03,116,215298,卖盘
13:13:08,18.54,-0.01,94,174329,卖盘
13:13:11,18.55,0.01,32,59368,买盘
13:13:14,18.54,-0.01,14,25963,卖盘
13:13:17,18.54,0.0,191,354114,卖盘
13:13:20,18.53,-0.01,48,88991,卖盘
13:13:26,18.52,-0.01,5,9260,卖盘
13:13:29,18.52,0.0,6,11113,卖盘
13:13:32,18.52,0.0,19,35190,卖盘
13:13:35,18.52,0.0,33,61115,买盘
13:13:38,18.52,0.0,7,12964,买盘
13:13:41,18.5,-0.02,341,630920,卖盘
13:13:44,18.51,0.01,90,166598,买盘
13:13:47,18.48,-0.03,24,44358,卖盘
13:13:50,18.51,0.03,5,9255,买盘
13:13:53,18.51,0.0,1,1851,买盘
13:13:56,18.52,0.01,110,203663,买盘
13:13:59,18.52,0.0,30,55574,买盘
13:14:05,18.51,-0.01,13,24072,卖盘
13:14:08,18.52,0.01,334,618283,中性盘
13:14:11,18.51,-0.01,131,242518,买盘
13:14:14,18.51,0.0,18,33318,买盘
13:14:17,18.5,-0.01,3,5550,买盘
13:14:29,18.49,-0.01,50,92450,卖盘
13:14:32,18.5,0.01,16,29600,买盘
13:14:35,18.49,-0.01,28,51772,卖盘
13:14:38,18.49,0.0,9,16641,买盘
13:14:41,18.48,-0.01,17,31417,卖盘
13:14:44,18.48,0.0,7,12941,卖盘
13:14:47,18.48,0.0,28,51745,卖盘
13:14:50,18.48,0.0,16,29574,卖盘
13:14:53,18.48,0.0,31,57291,卖盘
13:14:56,18.48,0.0,8,14791,卖盘
13:14:59,18.48,0.0,42,77616,卖盘
13:15:02,18.48,0.0,15,27721,买盘
13:15:05,18.47,-0.01,15,27706,卖盘
13:15:08,18.47,0.0,18,33249,卖盘
13:15:11,18.45,-0.02,19,35083,卖盘
13:15:14,18.45,0.0,15,27695,卖盘
13:15:17,18.48,0.03,23,42501,买盘
13:15:20,18.45,-0.03,19,35079,卖盘
13:15:23,18.47,0.02,3,5541,买盘
13:15:26,18.47,0.0,3,5541,买盘
13:15:29,18.46,-0.01,3,5540,卖盘
13:15:32,18.46,0.0,15,27690,卖盘
13:15:35,18.45,-0.01,10,18454,卖盘
13:15:38,18.46,0.01,1,1846,买盘
13:15:44,18.46,0.0,17,31382,买盘
13:15:47,18.45,-0.01,15,27680,卖盘
13:15:50,18.46,0.01,2,3692,买盘
13:15:59,18.45,-0.01,40,73801,卖盘
13:16:02,18.45,0.0,11,20295,买盘
13:16:05,18.44,-0.01,5,9222,卖盘
13:16:08,18.45,0.01,2,3690,买盘
13:16:17,18.45,0.0,46,84850,买盘
13:16:20,18.45,0.0,12,22151,卖盘
13:16:23,18.45,0.0,1,1845,卖盘
13:16:26,18.46,0.01,1,1846,买盘
13:16:29,18.46,0.0,11,20306,买盘
13:16:32,18.45,-0.01,17,31370,卖盘
13:16:35,18.45,0.0,5,9229,卖盘
13:16:38,18.47,0.02,77,142148,买盘
13:16:41,18.48,0.01,24,44339,买盘
13:16:44,18.47,-0.01,70,129291,卖盘
13:16:47,18.47,0.0,20,36940,买盘
13:16:50,18.47,0.0,6,11082,买盘
13:16:53,18.47,0.0,60,110820,买盘
13:16:56,18.48,0.01,15,27720,买盘
13:16:59,18.47,-0.01,2,3694,卖盘
13:17:02,18.46,-0.01,251,463135,卖盘
13:17:05,18.46,0.0,63,116288,买盘
13:17:08,18.44,-0.02,2,3688,卖盘
13:17:17,18.45,0.01,5,9225,买盘
13:17:20,18.44,-0.01,12,22132,卖盘
13:17:23,18.44,0.0,12,22137,卖盘
13:17:26,18.45,0.01,80,147529,中性盘
13:17:29,18.45,0.0,31,57229,卖盘
13:17:32,18.47,0.02,5,9231,买盘
13:17:35,18.46,-0.01,4,7384,卖盘
13:17:38,18.46,0.0,62,114537,卖盘
13:17:41,18.48,0.02,16,29568,买盘
13:17:47,18.48,0.0,10,18480,买盘
13:17:50,18.47,-0.01,24,44350,卖盘
13:17:53,18.48,0.01,6,11088,买盘
13:17:56,18.47,-0.01,13,24013,卖盘
13:17:59,18.47,0.0,13,24014,卖盘
13:18:02,18.48,0.01,28,51728,买盘
13:18:05,18.46,-0.02,24,44324,卖盘
13:18:08,18.46,0.0,12,22156,卖盘
13:18:11,18.47,0.01,12,22164,买盘
13:18:14,18.47,0.0,17,31390,买盘
13:18:17,18.46,-0.01,173,319368,卖盘
13:18:20,18.48,0.02,43,79419,买盘
13:18:23,18.45,-0.03,12,22147,卖盘
13:18:26,18.46,0.01,13,23994,买盘
13:18:29,18.47,0.01,13,24000,买盘
13:18:32,18.45,-0.02,9,16612,卖盘
13:18:35,18.46,0.01,1,1846,买盘
13:18:38,18.47,0.01,80,147665,买盘
13:18:41,18.46,-0.01,22,40645,卖盘
13:18:44,18.45,-0.01,25,46128,卖盘
13:18:47,18.45,0.0,10,18450,买盘
13:18:50,18.45,0.0,1,1845,买盘
13:18:59,18.45,0.0,11,20295,买盘
13:19:02,18.45,0.0,50,92207,买盘
13:19:05,18.45,0.0,12,22140,买盘
13:19:08,18.45,0.0,24,44280,买盘
13:19:11,18.45,0.0,49,90370,买盘
13:19:14,18.45,0.0,11,20295,买盘
13:19:20,18.45,0.0,6,11070,买盘
13:19:23,18.45,0.0,2,3690,买盘
13:19:26,18.44,-0.01,21,38730,卖盘
13:19:29,18.44,0.0,19,35036,买盘
13:19:32,18.44,0.0,5,9220,买盘
13:19:35,18.42,-0.02,65,119730,卖盘
13:19:38,18.44,0.02,19,35008,买盘
13:19:41,18.43,-0.01,15,27640,买盘
13:19:44,18.42,-0.01,45,82912,卖盘
13:19:47,18.44,0.02,11,20284,买盘
13:19:50,18.42,-0.02,45,82890,卖盘
13:19:53,18.45,0.03,11,20294,买盘
13:19:56,18.44,-0.01,7,12908,买盘
13:19:59,18.44,0.0,3,5534,卖盘
13:20:02,18.44,0.0,4,7376,卖盘
13:20:05,18.45,0.01,1,1845,买盘
13:20:08,18.44,-0.01,7,12908,卖盘
13:20:11,18.45,0.01,3,5534,买盘
13:20:14,18.44,-0.01,16,29504,卖盘
13:20:17,18.44,0.0,4,7376,买盘
13:20:26,18.43,-0.01,15,27645,卖盘
13:20:29,18.43,0.0,9,16593,卖盘
13:20:32,18.43,0.0,1,1843,买盘
13:20:35,18.43,0.0,6,11053,买盘
13:20:38,18.43,0.0,2,3686,买盘
13:20:50,18.42,-0.01,1,1842,卖盘
13:20:53,18.42,0.0,22,40536,卖盘
13:20:56,18.43,0.01,7,12901,买盘
13:20:59,18.43,0.0,13,23948,买盘
13:21:02,18.44,0.01,39,71858,买盘
13:21:05,18.43,-0.01,53,97668,买盘
13:21:08,18.43,0.0,20,36853,买盘
13:21:11,18.42,-0.01,3,5528,卖盘
13:21:17,18.43,0.01,6,11058,买盘
13:21:20,18.43,0.0,3,5529,买盘
13:21:29,18.43,0.0,23,42389,买盘
13:21:32,18.43,0.0,31,57133,买盘
13:21:35,18.43,0.0,7,12901,买盘
13:21:38,18.43,0.0,26,47913,买盘
13:21:41,18.43,0.0,17,31329,买盘
13:21:44,18.43,0.0,2,3686,买盘
13:21:50,18.43,0.0,25,46075,买盘
13:21:53,18.43,0.0,7,12901,买盘
13:21:56,18.42,-0.01,13,23952,卖盘
13:21:59,18.43,0.01,3,5529,买盘
13:22:02,18.42,-0.01,10,18420,卖盘
13:22:05,18.43,0.01,3,5529,买盘
13:22:08,18.43,0.0,5,9215,买盘
13:22:11,18.43,0.0,1,1843,买盘
13:22:23,18.42,-0.01,5,9210,卖盘
13:22:26,18.42,0.0,28,51577,卖盘
13:22:29,18.43,0.01,11,20273,买盘
13:22:32,18.43,0.0,2,3686,买盘
13:22:35,18.42,-0.01,22,40218,卖盘
13:22:38,18.42,0.0,38,70002,卖盘
13:22:41,18.42,0.0,9,16586,卖盘
13:22:44,18.43,0.01,1,1843,买盘
13:22:47,18.42,-0.01,5,9210,卖盘
13:22:50,18.43,0.01,1,1843,买盘
13:22:53,18.43,0.0,6,11058,买盘
13:22:56,18.43,0.0,7,12901,买盘
13:22:59,18.42,-0.01,70,129255,卖盘
13:23:02,18.43,0.01,30,55267,买盘
13:23:05,18.42,-0.01,21,38685,中性盘
13:23:08,18.42,0.0,15,27630,买盘
13:23:11,18.42,0.0,8,14738,卖盘
13:23:14,18.43,0.01,524,965421,买盘
13:23:17,18.45,0.02,164,302543,买盘
13:23:20,18.45,0.0,202,372629,买盘
13:23:23,18.46,0.01,56,103373,买盘
13:23:26,18.46,0.0,12,22140,买盘
13:23:29,18.46,0.0,2,3692,买盘
13:23:35,18.46,0.0,15,27687,买盘
13:23:38,18.47,0.01,49,90497,买盘
13:23:41,18.46,-0.01,15,27705,卖盘
13:23:44,18.48,0.02,3,5542,买盘
13:23:47,18.48,0.0,1,1848,买盘
13:23:50,18.48,0.0,54,99792,买盘
13:23:53,18.48,0.0,17,31413,买盘
13:23:56,18.48,0.0,4,7392,买盘
13:23:59,18.47,-0.01,108,199540,卖盘
13:24:02,18.48,0.01,76,140493,中性盘
13:24:05,18.47,-0.01,41,75744,卖盘
13:24:08,18.5,0.03,128,236649,买盘
13:24:11,18.49,-0.01,37,68444,中性盘
13:24:14,18.5,0.01,2,3700,买盘
13:24:17,18.52,0.02,174,321968,买盘
13:24:20,18.52,0.0,100,185291,卖盘
13:24:23,18.52,0.0,25,46339,卖盘
13:24:26,18.54,0.02,3,5562,买盘
13:24:29,18.53,-0.01,220,407463,卖盘
13:24:32,18.53,0.0,75,138975,买盘
13:24:35,18.53,0.0,17,31501,买盘
13:24:38,18.54,0.01,143,264936,买盘
13:24:41,18.53,-0.01,110,203759,卖盘
13:24:44,18.53,0.0,128,237110,买盘
13:24:50,18.53,0.0,48,88939,买盘
13:24:53,18.53,0.0,122,226048,买盘
13:24:56,18.52,-0.01,3,5556,中性盘
13:24:59,18.52,0.0,26,48175,卖盘
13:25:02,18.52,0.0,9,16668,卖盘
13:25:05,18.52,0.0,100,185295,卖盘
13:25:08,18.55,0.03,305,565567,买盘
13:25:11,18.57,0.02,710,1319761,买盘
13:25:14,18.61,0.04,356,661912,买盘
13:25:17,18.59,-0.02,139,258528,卖盘
13:25:20,18.59,0.0,63,117187,卖盘
13:25:23,18.59,0.0,21,39061,卖盘
13:25:26,18.6,0.01,42,78095,买盘
13:25:29,18.6,0.0,65,120878,买盘
13:25:32,18.6,0.0,105,195260,买盘
13:25:35,18.59,-0.01,29,53918,买盘
13:25:38,18.57,-0.02,10,18580,卖盘
13:25:41,18.57,0.0,16,29711,中性盘
13:25:44,18.6,0.03,76,141162,买盘
13:25:47,18.6,0.0,18,33480,买盘
13:25:50,18.56,-0.04,32,59392,卖盘
13:25:53,18.59,0.03,21,39039,买盘
13:25:56,18.59,0.0,8,14872,买盘
13:25:59,18.59,0.0,21,39034,买盘
13:26:02,18.59,0.0,7,13013,买盘
13:26:05,18.59,0.0,13,24160,买盘
13:26:08,18.58,-0.01,48,89191,中性盘
13:26:11,18.58,0.0,32,59439,买盘
13:26:14,18.56,-0.02,136,252434,卖盘
13:26:17,18.56,0.0,71,131776,买盘
13:26:20,18.55,-0.01,63,116892,卖盘
13:26:23,18.54,-0.01,34,63084,卖盘
13:26:26,18.55,0.01,30,55637,买盘
13:26:29,18.55,0.0,42,77839,买盘
13:26:32,18.51,-0.04,27,50015,卖盘
13:26:35,18.54,0.03,21,38925,买盘
13:26:38,18.54,0.0,33,61131,买盘
13:26:41,18.54,0.0,31,57474,买盘
13:26:44,18.54,0.0,29,53772,卖盘
13:26:47,18.55,0.01,15,27825,买盘
13:26:50,18.54,-0.01,37,68612,卖盘
13:26:53,18.55,0.01,52,96457,买盘
13:26:56,18.54,-0.01,26,48228,卖盘
13:26:59,18.54,0.0,22,40800,卖盘
13:27:02,18.54,0.0,13,24107,卖盘
13:27:05,18.54,0.0,6,11126,卖盘
13:27:08,18.54,0.0,8,14833,卖盘
13:27:11,18.54,0.0,81,150176,卖盘
13:27:14,18.55,0.01,71,131697,买盘
13:27:17,18.54,-0.01,22,40800,中性盘
13:27:20,18.54,0.0,32,59331,卖盘
13:27:23,18.54,0.0,9,16686,买盘
13:27:26,18.54,0.0,39,72306,买盘
13:27:29,18.53,-0.01,10,18539,中性盘
13:27:32,18.54,0.01,21,38929,买盘
13:27:35,18.54,0.0,16,29664,买盘
13:27:38,18.53,-0.01,6,11120,卖盘
13:27:41,18.54,0.01,3,5561,买盘
13:27:44,18.54,0.0,14,25952,买盘
13:27:47,18.54,0.0,3,5562,买盘
13:27:50,18.53,-0.01,1,1853,买盘
13:27:53,18.52,-0.01,512,947814,卖盘
13:27:56,18.53,0.01,129,238998,买盘
13:27:59,18.53,0.0,3,5559,买盘
13:28:02,18.53,0.0,1,1853,买盘
13:28:05,18.53,0.0,30,55570,买盘
13:28:08,18.53,0.0,8,14824,买盘
13:28:17,18.53,0.0,33,61147,买盘
13:28:20,18.53,0.0,10,18530,买盘
13:28:26,18.54,0.01,97,179798,买盘
13:28:29,18.54,0.0,31,57474,买盘
13:28:32,18.54,0.0,3,5562,买盘
13:28:35,18.54,0.0,1,1854,买盘
13:28:38,18.51,-0.03,20,37024,卖盘
13:28:41,18.54,0.03,8,14831,买盘
13:28:44,18.51,-0.03,2,3705,卖盘
13:28:47,18.5,-0.01,45,83292,卖盘
13:28:50,18.54,0.04,12,22248,买盘
13:28:59,18.53,-0.01,9,16677,买盘
13:29:02,18.53,0.0,6,11118,买盘
13:29:05,18.53,0.0,51,94503,买盘
13:29:08,18.53,0.0,13,24085,买盘
13:29:14,18.5,-0.03,8,14806,卖盘
13:29:17,18.5,0.0,2,3700,卖盘
13:29:20,18.5,0.0,4,7400,卖盘
13:29:23,18.52,0.02,72,133305,买盘
13:29:26,18.5,-0.02,27,49992,卖盘
13:29:29,18.5,0.0,15,27750,买盘
13:29:32,18.5,0.0,30,55500,买盘
13:29:35,18.49,-0.01,10,18504,卖盘
13:29:38,18.5,0.01,7,12951,卖盘
13:29:41,18.49,-0.01,59,109149,卖盘
13:29:44,18.5,0.01,35,64744,买盘
13:29:47,18.5,0.0,5,9250,买盘
13:29:53,18.49,-0.01,22,40694,卖盘
13:29:56,18.49,0.0,6,11099,卖盘
13:29:59,18.49,0.0,84,155383,卖盘
13:30:02,18.49,0.0,46,85096,卖盘
13:30:05,18.48,-0.01,11,20335,卖盘
13:30:08,18.49,0.01,9,16641,买盘
13:30:11,18.5,0.01,121,223969,中性盘
13:30:14,18.51,0.01,60,111054,买盘
13:30:17,18.51,0.0,82,151844,卖盘
13:30:20,18.53,0.02,37,68551,买盘
13:30:23,18.54,0.01,4,7413,买盘
13:30:26,18.54,0.0,16,29663,买盘
13:30:29,18.54,0.0,4,7416,买盘
13:30:32,18.54,0.0,62,114948,买盘
13:30:35,18.55,0.01,38,70490,买盘
13:30:38,18.54,-0.01,15,27815,卖盘
13:30:41,18.55,0.01,83,153965,买盘
13:30:44,18.56,0.01,24,44544,买盘
13:30:47,18.56,0.0,66,122464,买盘
13:30:50,18.56,0.0,65,120604,中性盘
13:30:53,18.55,-0.01,34,63097,中性盘
13:30:56,18.57,0.02,72,133647,买盘
13:30:59,18.56,-0.01,17,31568,卖盘
13:31:02,18.56,0.0,52,96526,卖盘
13:31:05,18.56,0.0,21,38989,卖盘
13:31:08,18.55,-0.01,24,44522,卖盘
13:31:11,18.54,-0.01,110,204164,卖盘
13:31:14,18.56,0.02,37,68708,中性盘
13:31:17,18.57,0.01,21,38984,买盘
13:31:20,18.57,0.0,122,226392,买盘
13:31:23,18.58,0.01,30,55740,买盘
13:31:26,18.59,0.01,124,230442,买盘
13:31:29,18.59,0.0,43,79924,买盘
13:31:32,18.59,0.0,134,249088,买盘
13:31:35,18.58,-0.01,131,243517,卖盘
13:31:38,18.58,0.0,68,126385,卖盘
13:31:41,18.59,0.01,46,85495,买盘
13:31:44,18.6,0.01,1726,3210309,买盘
13:31:47,18.6,0.0,565,1051225,买盘
13:31:50,18.62,0.02,74,137667,买盘
13:31:53,18.6,-0.02,16,29780,中性盘
13:31:56,18.62,0.02,74,137744,买盘
13:31:59,18.6,-0.02,44,81882,卖盘
13:32:02,18.6,0.0,73,135791,卖盘
13:32:05,18.6,0.0,115,213934,卖盘
13:32:08,18.58,-0.02,92,170993,卖盘
13:32:11,18.59,0.01,85,158015,买盘
13:32:14,18.57,-0.02,25,46471,卖盘
13:32:17,18.59,0.02,11,20449,买盘
13:32:20,18.6,0.01,7,13018,买盘
13:32:23,18.6,0.0,64,118988,买盘
13:32:26,18.62,0.02,339,630634,买盘
13:32:29,18.61,-0.01,377,701867,卖盘
13:32:32,18.63,0.02,198,368853,买盘
13:32:35,18.63,0.0,113,210472,买盘
13:32:38,18.62,-0.01,86,160159,卖盘
13:32:41,18.62,0.0,40,74521,中性盘
13:32:44,18.63,0.01,8,14904,买盘
13:32:47,18.63,0.0,45,83834,买盘
13:32:50,18.65,0.02,583,1086575,买盘
13:32:53,18.65,0.0,886,1652335,买盘
13:32:56,18.65,0.0,350,652988,买盘
13:32:59,18.67,0.02,153,285569,买盘
13:33:02,18.67,0.0,104,194139,买盘
13:33:05,18.68,0.01,94,175499,买盘
13:33:08,18.67,-0.01,202,377267,中性盘
13:33:11,18.69,0.02,2321,4338997,买盘
13:33:14,18.74,0.05,807,1510899,买盘
13:33:17,18.74,0.0,226,423518,买盘
13:33:20,18.74,0.0,522,978181,买盘
13:33:23,18.75,0.01,375,702989,买盘
13:33:26,18.75,0.0,126,236236,买盘
13:33:29,18.72,-0.03,459,860093,卖盘
13:33:32,18.68,-0.04,383,716548,卖盘
13:33:35,18.69,0.01,300,561047,买盘
13:33:38,18.71,0.02,317,593027,中性盘
13:33:41,18.68,-0.03,232,433518,卖盘
13:33:44,18.7,0.02,486,908762,买盘
13:33:47,18.69,-0.01,168,314061,卖盘
13:33:50,18.7,0.01,98,183239,买盘
13:33:53,18.7,0.0,163,304783,买盘
13:33:56,18.69,-0.01,74,138372,卖盘
13:33:59,18.68,-0.01,161,300974,卖盘
13:34:02,18.66,-0.02,232,433422,卖盘
13:34:05,18.69,0.03,177,330642,买盘
13:34:08,18.69,0.0,205,383099,买盘
13:34:11,18.7,0.01,677,1264286,买盘
13:34:14,18.71,0.01,205,383436,买盘
13:34:17,18.72,0.01,235,439794,买盘
13:34:20,18.7,-0.02,587,1098682,卖盘
13:34:23,18.74,0.04,145,271668,买盘
13:34:26,18.72,-0.02,23,43043,买盘
13:34:29,18.74,0.02,589,1102421,买盘
13:34:32,18.76,0.02,1278,2396210,买盘
13:34:35,18.8,0.04,1741,3271607,买盘
13:34:38,18.83,0.03,813,1529055,买盘
13:34:41,18.86,0.03,511,963075,买盘
13:34:44,18.88,0.02,356,671909,买盘
13:34:47,18.87,-0.01,1054,1989880,卖盘
13:34:50,18.91,0.04,1471,2777924,买盘
13:34:53,18.94,0.03,450,851670,买盘
13:34:56,18.97,0.03,420,796077,买盘
13:34:59,18.98,0.01,364,690447,买盘
13:35:02,18.99,0.01,1296,2460237,买盘
13:35:05,19.01,0.02,2646,5026923,买盘
13:35:08,19.04,0.03,678,1291100,买盘
13:35:11,19.08,0.04,623,1188700,买盘
13:35:14,19.12,0.04,472,901788,买盘
13:35:17,19.15,0.03,681,1302438,买盘
13:35:20,19.15,0.0,1608,3075189,买盘
13:35:23,19.15,0.0,929,1779079,买盘
13:35:26,19.15,0.0,935,1790320,卖盘
13:35:29,19.14,-0.01,884,1692596,卖盘
13:35:32,19.11,-0.03,1648,3155187,卖盘
13:35:35,19.1,-0.01,1131,2161314,卖盘
13:35:38,19.06,-0.04,456,870664,卖盘
13:35:41,19.08,0.02,324,617977,买盘
13:35:44,19.06,-0.02,440,840112,卖盘
13:35:47,19.07,0.01,558,1064243,卖盘
13:35:50,19.06,-0.01,1004,1914082,卖盘
13:35:53,19.07,0.01,590,1126096,买盘
13:35:56,19.06,-0.01,330,629594,卖盘
13:35:59,19.04,-0.02,591,1126198,卖盘
13:36:02,19.04,0.0,284,541008,卖盘
13:36:05,19.04,0.0,578,1100820,卖盘
13:36:08,19.05,0.01,364,693443,买盘
13:36:11,19.06,0.01,404,769496,买盘
13:36:14,19.06,0.0,745,1420542,买盘
13:36:17,19.1,0.04,628,1198805,买盘
13:36:20,19.09,-0.01,341,651209,买盘
13:36:23,19.1,0.01,199,380237,买盘
13:36:26,19.11,0.01,144,275379,卖盘
13:36:29,19.14,0.03,426,814907,买盘
13:36:32,19.12,-0.02,330,631493,卖盘
13:36:35,19.12,0.0,711,1360712,卖盘
13:36:38,19.09,-0.03,430,821767,卖盘
13:36:41,19.09,0.0,397,758262,卖盘
13:36:44,19.07,-0.02,598,1141874,卖盘
13:36:47,19.09,0.02,569,1085805,买盘
13:36:50,19.07,-0.02,230,439030,中性盘
13:36:53,19.05,-0.02,223,425114,卖盘
13:36:56,19.04,-0.01,97,184900,卖盘
13:36:59,19.04,0.0,264,502894,卖盘
13:37:02,19.06,0.02,1221,2324951,买盘
13:37:05,19.1,0.04,496,946014,买盘
13:37:08,19.1,0.0,287,547433,买盘
13:37:11,19.06,-0.04,200,381819,卖盘
13:37:14,19.1,0.04,184,351357,买盘
13:37:17,19.11,0.01,951,1816828,买盘
13:37:20,19.12,0.01,759,1450729,买盘
13:37:23,19.14,0.02,235,449662,买盘
13:37:26,19.15,0.01,182,348241,买盘
13:37:29,19.15,0.0,499,955544,买盘
13:37:32,19.17,0.02,1448,2777069,买盘
13:37:35,19.16,-0.01,839,1610502,卖盘
13:37:38,19.23,0.07,804,1543767,买盘
13:37:41,19.21,-0.02,572,1099745,卖盘
13:37:44,19.29,0.08,524,1010119,买盘
13:37:47,19.3,0.01,822,1584391,买盘
13:37:50,19.33,0.03,1274,2457730,买盘
13:37:53,19.36,0.03,995,1925595,买盘
13:37:56,19.4,0.04,974,1885972,买盘
13:37:59,19.33,-0.07,1654,3211249,卖盘
13:38:02,19.33,0.0,1415,2743993,卖盘
13:38:05,19.29,-0.04,532,1027560,中性盘
13:38:08,19.28,-0.01,484,933326,中性盘
13:38:11,19.21,-0.07,181,348698,卖盘
13:38:14,19.2,-0.01,924,1774754,卖盘
13:38:17,19.19,-0.01,597,1145370,中性盘
13:38:20,19.21,0.02,510,976545,买盘
13:38:23,19.19,-0.02,235,450913,中性盘
13:38:26,19.19,0.0,226,433099,卖盘
13:38:29,19.14,-0.05,284,542804,卖盘
13:38:32,19.06,-0.08,519,990956,卖盘
13:38:35,19.1,0.04,387,738888,买盘
13:38:38,19.1,0.0,99,189420,中性盘
13:38:41,19.15,0.05,263,503292,买盘
13:38:44,19.17,0.02,231,442693,中性盘
13:38:47,19.17,0.0,208,398812,买盘
13:38:50,19.18,0.01,393,753780,买盘
13:38:53,19.19,0.01,357,684679,买盘
13:38:56,19.17,-0.02,325,623661,卖盘
13:38:59,19.18,0.01,189,362911,买盘
13:39:02,19.17,-0.01,442,847233,卖盘
13:39:05,19.15,-0.02,456,873755,卖盘
13:39:08,19.16,0.01,191,366021,中性盘
13:39:11,19.15,-0.01,232,444102,中性盘
13:39:14,19.13,-0.02,104,199115,卖盘
13:39:17,19.12,-0.01,370,707635,卖盘
13:39:20,19.09,-0.03,469,896217,卖盘
13:39:23,19.1,0.01,210,401268,买盘
13:39:26,19.1,0.0,212,404839,买盘
13:39:29,19.1,0.0,216,412471,卖盘
13:39:32,19.1,0.0,239,456422,卖盘
13:39:35,19.1,0.0,180,343979,卖盘
13:39:38,19.1,0.0,308,588295,中性盘
13:39:41,19.11,0.01,148,282920,买盘
13:39:44,19.13,0.02,212,405244,买盘
13:39:47,19.13,0.0,351,670907,买盘
13:39:50,19.15,0.02,686,1312542,买盘
13:39:53,19.16,0.01,576,1103839,买盘
13:39:56,19.19,0.03,207,396903,买盘
13:39:59,19.18,-0.01,173,331971,中性盘
13:40:02,19.21,0.03,1130,2171884,买盘
13:40:05,19.26,0.05,311,598935,买盘
13:40:08,19.28,0.02,86,165658,买盘
13:40:11,19.33,0.05,506,976496,买盘
13:40:14,19.33,0.0,429,829387,买盘
13:40:17,19.32,-0.01,948,1832765,卖盘
13:40:20,19.34,0.02,1415,2741114,卖盘
13:40:23,19.4,0.06,875,1696746,买盘
13:40:26,19.41,0.01,1248,2419758,买盘
13:40:29,19.41,0.0,604,1172492,买盘
13:40:32,19.41,0.0,3402,6624179,买盘
13:40:35,19.5,0.09,1699,3311183,买盘
13:40:38,19.52,0.02,573,1119289,买盘
13:40:41,19.52,0.0,266,520056,卖盘
13:40:44,19.55,0.03,968,1891039,卖盘
13:40:47,19.55,0.0,779,1524070,卖盘
13:40:50,19.51,-0.04,897,1753809,卖盘
13:40:53,19.54,0.03,751,1466914,买盘
13:40:56,19.55,0.01,437,854326,买盘
13:40:59,19.57,0.02,1290,2524404,买盘
13:41:02,19.6,0.03,647,1267669,买盘
13:41:05,19.59,-0.01,405,794413,卖盘
13:41:08,19.62,0.03,619,1214453,卖盘
13:41:11,19.61,-0.01,564,1106924,卖盘
13:41:14,19.61,0.0,792,1553582,卖盘
13:41:17,19.61,0.0,1112,2181432,买盘
13:41:20,19.63,0.02,991,1945226,买盘
13:41:23,19.61,-0.02,525,1030523,卖盘
13:41:26,19.64,0.03,653,1282200,买盘
13:41:29,19.66,0.02,1322,2597034,买盘
13:41:32,19.68,0.02,1768,3474771,买盘
13:41:35,19.69,0.01,999,1965232,买盘
13:41:38,19.71,0.02,618,1216841,买盘
13:41:41,19.72,0.01,614,1209468,买盘
13:41:44,19.7,-0.02,732,1444370,卖盘
13:41:47,19.69,-0.01,893,1758013,卖盘
13:41:50,19.71,0.02,791,1558753,买盘
13:41:53,19.71,0.0,361,710840,卖盘
13:41:56,19.72,0.01,1227,2421162,买盘
13:41:59,19.78,0.06,1170,2313285,买盘
13:42:02,19.74,-0.04,3884,7682888,卖盘
13:42:05,19.79,0.05,1108,2192050,中性盘
13:42:08,19.77,-0.02,1064,2104033,中性盘
13:42:11,19.78,0.01,1932,3821187,买盘
13:42:14,19.71,-0.07,1128,2225894,卖盘
13:42:17,19.72,0.01,418,824007,买盘
13:42:20,19.67,-0.05,230,452890,卖盘
13:42:23,19.7,0.03,465,914218,买盘
13:42:26,19.63,-0.07,330,649818,中性盘
13:42:29,19.71,0.08,266,522854,买盘
13:42:32,19.67,-0.04,113,222450,卖盘
13:42:35,19.7,0.03,533,1046330,买盘
13:42:38,19.63,-0.07,623,1225733,卖盘
13:42:41,19.61,-0.02,228,447722,卖盘
13:42:44,19.63,0.02,136,267495,中性盘
13:42:47,19.61,-0.02,205,402169,卖盘
13:42:50,19.61,0.0,186,364840,买盘
13:42:53,19.61,0.0,546,1070254,买盘
13:42:56,19.65,0.04,354,693502,买盘
13:42:59,19.64,-0.01,208,408051,买盘
13:43:02,19.64,0.0,194,381079,卖盘
13:43:05,19.64,0.0,293,575909,卖盘
13:43:08,19.68,0.04,175,344052,买盘
13:43:11,19.68,0.0,108,212402,买盘
13:43:14,19.65,-0.03,778,1530807,卖盘
13:43:17,19.65,0.0,371,729035,卖盘
13:43:20,19.64,-0.01,678,1332219,卖盘
13:43:23,19.65,0.01,162,318323,买盘
13:43:26,19.65,0.0,187,367473,卖盘
13:43:29,19.64,-0.01,214,420773,卖盘
13:43:32,19.64,0.0,350,687739,卖盘
13:43:35,19.65,0.01,184,361553,买盘
13:43:38,19.64,-0.01,442,868404,卖盘
13:43:41,19.65,0.01,158,310424,买盘
13:43:44,19.64,-0.01,510,1001652,卖盘
13:43:47,19.64,0.0,237,465599,买盘
13:43:50,19.64,0.0,141,276898,买盘
13:43:53,19.64,0.0,99,194379,买盘
13:43:56,19.63,-0.01,190,372842,中性盘
13:43:59,19.62,-0.01,233,457538,中性盘
13:44:02,19.63,0.01,89,174671,中性盘
13:44:05,19.62,-0.01,276,541531,卖盘
13:44:08,19.61,-0.01,227,445478,卖盘
13:44:11,19.6,-0.01,721,1413653,卖盘
13:44:14,19.6,0.0,52,101930,卖盘
13:44:17,19.52,-0.08,374,730595,卖盘
13:44:20,19.57,0.05,369,722212,中性盘
13:44:23,19.63,0.06,1339,2625795,买盘
13:44:26,19.68,0.05,936,1839443,买盘
13:44:29,19.65,-0.03,497,976863,卖盘
13:44:32,19.63,-0.02,379,745536,卖盘
13:44:35,19.64,0.01,212,416209,买盘
13:44:38,19.62,-0.02,132,259113,卖盘
13:44:41,19.62,0.0,138,270911,卖盘
13:44:44,19.62,0.0,551,1082501,卖盘
13:44:47,19.65,0.03,103,202183,买盘
13:44:50,19.66,0.01,791,1554513,买盘
13:44:53,19.65,-0.01,177,347966,卖盘
13:44:56,19.66,0.01,133,261287,中性盘
13:44:59,19.65,-0.01,94,184695,买盘
13:45:02,19.65,0.0,171,336115,卖盘
13:45:05,19.65,0.0,576,1131894,卖盘
13:45:08,19.65,0.0,424,833625,买盘
13:45:11,19.65,0.0,80,157205,卖盘
13:45:14,19.65,0.0,135,265379,卖盘
13:45:17,19.65,0.0,42,82535,卖盘
13:45:20,19.65,0.0,88,172946,卖盘
13:45:23,19.65,0.0,111,218059,买盘
13:45:26,19.63,-0.02,246,482962,卖盘
13:45:29,19.62,-0.01,69,135471,卖盘
13:45:32,19.62,0.0,260,510367,卖盘
13:45:35,19.64,0.02,164,321848,中性盘
13:45:38,19.62,-0.02,772,1515220,卖盘
13:45:41,19.63,0.01,94,184556,中性盘
13:45:44,19.62,-0.01,275,539658,卖盘
13:45:47,19.62,0.0,38,74567,卖盘
13:45:50,19.64,0.02,150,294374,买盘
13:45:53,19.62,-0.02,282,553407,卖盘
13:45:56,19.62,0.0,93,182476,卖盘
13:45:59,19.61,-0.01,42,82392,卖盘
13:46:02,19.63,0.02,736,1444162,买盘
13:46:05,19.65,0.02,1292,2538133,买盘
13:46:08,19.69,0.04,2113,4156903,买盘
13:46:11,19.69,0.0,588,1158244,卖盘
13:46:14,19.71,0.02,1040,2048033,买盘
13:46:17,19.7,-0.01,108,212794,卖盘
13:46:20,19.72,0.02,191,376527,买盘
13:46:23,19.7,-0.02,149,293767,卖盘
13:46:26,19.71,0.01,271,534307,中性盘
13:46:29,19.71,0.0,206,405964,买盘
13:46:32,19.68,-0.03,201,395971,卖盘
13:46:35,19.69,0.01,81,159514,买盘
13:46:38,19.7,0.01,136,267717,买盘
13:46:41,19.7,0.0,165,324859,买盘
13:46:44,19.69,-0.01,158,311113,卖盘
13:46:47,19.69,0.0,43,84667,买盘
13:46:50,19.69,0.0,197,387871,买盘
13:46:53,19.69,0.0,258,507909,买盘
13:46:56,19.68,-0.01,82,161417,卖盘
13:46:59,19.68,0.0,23,45263,买盘
13:47:02,19.68,0.0,118,232256,买盘
13:47:05,19.67,-0.01,121,238052,卖盘
13:47:08,19.68,0.01,214,421033,买盘
13:47:11,19.68,0.0,80,157448,卖盘
13:47:14,19.7,0.02,315,620086,买盘
13:47:17,19.7,0.0,450,886380,买盘
13:47:20,19.69,-0.01,53,104384,卖盘
13:47:23,19.7,0.01,110,216645,买盘
13:47:26,19.69,-0.01,154,303285,卖盘
13:47:29,19.68,-0.01,33,64974,卖盘
13:47:32,19.68,0.0,66,129937,卖盘
13:47:35,19.69,0.01,100,196845,买盘
13:47:38,19.68,-0.01,296,582733,卖盘
13:47:41,19.68,0.0,169,332619,卖盘
13:47:44,19.68,0.0,356,700798,卖盘
13:47:47,19.68,0.0,102,200754,卖盘
13:47:50,19.68,0.0,70,137763,卖盘
13:47:53,19.68,0.0,93,182980,卖盘
13:47:56,19.68,0.0,20,39360,买盘
13:47:59,19.67,-0.01,42,82646,卖盘
13:48:02,19.68,0.01,28,55078,买盘
13:48:05,19.66,-0.02,84,165145,卖盘
13:48:08,19.66,0.0,214,420727,卖盘
13:48:11,19.66,0.0,21,41286,买盘
13:48:14,19.62,-0.04,272,534237,卖盘
13:48:17,19.61,-0.01,61,119718,卖盘
13:48:20,19.62,0.01,31,60811,买盘
13:48:23,19.61,-0.01,157,307979,卖盘
13:48:26,19.62,0.01,50,98133,买盘
13:48:29,19.61,-0.01,47,92180,卖盘
13:48:32,19.6,-0.01,81,158796,卖盘
13:48:35,19.62,0.02,509,998154,买盘
13:48:38,19.6,-0.02,369,723275,卖盘
13:48:41,19.56,-0.04,287,562012,卖盘
13:48:44,19.56,0.0,65,127119,卖盘
13:48:47,19.59,0.03,258,504859,买盘
13:48:50,19.55,-0.04,94,183845,卖盘
13:48:53,19.61,0.06,364,713024,买盘
13:48:56,19.63,0.02,304,596561,买盘
13:48:59,19.65,0.02,121,237719,买盘
13:49:02,19.65,0.0,60,117846,买盘
13:49:05,19.64,-0.01,145,284908,中性盘
13:49:08,19.63,-0.01,80,157044,卖盘
13:49:11,19.64,0.01,62,121730,买盘
13:49:14,19.64,0.0,17,33372,买盘
13:49:17,19.64,0.0,73,143342,买盘
13:49:20,19.63,-0.01,175,343572,卖盘
13:49:23,19.63,0.0,23,45149,卖盘
13:49:26,19.63,0.0,31,60861,买盘
13:49:29,19.63,0.0,114,223782,买盘
13:49:32,19.63,0.0,49,96167,买盘
13:49:35,19.62,-0.01,49,96143,卖盘
13:49:38,19.62,0.0,71,139302,卖盘
13:49:41,19.61,-0.01,123,241419,卖盘
13:49:44,19.61,0.0,62,121617,卖盘
13:49:47,19.61,0.0,162,317737,卖盘
13:49:50,19.6,-0.01,107,209751,卖盘
13:49:53,19.61,0.01,173,339169,买盘
13:49:56,19.6,-0.01,90,176302,买盘
13:49:59,19.6,0.0,40,78338,买盘
13:50:02,19.59,-0.01,151,295895,中性盘
13:50:05,19.58,-0.01,104,203548,卖盘
13:50:08,19.58,0.0,66,129161,买盘
13:50:11,19.63,0.05,884,1733166,买盘
13:50:14,19.66,0.03,1201,2358222,买盘
13:50:17,19.69,0.03,2251,4427077,买盘
13:50:20,19.66,-0.03,706,1388454,卖盘
13:50:23,19.67,0.01,307,603166,中性盘
13:50:26,19.65,-0.02,576,1133014,中性盘
13:50:29,19.64,-0.01,88,172974,卖盘
13:50:32,19.64,0.0,58,113983,卖盘
13:50:35,19.65,0.01,34,66829,中性盘
13:50:38,19.65,0.0,67,131688,卖盘
13:50:41,19.66,0.01,77,151296,买盘
13:50:44,19.64,-0.02,227,446036,卖盘
13:50:47,19.65,0.01,36,70728,买盘
13:50:50,19.64,-0.01,559,1098468,卖盘
13:50:53,19.68,0.04,361,709904,买盘
13:50:56,19.7,0.02,366,720622,买盘
13:50:59,19.69,-0.01,243,478482,卖盘
13:51:02,19.69,0.0,138,271792,买盘
13:51:05,19.69,0.0,2053,4044524,卖盘
13:51:08,19.69,0.0,368,725416,卖盘
13:51:11,19.69,0.0,442,871217,卖盘
13:51:14,19.69,0.0,75,147752,卖盘
13:51:17,19.69,0.0,245,482662,卖盘
13:51:20,19.69,0.0,92,181136,买盘
13:51:23,19.68,-0.01,71,139773,卖盘
13:51:26,19.68,0.0,44,86551,买盘
13:51:29,19.68,0.0,40,78713,买盘
13:51:32,19.68,0.0,34,66864,买盘
13:51:35,19.65,-0.03,10,19652,卖盘
13:51:38,19.67,0.02,71,139657,买盘
13:51:41,19.65,-0.02,126,247833,卖盘
13:51:44,19.68,0.03,152,299005,买盘
13:51:47,19.66,-0.02,79,155351,卖盘
13:51:50,19.67,0.01,122,239986,买盘
13:51:53,19.65,-0.02,154,302706,卖盘
13:51:56,19.67,0.02,58,113961,买盘
13:51:59,19.66,-0.01,70,137580,买盘
13:52:02,19.66,0.0,247,485723,卖盘
13:52:05,19.68,0.02,1608,3166134,买盘
13:52:08,19.71,0.03,815,1602817,买盘
13:52:11,19.7,-0.01,436,857879,中性盘
13:52:14,19.65,-0.05,24,47162,卖盘
13:52:17,19.71,0.06,310,610843,买盘
13:52:20,19.68,-0.03,213,419632,卖盘
13:52:23,19.71,0.03,179,352402,买盘
13:52:26,19.66,-0.05,134,263547,卖盘
13:52:29,19.68,0.02,80,157531,中性盘
13:52:32,19.7,0.02,19,37410,买盘
13:52:35,19.7,0.0,17,33478,买盘
13:52:38,19.71,0.01,155,305162,买盘
13:52:41,19.7,-0.01,45,88631,买盘
13:52:44,19.7,0.0,372,732811,买盘
13:52:47,19.71,0.01,62,122152,买盘
