成交时间,成交价格,价格变动,成交量,成交金额,性质
09:25:02,25.38,0.0,30306,76916628,卖盘
09:30:02,25.5,0.12,3369,8591587,买盘
09:30:05,25.7,0.2,2533,6470571,买盘
09:30:08,25.7,0.0,2335,5972915,买盘
09:30:11,25.72,0.02,2873,7353978,买盘
09:30:14,25.72,0.0,1351,3458791,买盘
09:30:17,25.7,-0.02,4051,10354989,中性盘
09:30:20,25.6,-0.1,2093,5370434,中性盘
09:30:23,25.72,0.12,2783,7135594,中性盘
09:30:26,25.72,0.0,1407,3615731,卖盘
09:30:29,25.6,-0.12,2790,7175181,卖盘
09:30:32,25.69,0.09,3780,9723453,买盘
09:30:35,25.72,0.03,3886,9978320,卖盘
09:30:38,25.7,-0.02,3360,8613755,中性盘
09:30:41,25.7,0.0,4710,12107628,买盘
09:30:44,25.7,0.0,3677,9447144,买盘
09:30:47,25.72,0.02,1994,5128140,中性盘
09:30:50,25.7,-0.02,2755,7093814,卖盘
09:30:53,25.71,0.01,2411,6203604,中性盘
09:30:56,25.71,0.0,1757,4519951,买盘
09:30:59,25.76,0.05,1119,2881552,买盘
09:31:02,25.72,-0.04,2663,6854249,卖盘
09:31:05,25.78,0.06,1459,3762382,买盘
09:31:08,25.83,0.05,1432,3694940,买盘
09:31:11,25.88,0.05,2001,5174231,买盘
09:31:14,25.92,0.04,2048,5299893,买盘
09:31:17,26.01,0.09,5837,15166939,买盘
09:31:20,26.09,0.08,1403,3656075,买盘
09:31:23,26.12,0.03,1713,4477667,买盘
09:31:26,26.2,0.08,1748,4581020,买盘
09:31:29,26.33,0.13,2429,6378111,买盘
09:31:32,26.41,0.08,3702,9776027,买盘
09:31:35,26.42,0.01,3006,7959844,买盘
09:31:38,26.58,0.16,3076,8154187,买盘
09:31:41,26.59,0.01,4650,12362117,买盘
09:31:44,26.6,0.01,3383,9011668,卖盘
09:31:47,26.73,0.13,3880,10361453,买盘
09:31:50,26.74,0.01,4873,13023206,买盘
09:31:53,26.75,0.01,5820,15550620,买盘
09:31:56,26.73,-0.02,6367,17010041,卖盘
09:31:59,26.72,-0.01,5415,14467337,卖盘
09:32:02,26.72,0.0,15594,41725920,买盘
09:32:05,26.72,0.0,7951,21254951,卖盘
09:32:08,26.63,-0.09,7677,20506251,卖盘
09:32:11,26.7,0.07,5434,14494119,中性盘
09:32:14,26.65,-0.05,5349,14253498,卖盘
09:32:17,26.5,-0.15,4051,10780323,卖盘
09:32:20,26.47,-0.03,9961,26517496,卖盘
09:32:23,26.44,-0.03,4313,11423985,卖盘
09:32:26,26.47,0.03,4372,11566103,买盘
09:32:29,26.5,0.03,4950,13111233,买盘
09:32:32,26.61,0.11,3671,9764142,买盘
09:32:35,26.88,0.27,5515,14751000,买盘
09:32:38,27.0,0.12,8507,22926076,买盘
09:32:41,27.11,0.11,5048,13618536,买盘
09:32:44,27.18,0.07,3396,9218239,买盘
09:32:47,27.3,0.12,3836,10442784,买盘
09:32:50,27.39,0.09,3123,8537069,买盘
09:32:53,27.3,-0.09,6967,19067552,卖盘
09:32:56,27.5,0.2,6614,18221233,买盘
09:32:59,27.36,-0.14,8261,22691771,卖盘
09:33:02,27.31,-0.05,4386,12038109,卖盘
09:33:05,27.5,0.19,6470,17835270,买盘
09:33:08,27.33,-0.17,5432,14892070,卖盘
09:33:11,27.33,0.0,5311,14535812,卖盘
09:33:14,27.49,0.16,6555,17962137,买盘
09:33:17,27.4,-0.09,7307,19982766,卖盘
09:33:20,27.3,-0.1,8972,24599718,卖盘
09:33:23,27.4,0.1,3804,10419985,买盘
09:33:26,27.49,0.09,5096,13968937,买盘
09:33:29,27.48,-0.01,7235,19887161,卖盘
09:33:32,27.4,-0.08,6898,18939009,卖盘
09:33:35,27.31,-0.09,9855,27040079,卖盘
09:33:38,27.39,0.08,3439,9404030,买盘
09:33:41,27.27,-0.12,3619,9876601,卖盘
09:33:44,27.25,-0.02,3480,9488582,中性盘
09:33:47,27.27,0.02,4247,11559593,卖盘
09:33:50,27.3,0.03,7846,21364337,买盘
09:33:53,27.31,0.01,4813,13144183,买盘
09:33:56,27.47,0.16,5639,15439713,买盘
09:33:59,27.55,0.08,4677,12860060,买盘
09:34:02,27.88,0.33,7577,21031186,买盘
09:34:05,27.88,0.0,3989,11120597,买盘
09:34:08,27.99,0.11,3940,11021147,买盘
09:34:11,28.07,0.08,5428,15227435,买盘
09:34:14,28.29,0.22,28955,81805224,买盘
09:34:17,28.29,0.0,13150,37194033,买盘
09:34:20,28.29,0.0,5647,15975363,卖盘
09:34:23,28.29,0.0,21022,59471238,卖盘
09:34:26,28.29,0.0,27164,76846956,卖盘
09:34:29,28.29,0.0,19307,54619107,卖盘
09:34:32,28.29,0.0,50972,144199788,卖盘
09:34:35,28.28,-0.01,23787,67290381,卖盘
09:34:38,28.2,-0.08,8676,24469222,卖盘
09:34:41,28.1,-0.1,3994,11249460,卖盘
09:34:44,28.1,0.0,5713,16032588,买盘
09:34:47,28.06,-0.04,6129,17221847,买盘
09:34:50,28.01,-0.05,5931,16622612,卖盘
09:34:53,28.0,-0.01,5337,14960980,卖盘
09:34:56,28.0,0.0,6307,17663226,卖盘
09:34:59,27.95,-0.05,4242,11868647,卖盘
09:35:02,27.95,0.0,6523,18258778,卖盘
09:35:05,27.98,0.03,3995,11163495,买盘
09:35:08,27.99,0.01,5482,15320643,买盘
09:35:11,27.95,-0.04,10690,29913515,卖盘
09:35:14,27.99,0.04,6576,18421352,买盘
09:35:17,28.2,0.21,3435,9637692,买盘
09:35:20,28.29,0.09,18861,53295897,买盘
09:35:23,28.29,0.0,24429,69107714,买盘
09:35:26,28.29,0.0,6648,18807192,卖盘
09:35:29,28.29,0.0,4859,13746111,卖盘
09:35:32,28.29,0.0,4882,13811178,卖盘
09:35:35,28.29,0.0,4875,13791375,卖盘
09:35:38,28.29,0.0,4575,12942675,卖盘
09:35:41,28.29,0.0,8616,24374664,卖盘
09:35:44,28.29,0.0,3260,9222540,卖盘
09:35:47,28.29,0.0,2219,6277551,卖盘
09:35:50,28.29,0.0,2533,7165857,卖盘
09:35:53,28.29,0.0,2502,7078158,卖盘
09:35:56,28.29,0.0,2241,6339789,卖盘
09:35:59,28.29,0.0,2225,6294525,卖盘
09:36:02,28.29,0.0,1891,5349639,卖盘
09:36:05,28.29,0.0,1199,3391971,卖盘
09:36:08,28.29,0.0,834,2359386,卖盘
09:36:11,28.29,0.0,765,2164185,卖盘
09:36:14,28.29,0.0,1564,4424556,卖盘
09:36:17,28.29,0.0,801,2266029,卖盘
09:36:20,28.29,0.0,898,2540442,卖盘
09:36:23,28.29,0.0,649,1836021,卖盘
09:36:26,28.29,0.0,602,1703058,卖盘
09:36:29,28.29,0.0,551,1558779,卖盘
09:36:32,28.29,0.0,699,1977471,卖盘
09:36:35,28.29,0.0,1012,2862948,卖盘
09:36:38,28.29,0.0,1026,2902554,卖盘
09:36:41,28.29,0.0,218,616722,卖盘
09:36:44,28.29,0.0,276,780804,卖盘
09:36:47,28.29,0.0,329,930741,卖盘
09:36:50,28.29,0.0,654,1850166,卖盘
09:36:53,28.29,0.0,197,557313,卖盘
09:36:56,28.29,0.0,365,1032585,卖盘
09:36:59,28.29,0.0,324,916596,卖盘
09:37:02,28.29,0.0,7557,21378753,卖盘
09:37:05,28.29,0.0,427,1207983,卖盘
09:37:08,28.29,0.0,613,1734177,卖盘
09:37:11,28.29,0.0,1221,3454209,卖盘
09:37:14,28.29,0.0,526,1488054,卖盘
09:37:17,28.29,0.0,550,1555950,卖盘
09:37:20,28.29,0.0,1783,5044107,卖盘
09:37:23,28.29,0.0,340,961860,卖盘
09:37:26,28.29,0.0,356,1007124,卖盘
09:37:29,28.29,0.0,736,2082144,卖盘
09:37:32,28.29,0.0,329,930741,卖盘
09:37:35,28.29,0.0,878,2484597,卖盘
09:37:38,28.29,0.0,354,1001466,卖盘
09:37:41,28.29,0.0,232,656328,卖盘
09:37:44,28.29,0.0,192,543168,卖盘
09:37:47,28.29,0.0,222,628038,卖盘
09:37:50,28.29,0.0,308,871332,卖盘
09:37:53,28.29,0.0,190,537510,卖盘
09:37:56,28.29,0.0,336,950544,卖盘
09:37:59,28.29,0.0,206,582774,卖盘
09:38:02,28.29,0.0,281,794949,卖盘
09:38:05,28.29,0.0,333,942057,卖盘
09:38:08,28.29,0.0,348,984492,卖盘
09:38:11,28.29,0.0,467,1321143,卖盘
09:38:14,28.29,0.0,166,469614,卖盘
09:38:17,28.29,0.0,273,772317,卖盘
09:38:20,28.29,0.0,247,698763,卖盘
09:38:23,28.29,0.0,245,693105,卖盘
09:38:26,28.29,0.0,203,574287,卖盘
09:38:29,28.29,0.0,457,1292853,卖盘
09:38:32,28.29,0.0,223,630867,卖盘
09:38:35,28.29,0.0,174,492246,卖盘
09:38:38,28.29,0.0,243,687447,卖盘
09:38:41,28.29,0.0,426,1205154,卖盘
09:38:44,28.29,0.0,518,1465422,卖盘
09:38:47,28.29,0.0,211,596919,卖盘
09:38:50,28.29,0.0,212,599748,卖盘
09:38:53,28.29,0.0,324,916596,卖盘
09:38:56,28.29,0.0,215,608235,卖盘
09:38:59,28.29,0.0,446,1261734,卖盘
09:39:02,28.29,0.0,124,350796,卖盘
09:39:05,28.29,0.0,153,432837,卖盘
09:39:08,28.29,0.0,236,667644,卖盘
09:39:11,28.29,0.0,774,2189646,卖盘
09:39:14,28.29,0.0,145,410205,卖盘
09:39:17,28.29,0.0,166,469614,卖盘
09:39:20,28.29,0.0,280,792120,卖盘
09:39:23,28.29,0.0,265,749685,卖盘
09:39:26,28.29,0.0,146,413034,卖盘
09:39:29,28.29,0.0,173,489417,卖盘
09:39:32,28.29,0.0,200,565800,卖盘
09:39:35,28.29,0.0,397,1123113,卖盘
09:39:38,28.29,0.0,199,562971,卖盘
09:39:41,28.29,0.0,297,840213,卖盘
09:39:44,28.29,0.0,394,1114626,卖盘
09:39:47,28.29,0.0,158,446982,卖盘
09:39:50,28.29,0.0,77,217833,卖盘
09:39:53,28.29,0.0,115,325335,卖盘
09:39:56,28.29,0.0,142,401718,卖盘
09:39:59,28.29,0.0,274,775146,卖盘
09:40:02,28.29,0.0,190,537510,卖盘
09:40:05,28.29,0.0,185,523365,卖盘
09:40:08,28.29,0.0,112,316848,卖盘
09:40:11,28.29,0.0,229,647841,卖盘
09:40:14,28.29,0.0,123,347967,卖盘
09:40:17,28.29,0.0,65,183885,卖盘
09:40:20,28.29,0.0,155,438495,卖盘
09:40:23,28.29,0.0,122,345138,卖盘
09:40:26,28.29,0.0,202,571458,卖盘
09:40:29,28.29,0.0,102,288558,卖盘
09:40:32,28.29,0.0,127,359283,卖盘
09:40:35,28.29,0.0,480,1357920,卖盘
09:40:38,28.29,0.0,51,144279,卖盘
09:40:41,28.29,0.0,254,718566,卖盘
09:40:44,28.29,0.0,84,237636,卖盘
09:40:47,28.29,0.0,153,432837,卖盘
09:40:50,28.29,0.0,251,710079,卖盘
09:40:53,28.29,0.0,48,135792,卖盘
09:40:56,28.29,0.0,131,370599,卖盘
09:40:59,28.29,0.0,617,1745493,卖盘
09:41:02,28.29,0.0,130,367770,卖盘
09:41:05,28.29,0.0,245,693105,卖盘
09:41:08,28.29,0.0,127,359283,卖盘
09:41:11,28.29,0.0,112,316848,卖盘
09:41:14,28.29,0.0,422,1193838,卖盘
09:41:17,28.29,0.0,28,79212,卖盘
09:41:20,28.29,0.0,136,384744,卖盘
09:41:23,28.29,0.0,166,469614,卖盘
09:41:26,28.29,0.0,295,834555,卖盘
09:41:29,28.29,0.0,102,288558,卖盘
09:41:32,28.29,0.0,141,398889,卖盘
09:41:35,28.29,0.0,128,362112,卖盘
09:41:38,28.29,0.0,93,263097,卖盘
09:41:41,28.29,0.0,83,234807,卖盘
09:41:44,28.29,0.0,194,548826,卖盘
09:41:47,28.29,0.0,45,127305,卖盘
09:41:50,28.29,0.0,160,452640,卖盘
09:41:53,28.29,0.0,115,325335,卖盘
09:41:56,28.29,0.0,117,330993,卖盘
09:41:59,28.29,0.0,68,192372,卖盘
09:42:02,28.29,0.0,217,613893,卖盘
09:42:05,28.29,0.0,71,200859,卖盘
09:42:08,28.29,0.0,96,271584,卖盘
09:42:11,28.29,0.0,91,257439,卖盘
09:42:14,28.29,0.0,84,237636,卖盘
09:42:17,28.29,0.0,269,761001,卖盘
09:42:20,28.29,0.0,113,319677,卖盘
09:42:23,28.29,0.0,145,410205,卖盘
09:42:26,28.29,0.0,147,415863,卖盘
09:42:29,28.29,0.0,199,562971,卖盘
09:42:32,28.29,0.0,211,596919,卖盘
09:42:35,28.29,0.0,109,308361,卖盘
09:42:38,28.29,0.0,94,265926,卖盘
09:42:41,28.29,0.0,142,401718,卖盘
09:42:44,28.29,0.0,94,265926,卖盘
09:42:47,28.29,0.0,96,271584,卖盘
09:42:50,28.29,0.0,179,506391,卖盘
09:42:53,28.29,0.0,118,333822,卖盘
09:42:56,28.29,0.0,87,246123,卖盘
09:42:59,28.29,0.0,189,534681,卖盘
09:43:02,28.29,0.0,128,362112,卖盘
09:43:05,28.29,0.0,386,1091994,卖盘
09:43:08,28.29,0.0,105,297045,卖盘
09:43:11,28.29,0.0,236,667644,卖盘
09:43:14,28.29,0.0,200,565800,卖盘
09:43:17,28.29,0.0,87,246123,卖盘
09:43:20,28.29,0.0,62,175398,卖盘
09:43:23,28.29,0.0,65,183885,卖盘
09:43:26,28.29,0.0,341,964689,卖盘
09:43:29,28.29,0.0,56,158424,卖盘
09:43:32,28.29,0.0,82,231978,卖盘
09:43:35,28.29,0.0,66,186714,卖盘
09:43:38,28.29,0.0,19,53751,卖盘
09:43:41,28.29,0.0,15,42435,卖盘
09:43:44,28.29,0.0,98,277242,卖盘
09:43:47,28.29,0.0,52,147108,卖盘
09:43:50,28.29,0.0,106,299874,卖盘
09:43:53,28.29,0.0,115,325335,卖盘
09:43:56,28.29,0.0,67,189543,卖盘
09:43:59,28.29,0.0,111,314019,卖盘
09:44:02,28.29,0.0,90,254610,卖盘
09:44:05,28.29,0.0,215,608235,卖盘
09:44:08,28.29,0.0,109,308361,卖盘
09:44:11,28.29,0.0,99,280071,卖盘
09:44:14,28.29,0.0,36,101844,卖盘
09:44:17,28.29,0.0,93,263097,卖盘
09:44:20,28.29,0.0,18,50922,卖盘
09:44:23,28.29,0.0,157,444153,卖盘
09:44:26,28.29,0.0,354,1001466,卖盘
09:44:29,28.29,0.0,37,104673,卖盘
09:44:32,28.29,0.0,34,96186,卖盘
09:44:35,28.29,0.0,463,1309827,卖盘
09:44:38,28.29,0.0,26,73554,卖盘
09:44:41,28.29,0.0,73,206517,卖盘
09:44:44,28.29,0.0,207,585603,卖盘
09:44:47,28.29,0.0,101,285729,卖盘
09:44:50,28.29,0.0,19,53751,卖盘
09:44:53,28.29,0.0,178,503562,卖盘
09:44:56,28.29,0.0,31,87699,卖盘
09:44:59,28.29,0.0,528,1493712,卖盘
09:45:02,28.29,0.0,18,50922,卖盘
09:45:05,28.29,0.0,224,633696,卖盘
09:45:08,28.29,0.0,89,251781,卖盘
09:45:11,28.29,0.0,97,274413,卖盘
09:45:14,28.29,0.0,136,384744,卖盘
09:45:17,28.29,0.0,155,438495,卖盘
09:45:20,28.29,0.0,74,209346,卖盘
09:45:23,28.29,0.0,98,277242,卖盘
09:45:26,28.29,0.0,58,164082,卖盘
09:45:29,28.29,0.0,84,237636,卖盘
09:45:32,28.29,0.0,28,79212,卖盘
09:45:35,28.29,0.0,55,155595,卖盘
09:45:38,28.29,0.0,560,1584240,卖盘
09:45:41,28.29,0.0,360,1018440,卖盘
09:45:44,28.29,0.0,179,506391,卖盘
09:45:47,28.29,0.0,139,393231,卖盘
09:45:50,28.29,0.0,330,933570,卖盘
09:45:53,28.29,0.0,27,76383,卖盘
09:45:56,28.29,0.0,274,775146,卖盘
09:45:59,28.29,0.0,21,59409,卖盘
09:46:02,28.29,0.0,31,87699,卖盘
09:46:05,28.29,0.0,562,1589898,卖盘
09:46:08,28.29,0.0,89,251781,卖盘
09:46:11,28.29,0.0,53,149937,卖盘
09:46:14,28.29,0.0,22,62238,卖盘
09:46:17,28.29,0.0,79,223491,卖盘
09:46:20,28.29,0.0,1127,3188283,卖盘
09:46:23,28.29,0.0,183,517707,卖盘
09:46:26,28.29,0.0,67,189543,卖盘
09:46:29,28.29,0.0,166,469614,卖盘
09:46:32,28.29,0.0,194,548826,卖盘
09:46:35,28.29,0.0,37,104673,卖盘
09:46:38,28.29,0.0,26,73554,卖盘
09:46:41,28.29,0.0,22,62238,卖盘
09:46:44,28.29,0.0,153,432837,卖盘
09:46:47,28.29,0.0,71,200859,卖盘
09:46:50,28.29,0.0,21,59409,卖盘
09:46:53,28.29,0.0,88,248952,卖盘
09:46:56,28.29,0.0,56,158424,卖盘
09:46:59,28.29,0.0,80,226320,卖盘
09:47:02,28.29,0.0,112,316848,卖盘
09:47:05,28.29,0.0,17,48093,卖盘
09:47:08,28.29,0.0,66,186714,卖盘
09:47:11,28.29,0.0,23,65067,卖盘
09:47:14,28.29,0.0,15,42435,卖盘
09:47:17,28.29,0.0,22,62238,卖盘
09:47:20,28.29,0.0,20,56580,卖盘
09:47:23,28.29,0.0,52,147108,卖盘
09:47:26,28.29,0.0,107,302703,卖盘
09:47:29,28.29,0.0,88,248952,卖盘
09:47:32,28.29,0.0,121,342309,卖盘
09:47:35,28.29,0.0,63,178227,卖盘
09:47:38,28.29,0.0,41,115989,卖盘
09:47:41,28.29,0.0,46,130134,卖盘
09:47:44,28.29,0.0,537,1519173,卖盘
09:47:47,28.29,0.0,45,127305,卖盘
09:47:50,28.29,0.0,17,48093,卖盘
09:47:53,28.29,0.0,27,76383,卖盘
09:47:56,28.29,0.0,108,305532,卖盘
09:47:59,28.29,0.0,64,181056,卖盘
09:48:02,28.29,0.0,325,919425,卖盘
09:48:05,28.29,0.0,3695,10453155,卖盘
09:48:08,28.29,0.0,165,466785,卖盘
09:48:11,28.29,0.0,200,565800,卖盘
09:48:14,28.29,0.0,140,396060,卖盘
09:48:17,28.29,0.0,100,282900,卖盘
09:48:20,28.29,0.0,175,495075,卖盘
09:48:23,28.29,0.0,229,647841,卖盘
09:48:26,28.29,0.0,207,585603,卖盘
09:48:29,28.29,0.0,399,1128771,卖盘
09:48:32,28.29,0.0,224,633696,卖盘
09:48:35,28.29,0.0,33,93357,卖盘
09:48:38,28.29,0.0,512,1448448,卖盘
09:48:41,28.29,0.0,29,82041,卖盘
09:48:44,28.29,0.0,74,209346,卖盘
09:48:47,28.29,0.0,215,608235,卖盘
09:48:50,28.29,0.0,169,478101,卖盘
09:48:53,28.29,0.0,67,189543,卖盘
09:48:56,28.29,0.0,113,319677,卖盘
09:48:59,28.29,0.0,45,127305,卖盘
09:49:02,28.29,0.0,38,107502,卖盘
09:49:05,28.29,0.0,281,794949,卖盘
09:49:08,28.29,0.0,341,964689,卖盘
09:49:11,28.29,0.0,75,212175,卖盘
09:49:14,28.29,0.0,79,223491,卖盘
09:49:17,28.29,0.0,72,203688,卖盘
09:49:20,28.29,0.0,45,127305,卖盘
09:49:23,28.29,0.0,70,198030,卖盘
09:49:26,28.29,0.0,33,93357,卖盘
09:49:29,28.29,0.0,27,76383,卖盘
09:49:32,28.29,0.0,53,149937,卖盘
09:49:35,28.29,0.0,29,82041,卖盘
09:49:38,28.29,0.0,41,115989,卖盘
09:49:41,28.29,0.0,36,101844,卖盘
09:49:44,28.29,0.0,64,181056,卖盘
09:49:47,28.29,0.0,245,693105,卖盘
09:49:50,28.29,0.0,77,217833,卖盘
09:49:53,28.29,0.0,62,175398,卖盘
09:49:56,28.29,0.0,166,469614,卖盘
09:49:59,28.29,0.0,94,265926,卖盘
09:50:02,28.29,0.0,28,79212,卖盘
09:50:05,28.29,0.0,25,70725,卖盘
09:50:08,28.29,0.0,54,152766,卖盘
09:50:11,28.29,0.0,69,195201,卖盘
09:50:14,28.29,0.0,69,195201,卖盘
09:50:17,28.29,0.0,47,132963,卖盘
09:50:20,28.29,0.0,43,121647,卖盘
09:50:23,28.29,0.0,141,398889,卖盘
09:50:26,28.29,0.0,46,130134,卖盘
09:50:29,28.29,0.0,74,209346,卖盘
09:50:32,28.29,0.0,98,277242,卖盘
09:50:35,28.29,0.0,241,681789,卖盘
09:50:38,28.29,0.0,96,271584,卖盘
09:50:41,28.29,0.0,64,181056,卖盘
09:50:44,28.29,0.0,62,175398,卖盘
09:50:47,28.29,0.0,178,503562,卖盘
09:50:50,28.29,0.0,80,226320,卖盘
09:50:53,28.29,0.0,139,393231,卖盘
09:50:56,28.29,0.0,199,562971,卖盘
09:50:59,28.29,0.0,85,240465,卖盘
09:51:02,28.29,0.0,49,138621,卖盘
09:51:05,28.29,0.0,59,166911,卖盘
09:51:08,28.29,0.0,61,172569,卖盘
09:51:11,28.29,0.0,37,104673,卖盘
09:51:14,28.29,0.0,35,99015,卖盘
09:51:17,28.29,0.0,59,166911,卖盘
09:51:20,28.29,0.0,37,104673,卖盘
09:51:23,28.29,0.0,39,110331,卖盘
09:51:26,28.29,0.0,35,99015,卖盘
09:51:29,28.29,0.0,82,231978,卖盘
09:51:32,28.29,0.0,168,475272,卖盘
09:51:35,28.29,0.0,136,384744,卖盘
09:51:38,28.29,0.0,54,152766,卖盘
09:51:41,28.29,0.0,23,65067,卖盘
09:51:44,28.29,0.0,200,565800,卖盘
09:51:47,28.29,0.0,160,452640,卖盘
09:51:50,28.29,0.0,259,732711,卖盘
09:51:53,28.29,0.0,167,472443,卖盘
09:51:56,28.29,0.0,172,486588,卖盘
09:51:59,28.29,0.0,89,251781,卖盘
09:52:02,28.29,0.0,163,461127,卖盘
09:52:05,28.29,0.0,128,362112,卖盘
09:52:08,28.29,0.0,2485,7030065,卖盘
09:52:11,28.29,0.0,545,1541805,卖盘
09:52:14,28.29,0.0,89,251781,卖盘
09:52:17,28.29,0.0,2962,8379498,卖盘
09:52:20,28.29,0.0,12059,34114911,卖盘
09:52:23,28.29,0.0,9790,27695910,卖盘
09:52:26,28.29,0.0,20456,57870024,卖盘
09:52:29,28.29,0.0,23671,66965259,卖盘
09:52:32,28.29,0.0,10159,28739811,卖盘
09:52:35,28.29,0.0,14892,42129468,卖盘
09:52:38,28.29,0.0,21968,62147472,卖盘
09:52:41,28.29,0.0,2727,7714683,卖盘
09:52:44,28.29,0.0,2345,6634005,卖盘
09:52:47,28.29,0.0,3601,10187229,卖盘
09:52:50,28.29,0.0,1762,4984698,卖盘
09:52:53,28.29,0.0,756,2138724,卖盘
09:52:56,28.29,0.0,427,1207983,卖盘
09:52:59,28.29,0.0,750,2121750,卖盘
09:53:02,28.29,0.0,297,840213,卖盘
09:53:05,28.29,0.0,453,1281537,卖盘
09:53:08,28.29,0.0,572,1618188,卖盘
09:53:11,28.29,0.0,279,789291,卖盘
09:53:14,28.29,0.0,333,942057,卖盘
09:53:17,28.29,0.0,395,1117455,卖盘
09:53:20,28.29,0.0,369,1043901,卖盘
09:53:23,28.29,0.0,1633,4619757,卖盘
09:53:26,28.29,0.0,245,693105,卖盘
09:53:29,28.29,0.0,652,1844508,卖盘
09:53:32,28.29,0.0,719,2034051,卖盘
09:53:35,28.29,0.0,317,896793,卖盘
09:53:38,28.29,0.0,457,1292853,卖盘
09:53:41,28.29,0.0,168,475272,卖盘
09:53:44,28.29,0.0,926,2619654,卖盘
09:53:47,28.29,0.0,1059,2995911,卖盘
09:53:50,28.29,0.0,403,1140087,卖盘
09:53:53,28.29,0.0,1764,4990356,卖盘
09:53:56,28.29,0.0,2907,8223903,卖盘
09:53:59,28.29,0.0,10981,31065815,卖盘
09:54:02,28.29,0.0,17664,49971456,卖盘
09:54:05,28.29,0.0,15265,43183327,卖盘
09:54:08,28.14,-0.15,23884,67561346,卖盘
09:54:11,28.04,-0.1,3141,8793970,卖盘
09:54:14,27.8,-0.24,2777,7740537,卖盘
09:54:17,27.93,0.13,3654,10177120,买盘
09:54:20,28.03,0.1,5880,16436821,买盘
09:54:23,28.08,0.05,5899,16537326,买盘
09:54:26,28.08,0.0,4702,13181139,中性盘
09:54:29,28.14,0.06,7967,22385214,买盘
09:54:32,28.26,0.12,11449,32305261,买盘
09:54:35,28.29,0.03,18264,51593004,买盘
09:54:38,28.29,0.0,3207,9072603,卖盘
09:54:41,28.29,0.0,2865,8105085,卖盘
09:54:44,28.29,0.0,17635,49889415,卖盘
09:54:47,28.28,-0.01,15767,44604525,卖盘
09:54:50,27.89,-0.39,3339,9399475,卖盘
09:54:53,27.89,0.0,1704,4766606,卖盘
09:54:56,28.0,0.11,1565,4367422,买盘
09:54:59,28.08,0.08,2418,6754534,买盘
09:55:02,28.08,0.0,3104,8691608,买盘
09:55:05,27.97,-0.11,2755,7710560,卖盘
09:55:08,27.86,-0.11,2913,8144130,卖盘
09:55:11,27.86,0.0,3190,8896323,卖盘
09:55:14,27.86,0.0,3156,8783370,卖盘
09:55:17,27.86,0.0,3253,9055434,买盘
09:55:20,27.86,0.0,5277,14666092,买盘
09:55:23,27.88,0.02,4321,12030600,买盘
09:55:26,27.92,0.04,3739,10433992,买盘
09:55:29,28.1,0.18,3217,9000625,买盘
09:55:32,28.14,0.04,4866,13637575,买盘
09:55:35,28.2,0.06,3893,10953494,买盘
09:55:38,28.16,-0.04,3897,10983204,卖盘
09:55:41,28.1,-0.06,3129,8786442,卖盘
09:55:44,28.11,0.01,2991,8395623,中性盘
09:55:47,28.11,0.0,2775,7793876,买盘
09:55:50,28.0,-0.11,2252,6313174,卖盘
09:55:53,28.09,0.09,2605,7309915,买盘
09:55:56,27.91,-0.18,1754,4906778,卖盘
09:55:59,28.06,0.15,3398,9504680,买盘
09:56:02,27.9,-0.16,3696,10311672,卖盘
09:56:05,27.89,-0.01,1716,4785637,中性盘
09:56:08,27.86,-0.03,2035,5678555,卖盘
09:56:11,27.8,-0.06,5176,14449568,卖盘
09:56:14,27.8,0.0,2686,7493136,卖盘
09:56:17,27.8,0.0,3361,9345275,卖盘
09:56:20,27.78,-0.02,2378,6608990,中性盘
09:56:23,27.72,-0.06,2222,6169286,卖盘
09:56:26,27.68,-0.04,5394,14970342,卖盘
09:56:29,27.6,-0.08,1557,4308427,卖盘
09:56:32,27.55,-0.05,2981,8230715,卖盘
09:56:35,27.5,-0.05,2673,7361426,卖盘
09:56:38,27.5,0.0,3239,8911530,卖盘
09:56:41,27.55,0.05,5681,15618379,买盘
09:56:44,27.59,0.04,6632,18251166,买盘
09:56:47,27.61,0.02,5305,14646147,买盘
09:56:50,27.69,0.08,2981,8256170,买盘
09:56:53,27.8,0.11,2625,7290610,买盘
09:56:56,28.0,0.2,2450,6830822,买盘
09:56:59,28.01,0.01,2052,5734267,买盘
09:57:02,28.01,0.0,1944,5451106,卖盘
09:57:05,28.04,0.03,3014,8454194,买盘
09:57:08,28.08,0.04,4214,11820393,买盘
09:57:11,28.1,0.02,3269,9183396,买盘
09:57:14,28.1,0.0,3598,10106958,买盘
09:57:17,28.09,-0.01,3884,10915792,卖盘
09:57:20,28.04,-0.05,5440,15270055,卖盘
09:57:23,27.98,-0.06,3101,8688315,卖盘
09:57:26,27.98,0.0,2500,6990738,买盘
09:57:29,27.9,-0.08,2910,8137058,买盘
09:57:32,27.81,-0.09,1535,4272536,卖盘
09:57:35,27.8,-0.01,2641,7344047,卖盘
09:57:38,27.81,0.01,4202,11691673,买盘
09:57:41,27.83,0.02,3765,10488494,买盘
09:57:44,27.8,-0.03,2570,7151873,卖盘
09:57:47,27.9,0.1,2477,6892025,买盘
09:57:50,27.8,-0.1,3536,9831084,卖盘
09:57:53,27.8,0.0,2364,6575362,买盘
09:57:56,27.8,0.0,2648,7364522,买盘
09:57:59,27.8,0.0,1784,4963322,卖盘
09:58:02,27.81,0.01,5585,15544511,中性盘
09:58:05,27.93,0.12,2367,6588883,买盘
09:58:08,27.93,0.0,3459,9652796,买盘
09:58:11,27.93,0.0,1950,5453352,卖盘
09:58:14,28.04,0.11,3335,9335231,买盘
09:58:17,28.05,0.01,2843,7967700,买盘
09:58:20,28.08,0.03,1692,4744148,买盘
09:58:23,28.09,0.01,2096,5881642,买盘
09:58:26,28.09,0.0,1802,5062624,卖盘
09:58:29,28.09,0.0,2688,7550287,卖盘
09:58:32,28.09,0.0,2678,7521434,买盘
09:58:35,28.09,0.0,1685,4729136,买盘
09:58:38,28.08,-0.01,3355,9419698,买盘
09:58:41,28.04,-0.04,1131,3173036,中性盘
09:58:44,28.06,0.02,2141,6005403,买盘
09:58:47,28.0,-0.06,2392,6705816,卖盘
09:58:50,28.04,0.04,2856,8010611,买盘
09:58:53,28.0,-0.04,1006,2817847,卖盘
09:58:56,28.0,0.0,1257,3518183,买盘
09:58:59,28.0,0.0,2498,6994832,买盘
09:59:02,27.99,-0.01,1338,3746233,卖盘
09:59:05,27.93,-0.06,1052,2944020,卖盘
09:59:08,27.93,0.0,1306,3647160,卖盘
09:59:11,27.89,-0.04,1440,4020631,卖盘
09:59:14,27.88,-0.01,2021,5641475,卖盘
09:59:17,27.83,-0.05,2701,7518371,卖盘
09:59:20,27.83,0.0,1962,5467158,买盘
09:59:23,27.84,0.01,3059,8515963,中性盘
09:59:26,27.94,0.1,2491,6949982,买盘
09:59:29,27.94,0.0,4357,12194808,卖盘
09:59:32,28.02,0.08,1019,2852611,买盘
09:59:35,28.0,-0.02,1197,3355760,卖盘
09:59:38,28.08,0.08,736,2063761,买盘
09:59:41,28.07,-0.01,3064,8592884,卖盘
09:59:44,28.09,0.02,1798,5047386,买盘
09:59:47,28.07,-0.02,1690,4747763,卖盘
09:59:50,28.07,0.0,1716,4819869,卖盘
09:59:53,28.07,0.0,1274,3576868,卖盘
09:59:56,28.07,0.0,2548,7154592,买盘
09:59:59,28.01,-0.06,729,2044844,中性盘
10:00:02,28.0,-0.01,771,2160837,卖盘
10:00:05,28.01,0.01,1178,3300525,中性盘
10:00:08,28.01,0.0,1633,4573720,买盘
10:00:11,28.03,0.02,1092,3058980,买盘
10:00:14,28.01,-0.02,724,2028578,卖盘
10:00:17,28.0,-0.01,902,2527354,卖盘
10:00:20,28.0,0.0,1170,3276110,卖盘
10:00:23,28.0,0.0,1294,3621220,买盘
10:00:26,27.99,-0.01,683,1910677,中性盘
10:00:29,27.97,-0.02,1311,3669398,卖盘
10:00:32,27.98,0.01,458,1281661,买盘
10:00:35,28.0,0.02,4444,12441131,买盘
10:00:38,28.0,0.0,1310,3668339,卖盘
10:00:41,28.0,0.0,2194,6147860,卖盘
10:00:44,28.0,0.0,1746,4890151,卖盘
10:00:47,28.06,0.06,1345,3767665,买盘
10:00:50,28.05,-0.01,1024,2868906,中性盘
10:00:53,28.05,0.0,1144,3205308,买盘
10:00:56,27.98,-0.07,1390,3895548,卖盘
10:00:59,27.97,-0.01,901,2523147,卖盘
10:01:02,28.0,0.03,1532,4289946,买盘
10:01:05,28.0,0.0,906,2537339,卖盘
10:01:08,28.0,0.0,1479,4144751,卖盘
10:01:11,28.04,0.04,1124,3148972,中性盘
10:01:14,28.03,-0.01,793,2221579,中性盘
10:01:17,28.01,-0.02,11123,31225987,卖盘
10:01:20,28.07,0.06,855,2398317,买盘
10:01:23,28.04,-0.03,843,2366301,卖盘
10:01:26,28.1,0.06,1801,5056974,买盘
10:01:29,28.13,0.03,1445,4063266,买盘
10:01:32,28.07,-0.06,1450,4077276,卖盘
10:01:35,28.06,-0.01,1465,4111484,卖盘
10:01:38,28.1,0.04,729,2046368,买盘
10:01:41,28.1,0.0,555,1559005,买盘
10:01:44,28.07,-0.03,1354,3804140,卖盘
10:01:47,28.07,0.0,1479,4150585,买盘
10:01:50,28.07,0.0,1279,3590413,买盘
10:01:53,28.08,0.01,1090,3060917,买盘
10:01:56,28.07,-0.01,775,2176317,卖盘
10:01:59,28.09,0.02,1124,3156316,买盘
10:02:02,28.09,0.0,1948,5470398,买盘
10:02:05,28.08,-0.01,2388,6708657,卖盘
10:02:08,28.06,-0.02,1382,3880526,卖盘
10:02:11,28.02,-0.04,3572,10009478,卖盘
10:02:14,27.94,-0.08,1978,5533591,卖盘
10:02:17,27.93,-0.01,799,2230709,中性盘
10:02:20,27.92,-0.01,768,2145221,买盘
10:02:23,27.89,-0.03,770,2149185,卖盘
10:02:26,28.0,0.11,3058,8557809,买盘
10:02:29,27.92,-0.08,1096,3064066,卖盘
10:02:32,28.0,0.08,516,1443110,买盘
10:02:35,27.9,-0.1,632,1765299,卖盘
10:02:38,27.92,0.02,989,2764610,买盘
10:02:41,27.91,-0.01,821,2291374,卖盘
10:02:44,27.9,-0.01,702,1959231,卖盘
10:02:47,27.91,0.01,817,2280049,买盘
10:02:50,27.9,-0.01,1028,2868558,卖盘
10:02:53,27.92,0.02,2264,6319794,买盘
10:02:56,27.93,0.01,1120,3128895,买盘
10:02:59,28.0,0.07,619,1729083,买盘
10:03:02,27.94,-0.06,476,1330604,卖盘
10:03:05,27.93,-0.01,575,1606680,卖盘
10:03:08,27.95,0.02,744,2080859,买盘
10:03:11,27.94,-0.01,760,2124614,卖盘
10:03:14,27.95,0.01,886,2476564,中性盘
10:03:17,27.94,-0.01,480,1341168,卖盘
10:03:20,27.94,0.0,1053,2941139,买盘
10:03:23,27.92,-0.02,583,1628197,卖盘
10:03:26,27.92,0.0,505,1410242,买盘
10:03:29,27.93,0.01,517,1443097,买盘
10:03:32,27.92,-0.01,1123,3135834,卖盘
10:03:35,27.93,0.01,414,1156242,中性盘
10:03:38,27.92,-0.01,580,1619391,卖盘
10:03:41,27.91,-0.01,625,1744505,卖盘
10:03:44,27.9,-0.01,336,937673,卖盘
10:03:47,27.9,0.0,897,2502894,卖盘
10:03:50,27.9,0.0,1358,3789104,卖盘
10:03:53,27.89,-0.01,569,1587293,卖盘
10:03:56,27.89,0.0,1106,3084611,卖盘
10:03:59,27.88,-0.01,490,1366329,卖盘
10:04:02,27.88,0.0,4462,12445944,卖盘
10:04:05,27.89,0.01,761,2121982,中性盘
10:04:08,27.89,0.0,2168,6044772,买盘
10:04:11,27.89,0.0,862,2404541,卖盘
10:04:14,27.9,0.01,610,1701683,中性盘
10:04:17,27.91,0.01,1259,3513578,买盘
10:04:20,27.93,0.02,1077,3007211,买盘
10:04:23,27.96,0.03,442,1234896,买盘
10:04:26,28.0,0.04,2873,8043181,买盘
10:04:29,27.99,-0.01,610,1707869,卖盘
10:04:32,28.01,0.02,1209,3388427,买盘
10:04:35,28.0,-0.01,1209,3388855,卖盘
10:04:38,28.0,0.0,1323,3705812,卖盘
10:04:41,28.0,0.0,1052,2949238,卖盘
10:04:44,28.06,0.06,1340,3755971,买盘
10:04:47,28.06,0.0,972,2726842,卖盘
10:04:50,28.06,0.0,1017,2852297,买盘
10:04:53,28.06,0.0,663,1860337,卖盘
10:04:56,28.06,0.0,692,1941675,买盘
10:04:59,28.01,-0.05,571,1600444,卖盘
10:05:02,28.06,0.05,1018,2855473,买盘
10:05:05,28.06,0.0,915,2566130,卖盘
10:05:08,27.99,-0.07,2537,7104734,卖盘
10:05:11,27.92,-0.07,2251,6294747,卖盘
10:05:14,27.95,0.03,1665,4650240,中性盘
10:05:17,27.94,-0.01,1607,4489682,中性盘
10:05:20,27.94,0.0,1770,4946842,买盘
10:05:23,27.95,0.01,662,1849011,买盘
10:05:26,27.91,-0.04,1756,4899001,卖盘
10:05:29,27.97,0.06,737,2058103,买盘
10:05:32,27.95,-0.02,456,1273950,卖盘
10:05:35,27.91,-0.04,1525,4254795,卖盘
10:05:38,27.9,-0.01,2046,5705666,卖盘
10:05:41,27.91,0.01,764,2131619,买盘
10:05:44,27.91,0.0,456,1272990,卖盘
10:05:47,27.9,-0.01,824,2299700,卖盘
10:05:50,27.94,0.04,427,1191809,买盘
10:05:53,27.91,-0.03,869,2424615,卖盘
10:05:56,27.92,0.01,200,557961,买盘
10:05:59,27.92,0.0,369,1029970,买盘
10:06:02,27.92,0.0,445,1242224,买盘
10:06:05,27.92,0.0,291,812404,买盘
10:06:08,27.94,0.02,491,1371169,买盘
10:06:11,27.94,0.0,669,1868881,买盘
10:06:14,27.94,0.0,292,815673,卖盘
10:06:17,27.94,0.0,409,1142973,卖盘
10:06:20,27.94,0.0,451,1260121,买盘
10:06:23,27.93,-0.01,547,1528160,卖盘
10:06:26,27.94,0.01,521,1455098,买盘
10:06:29,27.93,-0.01,638,1782216,卖盘
10:06:32,27.93,0.0,602,1680954,卖盘
10:06:35,27.92,-0.01,420,1172924,卖盘
10:06:38,27.91,-0.01,818,2283518,卖盘
10:06:41,27.92,0.01,948,2645884,卖盘
10:06:44,27.93,0.01,799,2231757,买盘
10:06:47,27.93,0.0,449,1253247,卖盘
10:06:50,27.93,0.0,483,1348668,买盘
10:06:53,27.92,-0.01,602,1680949,卖盘
10:06:56,27.91,-0.01,570,1591074,卖盘
10:06:59,27.91,0.0,460,1283705,卖盘
10:07:02,27.91,0.0,519,1448767,买盘
10:07:05,27.91,0.0,801,2235559,卖盘
10:07:08,27.9,-0.01,360,1004940,卖盘
10:07:11,27.91,0.01,605,1688140,买盘
10:07:14,27.95,0.04,1682,4696026,买盘
10:07:17,27.95,0.0,548,1531661,卖盘
10:07:20,27.96,0.01,278,777114,买盘
10:07:23,27.95,-0.01,354,989407,卖盘
10:07:26,27.95,0.0,901,2518649,买盘
10:07:29,27.95,0.0,432,1206694,卖盘
10:07:32,27.94,-0.01,605,1690785,中性盘
10:07:35,28.05,0.11,8992,25190172,买盘
10:07:38,28.06,0.01,1382,3877042,买盘
10:07:41,28.08,0.02,2995,8407026,买盘
10:07:44,28.08,0.0,1578,4431908,买盘
10:07:47,28.07,-0.01,2272,6383134,卖盘
10:07:50,28.1,0.03,1879,5278469,买盘
10:07:53,28.1,0.0,722,2028058,买盘
10:07:56,28.11,0.01,1850,5197370,买盘
10:07:59,28.11,0.0,1014,2850192,买盘
10:08:02,28.13,0.02,1610,4526673,买盘
10:08:05,28.13,0.0,1100,3094109,买盘
10:08:08,28.15,0.02,2019,5681143,买盘
10:08:11,28.15,0.0,1586,4461240,买盘
10:08:14,28.17,0.02,1932,5437253,买盘
10:08:17,28.17,0.0,1047,2947276,买盘
10:08:20,28.16,-0.01,1144,3221114,中性盘
10:08:23,28.07,-0.09,1354,3802756,卖盘
10:08:26,28.04,-0.03,1268,3565025,卖盘
10:08:29,28.06,0.02,521,1462458,买盘
10:08:32,28.03,-0.03,785,2203394,卖盘
10:08:35,28.1,0.07,356,998979,买盘
10:08:38,28.04,-0.06,2244,6298878,卖盘
10:08:41,28.1,0.06,1133,3181561,买盘
10:08:44,28.06,-0.04,537,1507370,卖盘
10:08:47,28.06,0.0,610,1710897,买盘
10:08:50,28.07,0.01,1977,5552780,买盘
10:08:53,28.04,-0.03,1004,2815971,卖盘
10:08:56,28.05,0.01,1030,2886306,买盘
10:08:59,28.01,-0.04,819,2295235,卖盘
10:09:02,28.05,0.04,444,1244458,买盘
10:09:05,28.0,-0.05,213,596557,卖盘
10:09:08,28.05,0.05,839,2353373,买盘
10:09:11,28.08,0.03,203,569639,买盘
10:09:14,28.08,0.0,310,870278,买盘
10:09:17,28.08,0.0,274,769099,买盘
10:09:20,28.01,-0.07,435,1220958,卖盘
10:09:23,28.08,0.07,436,1224514,买盘
10:09:26,28.07,-0.01,1052,2953350,卖盘
10:09:29,28.04,-0.03,311,872474,卖盘
10:09:32,28.05,0.01,598,1677197,买盘
10:09:35,28.04,-0.01,457,1281563,卖盘
10:09:38,28.03,-0.01,273,765651,卖盘
10:09:41,28.03,0.0,871,2442575,卖盘
10:09:44,28.03,0.0,557,1561893,买盘
10:09:47,28.05,0.02,501,1405280,买盘
10:09:50,28.08,0.03,1891,5309227,买盘
10:09:53,28.08,0.0,1868,5248324,卖盘
10:09:56,28.12,0.04,1237,3477922,买盘
10:09:59,28.17,0.05,1505,4237290,买盘
10:10:02,28.29,0.12,35020,98984771,买盘
10:10:05,28.29,0.0,46272,130902913,买盘
10:10:08,28.29,0.0,1178,3332562,卖盘
10:10:11,28.29,0.0,2067,5847543,卖盘
10:10:14,28.29,0.0,1745,4936605,卖盘
10:10:17,28.29,0.0,944,2670576,卖盘
10:10:20,28.29,0.0,762,2155698,卖盘
10:10:23,28.29,0.0,766,2167014,卖盘
10:10:26,28.29,0.0,522,1476738,卖盘
10:10:29,28.29,0.0,691,1954839,卖盘
10:10:32,28.29,0.0,881,2492349,卖盘
10:10:35,28.29,0.0,372,1052388,卖盘
10:10:38,28.29,0.0,735,2079315,卖盘
10:10:41,28.29,0.0,619,1751151,卖盘
10:10:44,28.29,0.0,802,2268858,卖盘
10:10:47,28.29,0.0,292,826068,卖盘
10:10:50,28.29,0.0,541,1530489,卖盘
10:10:53,28.29,0.0,410,1159890,卖盘
10:10:56,28.29,0.0,2196,6212484,卖盘
10:10:59,28.29,0.0,2254,6376566,卖盘
10:11:02,28.29,0.0,411,1162719,卖盘
10:11:05,28.29,0.0,546,1544634,卖盘
10:11:08,28.29,0.0,235,664815,卖盘
10:11:11,28.29,0.0,396,1120284,卖盘
10:11:14,28.29,0.0,138,390402,卖盘
10:11:17,28.29,0.0,305,862845,卖盘
10:11:20,28.29,0.0,251,710079,卖盘
10:11:23,28.29,0.0,147,415863,卖盘
10:11:26,28.29,0.0,557,1575753,卖盘
10:11:29,28.29,0.0,148,418692,卖盘
10:11:32,28.29,0.0,1380,3904020,卖盘
10:11:35,28.29,0.0,213,602577,卖盘
10:11:38,28.29,0.0,106,299874,卖盘
10:11:41,28.29,0.0,225,636525,卖盘
10:11:44,28.29,0.0,205,579945,卖盘
10:11:47,28.29,0.0,474,1340946,卖盘
10:11:50,28.29,0.0,65,183885,卖盘
10:11:53,28.29,0.0,329,930741,卖盘
10:11:56,28.29,0.0,272,769488,卖盘
10:11:59,28.29,0.0,213,602577,卖盘
10:12:02,28.29,0.0,214,605406,卖盘
10:12:05,28.29,0.0,52,147108,卖盘
10:12:08,28.29,0.0,118,333822,卖盘
10:12:11,28.29,0.0,274,775146,卖盘
10:12:14,28.29,0.0,278,786462,卖盘
10:12:17,28.29,0.0,146,413034,卖盘
10:12:20,28.29,0.0,100,282900,卖盘
10:12:23,28.29,0.0,261,738369,卖盘
10:12:26,28.29,0.0,108,305532,卖盘
10:12:29,28.29,0.0,86,243294,卖盘
10:12:32,28.29,0.0,433,1224957,卖盘
10:12:35,28.29,0.0,111,314019,卖盘
10:12:38,28.29,0.0,174,492246,卖盘
10:12:41,28.29,0.0,150,424350,卖盘
10:12:44,28.29,0.0,70,198030,卖盘
10:12:47,28.29,0.0,95,268755,卖盘
10:12:50,28.29,0.0,85,240465,卖盘
10:12:53,28.29,0.0,1069,3024201,卖盘
10:12:56,28.29,0.0,73,206517,卖盘
10:12:59,28.29,0.0,91,257439,卖盘
10:13:02,28.29,0.0,99,280071,卖盘
10:13:05,28.29,0.0,115,325335,卖盘
10:13:08,28.29,0.0,82,231978,卖盘
10:13:11,28.29,0.0,242,684618,卖盘
10:13:14,28.29,0.0,96,271584,卖盘
10:13:17,28.29,0.0,169,478101,卖盘
10:13:20,28.29,0.0,179,506391,卖盘
10:13:23,28.29,0.0,721,2039709,卖盘
10:13:26,28.29,0.0,145,410205,卖盘
10:13:29,28.29,0.0,66,186714,卖盘
10:13:32,28.29,0.0,77,217833,卖盘
10:13:35,28.29,0.0,320,905280,卖盘
10:13:38,28.29,0.0,180,509220,卖盘
10:13:41,28.29,0.0,182,514878,卖盘
10:13:44,28.29,0.0,180,509220,卖盘
10:13:47,28.29,0.0,156,441324,卖盘
10:13:50,28.29,0.0,58,164082,卖盘
10:13:53,28.29,0.0,88,248952,卖盘
10:13:56,28.29,0.0,326,922254,卖盘
10:13:59,28.29,0.0,118,333822,卖盘
10:14:02,28.29,0.0,20,56580,卖盘
10:14:05,28.29,0.0,36,101844,卖盘
10:14:08,28.29,0.0,47,132963,卖盘
10:14:11,28.29,0.0,96,271584,卖盘
10:14:14,28.29,0.0,24,67896,卖盘
10:14:17,28.29,0.0,151,427179,卖盘
10:14:20,28.29,0.0,29,82041,卖盘
10:14:23,28.29,0.0,45,127305,卖盘
10:14:26,28.29,0.0,40,113160,卖盘
10:14:29,28.29,0.0,94,265926,卖盘
10:14:32,28.29,0.0,56,158424,卖盘
10:14:35,28.29,0.0,95,268755,卖盘
10:14:38,28.29,0.0,18,50922,卖盘
10:14:41,28.29,0.0,7,19803,卖盘
10:14:44,28.29,0.0,218,616722,卖盘
10:14:47,28.29,0.0,154,435666,卖盘
10:14:50,28.29,0.0,35,99015,卖盘
10:14:53,28.29,0.0,55,155595,卖盘
10:14:56,28.29,0.0,35,99015,卖盘
10:14:59,28.29,0.0,175,495075,卖盘
10:15:02,28.29,0.0,27,76383,卖盘
10:15:05,28.29,0.0,51,144279,卖盘
10:15:08,28.29,0.0,199,562971,卖盘
10:15:11,28.29,0.0,69,195201,卖盘
10:15:14,28.29,0.0,135,381915,卖盘
10:15:17,28.29,0.0,4,11316,卖盘
10:15:20,28.29,0.0,197,557313,卖盘
10:15:23,28.29,0.0,73,206517,卖盘
10:15:26,28.29,0.0,108,305532,卖盘
10:15:29,28.29,0.0,56,158424,卖盘
10:15:32,28.29,0.0,54,152766,卖盘
10:15:35,28.29,0.0,75,212175,卖盘
10:15:38,28.29,0.0,223,630867,卖盘
10:15:41,28.29,0.0,46,130134,卖盘
10:15:44,28.29,0.0,47,132963,卖盘
10:15:47,28.29,0.0,37,104673,卖盘
10:15:50,28.29,0.0,172,486588,卖盘
10:15:53,28.29,0.0,65,183885,卖盘
10:15:56,28.29,0.0,102,288558,卖盘
10:15:59,28.29,0.0,32,90528,卖盘
10:16:02,28.29,0.0,16,45264,卖盘
10:16:05,28.29,0.0,28,79212,卖盘
10:16:08,28.29,0.0,60,169740,卖盘
10:16:11,28.29,0.0,37,104673,卖盘
10:16:14,28.29,0.0,40,113160,卖盘
10:16:17,28.29,0.0,11,31119,卖盘
10:16:20,28.29,0.0,21,59409,卖盘
10:16:23,28.29,0.0,205,579945,卖盘
10:16:26,28.29,0.0,50,141450,卖盘
10:16:29,28.29,0.0,9,25461,卖盘
10:16:32,28.29,0.0,10,28290,卖盘
10:16:35,28.29,0.0,76,215004,卖盘
10:16:38,28.29,0.0,62,175398,卖盘
10:16:41,28.29,0.0,198,560142,卖盘
10:16:44,28.29,0.0,38,107502,卖盘
10:16:47,28.29,0.0,34,96186,卖盘
10:16:50,28.29,0.0,12,33948,卖盘
10:16:53,28.29,0.0,118,333822,卖盘
10:16:56,28.29,0.0,142,401718,卖盘
10:16:59,28.29,0.0,17,48093,卖盘
10:17:02,28.29,0.0,21,59409,卖盘
10:17:05,28.29,0.0,20,56580,卖盘
10:17:08,28.29,0.0,20,56580,卖盘
10:17:11,28.29,0.0,90,254610,卖盘
10:17:14,28.29,0.0,26,73554,卖盘
10:17:17,28.29,0.0,15,42435,卖盘
10:17:20,28.29,0.0,712,2014248,卖盘
10:17:23,28.29,0.0,71,200859,卖盘
10:17:26,28.29,0.0,44,124476,卖盘
10:17:29,28.29,0.0,88,248952,卖盘
10:17:32,28.29,0.0,69,195201,卖盘
10:17:35,28.29,0.0,40,113160,卖盘
10:17:38,28.29,0.0,52,147108,卖盘
10:17:41,28.29,0.0,23,65067,卖盘
10:17:44,28.29,0.0,15,42435,卖盘
10:17:47,28.29,0.0,25,70725,卖盘
10:17:50,28.29,0.0,55,155595,卖盘
10:17:53,28.29,0.0,33,93357,卖盘
10:17:56,28.29,0.0,32,90528,卖盘
10:17:59,28.29,0.0,53,149937,卖盘
10:18:02,28.29,0.0,34,96186,卖盘
10:18:05,28.29,0.0,155,438495,卖盘
10:18:08,28.29,0.0,113,319677,卖盘
10:18:11,28.29,0.0,45,127305,卖盘
10:18:14,28.29,0.0,30,84870,卖盘
10:18:17,28.29,0.0,96,271584,卖盘
10:18:20,28.29,0.0,121,342309,卖盘
10:18:23,28.29,0.0,151,427179,卖盘
10:18:26,28.29,0.0,133,376257,卖盘
10:18:29,28.29,0.0,13,36777,卖盘
10:18:32,28.29,0.0,11,31119,卖盘
10:18:35,28.29,0.0,72,203688,卖盘
10:18:38,28.29,0.0,102,288558,卖盘
10:18:41,28.29,0.0,70,198030,卖盘
10:18:44,28.29,0.0,64,181056,卖盘
10:18:47,28.29,0.0,111,314019,卖盘
10:18:50,28.29,0.0,30,84870,卖盘
10:18:53,28.29,0.0,62,175398,卖盘
10:18:56,28.29,0.0,16,45264,卖盘
10:18:59,28.29,0.0,210,594090,卖盘
10:19:02,28.29,0.0,11,31119,卖盘
10:19:05,28.29,0.0,53,149937,卖盘
10:19:08,28.29,0.0,35,99015,卖盘
10:19:11,28.29,0.0,173,489417,卖盘
10:19:14,28.29,0.0,26,73554,卖盘
10:19:17,28.29,0.0,124,350796,卖盘
10:19:20,28.29,0.0,41,115989,卖盘
10:19:23,28.29,0.0,45,127305,卖盘
10:19:26,28.29,0.0,89,251781,卖盘
10:19:29,28.29,0.0,42,118818,卖盘
10:19:32,28.29,0.0,11,31119,卖盘
10:19:35,28.29,0.0,18,50922,卖盘
10:19:38,28.29,0.0,67,189543,卖盘
10:19:41,28.29,0.0,34,96186,卖盘
10:19:44,28.29,0.0,59,166911,卖盘
10:19:47,28.29,0.0,26,73554,卖盘
10:19:50,28.29,0.0,5,14145,卖盘
10:19:53,28.29,0.0,36,101844,卖盘
10:19:56,28.29,0.0,77,217833,卖盘
10:19:59,28.29,0.0,25,70725,卖盘
10:20:02,28.29,0.0,42,118818,卖盘
10:20:05,28.29,0.0,221,625209,卖盘
10:20:08,28.29,0.0,112,316848,卖盘
10:20:11,28.29,0.0,19,53751,卖盘
10:20:14,28.29,0.0,2,5658,卖盘
10:20:17,28.29,0.0,51,144279,卖盘
10:20:20,28.29,0.0,18,50922,卖盘
10:20:23,28.29,0.0,45,127305,卖盘
10:20:26,28.29,0.0,89,251781,卖盘
10:20:29,28.29,0.0,177,500733,卖盘
10:20:32,28.29,0.0,67,189543,卖盘
10:20:35,28.29,0.0,121,342309,卖盘
10:20:38,28.29,0.0,261,738369,卖盘
10:20:41,28.29,0.0,20,56580,卖盘
10:20:44,28.29,0.0,22,62238,卖盘
10:20:47,28.29,0.0,27,76383,卖盘
10:20:50,28.29,0.0,33,93357,卖盘
10:20:53,28.29,0.0,277,783633,卖盘
10:20:56,28.29,0.0,351,992979,卖盘
10:20:59,28.29,0.0,410,1159890,卖盘
10:21:02,28.29,0.0,131,370599,卖盘
10:21:05,28.29,0.0,135,381915,卖盘
10:21:08,28.29,0.0,67,189543,卖盘
10:21:11,28.29,0.0,126,356454,卖盘
10:21:14,28.29,0.0,142,401718,卖盘
10:21:17,28.29,0.0,203,574287,卖盘
10:21:20,28.29,0.0,1134,3208086,卖盘
10:21:23,28.29,0.0,397,1123113,卖盘
10:21:26,28.29,0.0,455,1287195,卖盘
10:21:29,28.29,0.0,976,2761104,卖盘
10:21:32,28.29,0.0,513,1451277,卖盘
10:21:35,28.29,0.0,520,1471080,卖盘
10:21:38,28.29,0.0,208,588432,卖盘
10:21:41,28.29,0.0,150,424350,卖盘
10:21:44,28.29,0.0,25,70725,卖盘
10:21:47,28.29,0.0,93,263097,卖盘
10:21:50,28.29,0.0,111,314019,卖盘
10:21:53,28.29,0.0,56,158424,卖盘
10:21:56,28.29,0.0,117,330993,卖盘
10:21:59,28.29,0.0,135,381915,卖盘
10:22:02,28.29,0.0,44,124476,卖盘
10:22:05,28.29,0.0,262,741198,卖盘
10:22:08,28.29,0.0,108,305532,卖盘
10:22:11,28.29,0.0,49,138621,卖盘
10:22:14,28.29,0.0,350,990150,卖盘
10:22:17,28.29,0.0,221,625209,卖盘
10:22:20,28.29,0.0,78,220662,卖盘
10:22:23,28.29,0.0,59,166911,卖盘
10:22:26,28.29,0.0,51,144279,卖盘
10:22:29,28.29,0.0,427,1207983,卖盘
10:22:32,28.29,0.0,207,585603,卖盘
10:22:35,28.29,0.0,103,291387,卖盘
10:22:38,28.29,0.0,115,325335,卖盘
10:22:41,28.29,0.0,92,260268,卖盘
10:22:44,28.29,0.0,232,656328,卖盘
10:22:47,28.29,0.0,77,217833,卖盘
10:22:50,28.29,0.0,139,393231,卖盘
10:22:53,28.29,0.0,117,330993,卖盘
10:22:56,28.29,0.0,13,36777,卖盘
10:22:59,28.29,0.0,50,141450,卖盘
10:23:02,28.29,0.0,76,215004,卖盘
10:23:05,28.29,0.0,245,693105,卖盘
10:23:08,28.29,0.0,45,127305,卖盘
10:23:11,28.29,0.0,118,333822,卖盘
10:23:14,28.29,0.0,52,147108,卖盘
10:23:17,28.29,0.0,29,82041,卖盘
10:23:20,28.29,0.0,144,407376,卖盘
10:23:23,28.29,0.0,109,308361,卖盘
10:23:26,28.29,0.0,29,82041,卖盘
10:23:29,28.29,0.0,85,240465,卖盘
10:23:32,28.29,0.0,254,718566,卖盘
10:23:35,28.29,0.0,158,446982,卖盘
10:23:38,28.29,0.0,322,910938,卖盘
10:23:41,28.29,0.0,52,147108,卖盘
10:23:44,28.29,0.0,105,297045,卖盘
10:23:47,28.29,0.0,195,551655,卖盘
10:23:50,28.29,0.0,163,461127,卖盘
10:23:53,28.29,0.0,59,166911,卖盘
10:23:56,28.29,0.0,101,285729,卖盘
10:23:59,28.29,0.0,95,268755,卖盘
10:24:02,28.29,0.0,313,885477,卖盘
10:24:05,28.29,0.0,61,172569,卖盘
10:24:08,28.29,0.0,164,463956,卖盘
10:24:11,28.29,0.0,55,155595,卖盘
10:24:14,28.29,0.0,150,424350,卖盘
10:24:17,28.29,0.0,169,478101,卖盘
10:24:20,28.29,0.0,360,1018440,卖盘
10:24:23,28.29,0.0,58,164082,卖盘
10:24:26,28.29,0.0,81,229149,卖盘
10:24:29,28.29,0.0,184,520536,卖盘
10:24:32,28.29,0.0,273,772317,卖盘
10:24:35,28.29,0.0,57,161253,卖盘
10:24:38,28.29,0.0,68,192372,卖盘
10:24:41,28.29,0.0,49,138621,卖盘
10:24:44,28.29,0.0,2079,5881491,卖盘
10:24:47,28.29,0.0,2890,8175810,卖盘
10:24:50,28.29,0.0,3846,10880334,卖盘
10:24:53,28.29,0.0,8589,24298281,卖盘
10:24:56,28.29,0.0,4947,13995063,卖盘
10:24:59,28.29,0.0,5219,14764551,卖盘
10:25:02,28.29,0.0,7271,20569659,卖盘
10:25:05,28.29,0.0,9210,26055090,卖盘
10:25:08,28.29,0.0,10590,29959110,卖盘
10:25:11,28.29,0.0,5228,14790012,卖盘
10:25:14,28.29,0.0,8567,24236043,卖盘
10:25:17,28.27,-0.02,1651,4670426,卖盘
10:25:20,28.29,0.02,2093,5917733,买盘
10:25:23,28.27,-0.02,1323,3741724,卖盘
10:25:26,28.18,-0.09,362,1021490,卖盘
10:25:29,28.17,-0.01,1021,2879407,卖盘
10:25:32,28.11,-0.06,797,2245067,卖盘
10:25:35,28.11,0.0,875,2463415,卖盘
10:25:38,28.08,-0.03,716,2013627,卖盘
10:25:41,28.06,-0.02,1005,2822496,卖盘
10:25:44,28.05,-0.01,665,1864892,卖盘
10:25:47,28.0,-0.05,3040,8518946,卖盘
10:25:50,28.05,0.05,1169,3273708,买盘
10:25:53,28.0,-0.05,1337,3742925,卖盘
10:25:56,28.02,0.02,734,2054830,买盘
10:25:59,27.99,-0.03,1420,3979138,卖盘
10:26:02,27.95,-0.04,702,1965246,卖盘
10:26:05,27.99,0.04,684,1914020,买盘
10:26:08,27.99,0.0,1094,3061042,买盘
10:26:11,28.0,0.01,1723,4825441,买盘
10:26:14,28.01,0.01,1524,4270741,中性盘
10:26:17,28.1,0.09,1695,4756981,买盘
10:26:20,28.1,0.0,1753,4929935,卖盘
10:26:23,28.2,0.1,1818,5127668,买盘
10:26:26,28.27,0.07,730,2061539,买盘
10:26:29,28.28,0.01,1873,5295427,买盘
10:26:32,28.28,0.0,3764,10644022,买盘
10:26:35,28.29,0.01,2657,7515808,买盘
10:26:38,28.29,0.0,3505,9914846,买盘
10:26:41,28.29,0.0,6901,19522929,卖盘
10:26:44,28.29,0.0,2306,6523674,卖盘
10:26:47,28.28,-0.01,4228,11960551,卖盘
10:26:50,28.29,0.01,2240,6336048,买盘
10:26:53,28.28,-0.01,1427,4036005,卖盘
10:26:56,28.27,-0.01,750,2120734,卖盘
10:26:59,28.2,-0.07,599,1692910,卖盘
10:27:02,28.2,0.0,1395,3929321,卖盘
10:27:05,28.11,-0.09,220,619655,卖盘
10:27:08,28.05,-0.06,697,1960932,卖盘
10:27:11,28.06,0.01,394,1105100,买盘
10:27:14,28.11,0.05,919,2580219,买盘
10:27:17,28.11,0.0,765,2145237,买盘
10:27:20,28.11,0.0,568,1597037,卖盘
10:27:23,28.11,0.0,1061,2982844,卖盘
10:27:26,28.05,-0.06,995,2793396,卖盘
10:27:29,28.09,0.04,846,2374981,买盘
10:27:32,28.06,-0.03,491,1378247,中性盘
10:27:35,28.1,0.04,869,2441056,买盘
10:27:38,28.12,0.02,517,1451922,买盘
10:27:41,28.1,-0.02,941,2643721,卖盘
10:27:44,28.1,0.0,482,1353897,卖盘
10:27:47,28.1,0.0,1165,3272058,买盘
10:27:50,28.08,-0.02,615,1727667,卖盘
10:27:53,28.09,0.01,1843,5177483,买盘
10:27:56,28.05,-0.04,1788,5014241,卖盘
10:27:59,28.01,-0.04,153,428969,卖盘
10:28:02,28.01,0.0,1558,4364620,卖盘
10:28:05,28.01,0.0,2588,7245965,卖盘
10:28:08,28.01,0.0,594,1663605,买盘
10:28:11,28.06,0.05,1291,3619083,买盘
10:28:14,28.06,0.0,740,2073511,买盘
10:28:17,28.07,0.01,648,1817083,买盘
10:28:20,28.08,0.01,325,912063,买盘
10:28:23,28.07,-0.01,200,561404,卖盘
10:28:26,28.08,0.01,605,1699103,买盘
10:28:29,28.09,0.01,479,1345288,买盘
10:28:32,28.09,0.0,1292,3628425,卖盘
10:28:35,28.1,0.01,796,2236529,买盘
10:28:38,28.08,-0.02,1399,3930224,卖盘
10:28:41,28.08,0.0,1102,3095645,卖盘
10:28:44,28.03,-0.05,1731,4858703,卖盘
10:28:47,28.01,-0.02,468,1311938,卖盘
10:28:50,28.0,-0.01,1971,5522488,卖盘
10:28:53,28.01,0.01,709,1986394,买盘
10:28:56,28.01,0.0,1407,3940633,买盘
10:28:59,28.01,0.0,725,2030298,买盘
10:29:02,28.01,0.0,1834,5136196,买盘
10:29:05,28.01,0.0,875,2450502,买盘
10:29:08,28.01,0.0,1606,4499362,买盘
10:29:11,28.03,0.02,253,709082,中性盘
10:29:14,28.07,0.04,402,1127479,买盘
10:29:17,28.1,0.03,786,2207128,买盘
10:29:20,28.1,0.0,477,1339683,买盘
10:29:23,28.1,0.0,404,1134852,买盘
10:29:26,28.11,0.01,1609,4528649,买盘
10:29:29,28.14,0.03,211,593476,中性盘
10:29:32,28.13,-0.01,218,613482,中性盘
10:29:35,28.2,0.07,359,1010599,买盘
10:29:38,28.23,0.03,169,476655,买盘
10:29:41,28.22,-0.01,439,1238727,卖盘
10:29:44,28.24,0.02,478,1349392,买盘
10:29:47,28.26,0.02,315,889741,买盘
10:29:50,28.27,0.01,463,1308544,买盘
10:29:53,28.27,0.0,503,1422183,买盘
10:29:56,28.27,0.0,1266,3579265,卖盘
10:29:59,28.28,0.01,950,2686188,买盘
10:30:02,28.27,-0.01,1750,4948106,卖盘
10:30:05,28.27,0.0,1055,2982561,卖盘
10:30:08,28.27,0.0,2662,7526658,买盘
10:30:11,28.21,-0.06,1272,3590437,卖盘
10:30:14,28.15,-0.06,691,1947990,卖盘
10:30:17,28.11,-0.04,250,703291,卖盘
10:30:20,28.05,-0.06,897,2519450,卖盘
10:30:23,28.11,0.06,411,1154612,买盘
10:30:26,28.11,0.0,151,424013,买盘
10:30:29,28.1,-0.01,310,871066,中性盘
10:30:32,28.18,0.08,337,947320,买盘
10:30:35,28.1,-0.08,472,1327055,卖盘
10:30:38,28.11,0.01,518,1455745,买盘
10:30:41,28.09,-0.02,856,2406949,卖盘
10:30:44,28.09,0.0,342,961070,买盘
10:30:47,28.09,0.0,207,581571,卖盘
10:30:50,28.09,0.0,1902,5342050,卖盘
10:30:53,28.09,0.0,697,1956552,买盘
10:30:56,28.08,-0.01,336,943360,卖盘
10:30:59,28.08,0.0,465,1305185,买盘
10:31:02,28.06,-0.02,314,881135,中性盘
10:31:05,28.05,-0.01,930,2609097,卖盘
10:31:08,28.06,0.01,148,415291,中性盘
10:31:11,28.05,-0.01,628,1760755,卖盘
10:31:14,28.02,-0.03,688,1930094,卖盘
10:31:17,28.02,0.0,347,973002,卖盘
10:31:20,28.02,0.0,205,574819,卖盘
10:31:23,28.05,0.03,171,479603,买盘
10:31:26,28.05,0.0,468,1312550,卖盘
10:31:29,28.06,0.01,988,2770547,卖盘
10:31:32,28.07,0.01,335,940095,买盘
10:31:35,28.07,0.0,236,662294,卖盘
10:31:38,28.09,0.02,409,1148073,买盘
10:31:41,28.07,-0.02,941,2639691,卖盘
10:31:44,28.06,-0.01,912,2556339,卖盘
10:31:47,28.08,0.02,701,1967004,买盘
10:31:50,28.08,0.0,156,437901,买盘
10:31:53,28.08,0.0,413,1158384,买盘
10:31:56,28.06,-0.02,351,984994,中性盘
10:31:59,28.01,-0.05,4417,12370371,卖盘
10:32:02,28.02,0.01,1659,4645606,买盘
10:32:05,28.02,0.0,705,1975377,买盘
10:32:08,28.0,-0.02,549,1537666,卖盘
10:32:11,28.01,0.01,313,876648,买盘
10:32:14,28.0,-0.01,396,1109043,卖盘
10:32:17,28.01,0.01,801,2242836,卖盘
10:32:20,28.04,0.03,548,1535303,买盘
10:32:23,28.04,0.0,629,1763628,买盘
10:32:26,28.05,0.01,286,802030,买盘
10:32:29,28.06,0.01,85,238436,买盘
10:32:32,28.04,-0.02,635,1780094,卖盘
10:32:35,28.04,0.0,417,1169223,买盘
10:32:38,28.04,0.0,136,381418,买盘
10:32:41,28.06,0.02,341,956111,买盘
10:32:44,28.04,-0.02,322,903018,卖盘
10:32:47,28.04,0.0,297,833058,卖盘
10:32:50,28.05,0.01,641,1797500,买盘
10:32:53,28.04,-0.01,188,527429,卖盘
10:32:56,28.05,0.01,3264,9167395,中性盘
10:32:59,28.05,0.0,145,406701,买盘
10:33:02,28.04,-0.01,297,832937,卖盘
10:33:05,28.05,0.01,484,1357656,买盘
10:33:08,28.04,-0.01,405,1135978,卖盘
10:33:11,28.05,0.01,308,863811,买盘
10:33:14,28.04,-0.01,240,672884,卖盘
10:33:17,28.04,0.0,374,1048707,买盘
10:33:20,28.05,0.01,298,835740,买盘
10:33:23,28.05,0.0,274,768621,卖盘
10:33:26,28.05,0.0,521,1460988,卖盘
10:33:29,28.05,0.0,944,2648174,买盘
10:33:32,28.05,0.0,1319,3701973,卖盘
10:33:35,28.05,0.0,95,266514,卖盘
10:33:38,28.05,0.0,1048,2939480,卖盘
10:33:41,28.02,-0.03,959,2686636,卖盘
10:33:44,28.02,0.0,818,2292484,买盘
10:33:47,28.01,-0.01,513,1437551,卖盘
10:33:50,28.02,0.01,190,532286,中性盘
10:33:53,28.0,-0.02,459,1285904,卖盘
10:33:56,28.02,0.02,2804,7851907,卖盘
10:33:59,28.03,0.01,297,832324,中性盘
10:34:02,28.01,-0.02,463,1297036,卖盘
10:34:05,28.02,0.01,236,661335,买盘
10:34:08,28.01,-0.01,234,655753,卖盘
10:34:11,28.02,0.01,190,532436,中性盘
10:34:14,28.02,0.0,335,938944,买盘
10:34:17,28.02,0.0,408,1143648,买盘
10:34:20,28.02,0.0,623,1747099,卖盘
10:34:23,28.05,0.03,215,602653,买盘
10:34:26,28.05,0.0,239,669890,买盘
10:34:29,28.05,0.0,130,364510,买盘
10:34:32,28.05,0.0,537,1507259,卖盘
10:34:35,28.06,0.01,226,634915,中性盘
10:34:38,28.11,0.05,269,756144,买盘
10:34:41,28.12,0.01,190,534147,买盘
10:34:44,28.13,0.01,123,345999,买盘
10:34:47,28.15,0.02,212,596533,买盘
10:34:50,28.15,0.0,211,593885,买盘
10:34:53,28.18,0.03,180,506995,买盘
10:34:56,28.2,0.02,3418,9646589,买盘
10:34:59,28.27,0.07,279,788168,买盘
10:35:02,28.27,0.0,1686,4767254,买盘
10:35:05,28.28,0.01,1260,3562689,买盘
10:35:08,28.28,0.0,1719,4860063,买盘
10:35:11,28.28,0.0,1297,3666003,买盘
10:35:14,28.27,-0.01,1147,3243051,中性盘
10:35:17,28.27,0.0,647,1828597,卖盘
10:35:20,28.2,-0.07,416,1175740,卖盘
10:35:23,28.27,0.07,552,1559880,买盘
10:35:26,28.26,-0.01,361,1019952,卖盘
10:35:29,28.25,-0.01,545,1540072,卖盘
10:35:32,28.25,0.0,277,782509,卖盘
10:35:35,28.22,-0.03,381,1076285,卖盘
10:35:38,28.25,0.03,387,1093289,买盘
10:35:41,28.26,0.01,273,771181,买盘
10:35:44,28.22,-0.04,259,731389,卖盘
10:35:47,28.25,0.03,370,1045181,买盘
10:35:50,28.22,-0.03,1151,3250761,卖盘
10:35:53,28.23,0.01,187,527951,买盘
10:35:56,28.24,0.01,123,347346,中性盘
10:35:59,28.24,0.0,251,708802,买盘
10:36:02,28.25,0.01,281,793310,买盘
10:36:05,28.25,0.0,395,1115677,买盘
10:36:08,28.25,0.0,418,1180705,买盘
10:36:11,28.24,-0.01,1655,4675064,卖盘
10:36:14,28.24,0.0,259,731211,买盘
10:36:17,28.24,0.0,326,920556,买盘
10:36:20,28.23,-0.01,221,624003,卖盘
10:36:23,28.22,-0.01,317,895325,卖盘
10:36:26,28.22,0.0,316,892194,卖盘
10:36:29,28.23,0.01,427,1204951,买盘
10:36:32,28.22,-0.01,143,403554,卖盘
10:36:35,28.22,0.0,65,183358,买盘
10:36:38,28.19,-0.03,307,865941,卖盘
10:36:41,28.2,0.01,308,868493,买盘
10:36:44,28.17,-0.03,133,374788,卖盘
10:36:47,28.16,-0.01,150,422488,卖盘
10:36:50,28.15,-0.01,162,455935,卖盘
10:36:53,28.12,-0.03,106,298283,卖盘
10:36:56,28.12,0.0,246,692005,卖盘
10:36:59,28.12,0.0,111,312094,买盘
10:37:02,28.1,-0.02,200,562229,卖盘
10:37:05,28.11,0.01,236,663358,中性盘
10:37:08,28.1,-0.01,123,345629,中性盘
10:37:11,28.1,0.0,961,2695973,买盘
10:37:14,28.1,0.0,293,823320,买盘
10:37:17,28.1,0.0,261,733370,卖盘
10:37:20,28.11,0.01,262,736508,买盘
10:37:23,28.12,0.01,214,601982,买盘
10:37:26,28.15,0.03,129,362852,中性盘
10:37:29,28.13,-0.02,276,776733,中性盘
10:37:32,28.13,0.0,129,362849,买盘
10:37:35,28.12,-0.01,644,1810593,卖盘
10:37:38,28.12,0.0,108,303683,买盘
10:37:41,28.12,0.0,122,342915,买盘
10:37:44,28.11,-0.01,347,975285,中性盘
10:37:47,28.11,0.0,100,281142,卖盘
10:37:50,28.11,0.0,273,767236,卖盘
10:37:53,28.11,0.0,1191,3351792,买盘
10:37:56,28.12,0.01,113,317658,买盘
10:37:59,28.1,-0.02,391,1099049,卖盘
10:38:02,28.1,0.0,78,219180,买盘
10:38:05,28.1,0.0,74,207955,买盘
10:38:08,28.11,0.01,415,1166437,买盘
10:38:11,28.12,0.01,111,312043,买盘
10:38:14,28.12,0.0,89,250220,买盘
10:38:17,28.12,0.0,262,737091,买盘
10:38:20,28.09,-0.03,994,2793945,卖盘
10:38:23,28.11,0.02,635,1782951,买盘
10:38:26,28.11,0.0,210,590327,卖盘
10:38:29,28.11,0.0,262,736616,卖盘
10:38:32,28.12,0.01,1102,3102937,买盘
10:38:35,28.12,0.0,273,768247,卖盘
10:38:38,28.12,0.0,186,523178,卖盘
10:38:41,28.17,0.05,265,745401,买盘
10:38:44,28.18,0.01,238,669785,买盘
10:38:47,28.13,-0.05,376,1058564,卖盘
10:38:50,28.14,0.01,218,613278,买盘
10:38:53,28.18,0.04,181,509706,买盘
10:38:56,28.15,-0.03,207,582850,卖盘
10:38:59,28.15,0.0,100,281488,买盘
10:39:02,28.15,0.0,513,1443338,卖盘
10:39:05,28.15,0.0,220,619910,买盘
10:39:08,28.11,-0.04,555,1561089,卖盘
10:39:11,28.1,-0.01,215,604342,卖盘
10:39:14,28.11,0.01,1104,3104238,买盘
10:39:17,28.11,0.0,77,216468,卖盘
10:39:20,28.11,0.0,413,1160724,卖盘
10:39:23,28.11,0.0,716,2011835,卖盘
10:39:26,28.13,0.02,361,1014696,买盘
10:39:29,28.11,-0.02,117,328893,卖盘
10:39:32,28.11,0.0,268,753299,卖盘
10:39:35,28.11,0.0,193,542517,买盘
10:39:38,28.11,0.0,264,742116,卖盘
10:39:41,28.14,0.03,813,2287311,买盘
10:39:44,28.12,-0.02,267,751313,卖盘
10:39:47,28.12,0.0,118,332088,卖盘
10:39:50,28.12,0.0,146,410690,卖盘
10:39:53,28.12,0.0,183,514523,卖盘
10:39:56,28.11,-0.01,59,165905,卖盘
10:39:59,28.08,-0.03,475,1335143,卖盘
10:40:02,28.08,0.0,59,165751,卖盘
10:40:05,28.07,-0.01,271,760903,卖盘
10:40:08,28.12,0.05,959,2695091,买盘
10:40:11,28.13,0.01,147,413240,卖盘
10:40:14,28.11,-0.02,45,126383,中性盘
10:40:17,28.09,-0.02,106,297817,卖盘
10:40:20,28.09,0.0,94,263998,买盘
10:40:23,28.09,0.0,151,424079,买盘
10:40:26,28.1,0.01,242,679752,买盘
10:40:29,28.1,0.0,260,730600,卖盘
10:40:32,28.11,0.01,164,460878,买盘
10:40:35,28.11,0.0,268,753403,买盘
10:40:38,28.1,-0.01,227,638088,卖盘
10:40:41,28.12,0.02,601,1688987,买盘
10:40:44,28.12,0.0,265,744950,买盘
10:40:47,28.11,-0.01,159,447077,卖盘
10:40:50,28.13,0.02,136,382459,买盘
10:40:53,28.12,-0.01,259,728391,卖盘
10:40:56,28.13,0.01,181,509103,买盘
10:40:59,28.13,0.0,375,1054539,买盘
10:41:02,28.15,0.02,1029,2895102,买盘
10:41:05,28.13,-0.02,216,607997,卖盘
10:41:08,28.15,0.02,190,534858,买盘
10:41:11,28.15,0.0,173,487002,卖盘
10:41:14,28.21,0.06,1379,3886579,买盘
10:41:17,28.21,0.0,69,194670,卖盘
10:41:20,28.21,0.0,221,623476,卖盘
10:41:23,28.22,0.01,157,442643,买盘
10:41:26,28.21,-0.01,1514,4263833,中性盘
10:41:29,28.17,-0.04,278,783651,卖盘
10:41:32,28.15,-0.02,181,509688,卖盘
10:41:35,28.15,0.0,261,734933,买盘
10:41:38,28.2,0.05,72,202789,买盘
10:41:41,28.2,0.0,160,450961,买盘
10:41:44,28.17,-0.03,118,332499,中性盘
10:41:47,28.16,-0.01,153,430922,卖盘
10:41:50,28.17,0.01,77,216846,买盘
10:41:53,28.17,0.0,232,653636,买盘
10:41:56,28.17,0.0,82,231052,卖盘
10:41:59,28.19,0.02,124,349521,中性盘
10:42:02,28.17,-0.02,222,625467,卖盘
10:42:05,28.17,0.0,123,346542,卖盘
10:42:08,28.18,0.01,303,853642,买盘
10:42:11,28.18,0.0,200,563573,买盘
10:42:14,28.18,0.0,115,324033,买盘
10:42:17,28.17,-0.01,243,684609,卖盘
10:42:20,28.18,0.01,142,400127,买盘
10:42:23,28.17,-0.01,565,1591555,卖盘
10:42:26,28.16,-0.01,552,1554866,卖盘
10:42:29,28.16,0.0,122,343624,买盘
10:42:32,28.16,0.0,53,149246,买盘
10:42:35,28.16,0.0,308,867481,买盘
10:42:38,28.16,0.0,149,419466,买盘
10:42:41,28.17,0.01,205,577185,买盘
10:42:44,28.16,-0.01,361,1017119,卖盘
10:42:47,28.17,0.01,56,157710,中性盘
10:42:50,28.16,-0.01,160,450615,卖盘
10:42:53,28.17,0.01,231,650685,买盘
10:42:56,28.17,0.0,248,698854,卖盘
10:42:59,28.18,0.01,106,298674,中性盘
10:43:02,28.19,0.01,214,603213,买盘
10:43:05,28.19,0.0,79,222656,买盘
10:43:08,28.18,-0.01,549,1547894,卖盘
10:43:11,28.2,0.02,315,888302,买盘
10:43:14,28.2,0.0,150,423005,卖盘
10:43:17,28.2,0.0,72,203041,买盘
10:43:20,28.2,0.0,442,1246385,买盘
10:43:23,28.2,0.0,101,284849,卖盘
10:43:26,28.2,0.0,127,358170,卖盘
10:43:29,28.21,0.01,693,1955701,买盘
10:43:32,28.21,0.0,522,1473251,卖盘
10:43:35,28.25,0.04,100,282396,买盘
10:43:38,28.24,-0.01,365,1031015,卖盘
10:43:41,28.25,0.01,151,426453,买盘
10:43:44,28.25,0.0,367,1036719,买盘
10:43:47,28.25,0.0,470,1327714,买盘
10:43:50,28.26,0.01,444,1254540,买盘
10:43:53,28.26,0.0,957,2704421,买盘
10:43:56,28.26,0.0,564,1594019,卖盘
10:43:59,28.25,-0.01,992,2803174,中性盘
10:44:02,28.25,0.0,325,918032,买盘
10:44:05,28.24,-0.01,234,661019,中性盘
10:44:08,28.23,-0.01,57,160920,卖盘
10:44:11,28.24,0.01,1193,3371184,买盘
10:44:14,28.26,0.02,30,84748,买盘
10:44:17,28.26,0.0,218,615976,买盘
10:44:20,28.27,0.01,362,1023186,买盘
10:44:23,28.26,-0.01,380,1074238,卖盘
10:44:26,28.28,0.02,362,1023519,买盘
10:44:29,28.28,0.0,873,2468628,买盘
10:44:32,28.27,-0.01,258,729458,卖盘
10:44:35,28.27,0.0,592,1674021,买盘
10:44:38,28.26,-0.01,530,1498163,卖盘
10:44:41,28.27,0.01,328,927245,买盘
10:44:44,28.27,0.0,147,415611,卖盘
10:44:47,28.28,0.01,369,1043208,买盘
10:44:50,28.26,-0.02,194,548295,卖盘
10:44:53,28.26,0.0,303,856775,卖盘
10:44:56,28.27,0.01,272,768997,卖盘
10:44:59,28.27,0.0,314,887671,买盘
10:45:02,28.27,0.0,327,924388,买盘
10:45:05,28.27,0.0,375,1060306,卖盘
10:45:08,28.27,0.0,315,890407,卖盘
10:45:11,28.26,-0.01,224,633206,卖盘
10:45:14,28.27,0.01,300,848001,买盘
10:45:17,28.26,-0.01,246,695410,中性盘
10:45:20,28.26,0.0,141,398421,买盘
10:45:23,28.26,0.0,219,618893,买盘
10:45:26,28.26,0.0,81,228937,卖盘
10:45:29,28.27,0.01,921,2603835,买盘
10:45:32,28.27,0.0,123,347685,买盘
10:45:35,28.25,-0.02,1080,3053870,卖盘
10:45:38,28.26,0.01,88,248710,中性盘
10:45:41,28.26,0.0,256,723630,买盘
10:45:44,28.27,0.01,95,268532,买盘
10:45:47,28.27,0.0,99,279843,买盘
10:45:50,28.27,0.0,298,842328,买盘
10:45:53,28.26,-0.01,401,1133472,卖盘
10:45:56,28.26,0.0,701,1981946,买盘
10:45:59,28.26,0.0,229,647113,买盘
10:46:02,28.27,0.01,71,200649,买盘
10:46:05,28.27,0.0,424,1198502,买盘
10:46:08,28.27,0.0,208,587911,买盘
10:46:11,28.27,0.0,258,729281,买盘
10:46:14,28.27,0.0,402,1136385,买盘
10:46:17,28.27,0.0,209,590866,卖盘
10:46:20,28.27,0.0,334,944359,卖盘
10:46:23,28.27,0.0,450,1272521,买盘
10:46:26,28.28,0.01,408,1153718,买盘
10:46:29,28.28,0.0,398,1125396,买盘
10:46:32,28.27,-0.01,4734,13387383,卖盘
10:46:35,28.28,0.01,465,1314935,买盘
10:46:38,28.28,0.0,265,749375,买盘
10:46:41,28.27,-0.01,235,664533,卖盘
10:46:44,28.28,0.01,428,1211100,买盘
10:46:47,28.29,0.01,235,664746,买盘
10:46:50,28.28,-0.01,1037,2933427,卖盘
10:46:53,28.29,0.01,716,2025486,买盘
10:46:56,28.29,0.0,727,2056600,买盘
10:46:59,28.29,0.0,365,1032278,买盘
10:47:02,28.29,0.0,298,843756,买盘
10:47:05,28.29,0.0,223,630828,买盘
10:47:08,28.28,-0.01,839,2373305,卖盘
10:47:11,28.29,0.01,171,483749,买盘
10:47:14,28.28,-0.01,776,2194217,卖盘
10:47:17,28.27,-0.01,256,724034,卖盘
10:47:20,28.28,0.01,113,319558,买盘
10:47:23,28.28,0.0,1045,2953693,买盘
10:47:26,28.28,0.0,345,975542,买盘
10:47:29,28.28,0.0,122,344985,买盘
10:47:32,28.28,0.0,316,893729,买盘
10:47:35,28.27,-0.01,146,412864,卖盘
10:47:38,28.28,0.01,250,706901,买盘
10:47:41,28.28,0.0,181,511817,买盘
10:47:44,28.29,0.01,279,789009,买盘
10:47:47,28.29,0.0,210,593957,买盘
10:47:50,28.28,-0.01,453,1281456,中性盘
10:47:53,28.28,0.0,133,376126,买盘
10:47:56,28.28,0.0,213,602370,卖盘
10:47:59,28.28,0.0,112,316773,卖盘
10:48:02,28.28,0.0,383,1083303,卖盘
10:48:05,28.28,0.0,247,698515,买盘
10:48:08,28.28,0.0,233,658858,买盘
10:48:11,28.28,0.0,151,427005,买盘
10:48:14,28.27,-0.01,281,794611,卖盘
10:48:17,28.28,0.01,331,935987,买盘
10:48:20,28.28,0.0,197,556962,买盘
10:48:23,28.27,-0.01,223,630585,卖盘
10:48:26,28.26,-0.01,358,1011847,卖盘
10:48:29,28.26,0.0,95,268510,卖盘
10:48:32,28.25,-0.01,277,782794,卖盘
10:48:35,28.26,0.01,178,503059,买盘
10:48:38,28.25,-0.01,177,500085,卖盘
10:48:41,28.25,0.0,104,293824,卖盘
10:48:44,28.25,0.0,85,240140,卖盘
10:48:47,28.23,-0.02,125,352993,卖盘
10:48:50,28.23,0.0,50,141126,卖盘
10:48:53,28.23,0.0,104,293542,买盘
10:48:56,28.24,0.01,191,539198,买盘
10:48:59,28.24,0.0,302,852503,卖盘
10:49:02,28.23,-0.01,69,194852,卖盘
10:49:05,28.23,0.0,141,398060,卖盘
10:49:08,28.23,0.0,78,220112,买盘
10:49:11,28.21,-0.02,110,310442,卖盘
10:49:14,28.22,0.01,101,284992,买盘
10:49:17,28.22,0.0,196,553073,买盘
10:49:20,28.21,-0.01,169,476782,卖盘
10:49:23,28.21,0.0,60,169260,买盘
10:49:26,28.2,-0.01,77,217198,卖盘
10:49:29,28.2,0.0,501,1412890,卖盘
10:49:32,28.18,-0.02,468,1320178,卖盘
10:49:35,28.2,0.02,83,234000,买盘
10:49:38,28.17,-0.03,100,281775,卖盘
10:49:41,28.17,0.0,117,329654,卖盘
10:49:44,28.16,-0.01,22,61955,卖盘
10:49:47,28.16,0.0,271,763183,卖盘
10:49:50,28.14,-0.02,104,292640,卖盘
10:49:53,28.13,-0.01,5,14069,卖盘
10:49:56,28.12,-0.01,102,286879,卖盘
10:49:59,28.12,0.0,69,193985,买盘
10:50:02,28.11,-0.01,197,553682,卖盘
10:50:05,28.11,0.0,344,966599,买盘
10:50:08,28.09,-0.02,123,345706,卖盘
10:50:11,28.08,-0.01,201,564644,卖盘
10:50:14,28.1,0.02,76,213517,买盘
10:50:17,28.08,-0.02,165,463333,卖盘
10:50:20,28.07,-0.01,212,595206,卖盘
10:50:23,28.08,0.01,86,241445,买盘
10:50:26,28.06,-0.02,261,732779,卖盘
10:50:29,28.07,0.01,61,171167,买盘
10:50:32,28.07,0.0,309,866864,买盘
10:50:35,28.07,0.0,180,505264,卖盘
10:50:38,28.06,-0.01,443,1243319,卖盘
10:50:41,28.06,0.0,191,536060,买盘
10:50:44,28.06,0.0,50,140306,卖盘
10:50:47,28.05,-0.01,33,92579,卖盘
10:50:50,28.04,-0.01,56,157059,卖盘
10:50:53,28.04,0.0,413,1157748,卖盘
10:50:56,28.04,0.0,74,207461,买盘
10:50:59,28.03,-0.01,231,647296,中性盘
10:51:02,28.02,-0.01,2168,6073498,卖盘
10:51:05,28.01,-0.01,156,437001,卖盘
10:51:08,28.02,0.01,642,1797847,买盘
10:51:11,28.01,-0.01,937,2623730,卖盘
10:51:14,28.01,0.0,801,2242917,买盘
10:51:17,28.0,-0.01,384,1075394,卖盘
10:51:20,28.0,0.0,453,1268562,卖盘
10:51:23,28.0,0.0,121,338857,卖盘
10:51:26,28.01,0.01,505,1414195,买盘
10:51:29,28.01,0.0,446,1249325,买盘
10:51:32,28.03,0.02,1203,3369169,买盘
10:51:35,28.0,-0.03,556,1557044,卖盘
10:51:38,28.01,0.01,305,854246,买盘
10:51:41,28.01,0.0,338,946643,买盘
10:51:44,28.01,0.0,293,820532,卖盘
10:51:47,28.01,0.0,202,565899,卖盘
10:51:50,28.01,0.0,324,907625,卖盘
10:51:53,28.03,0.02,214,599729,买盘
10:51:56,28.03,0.0,99,277378,买盘
10:51:59,28.02,-0.01,369,1033761,卖盘
10:52:02,28.02,0.0,151,423024,买盘
10:52:05,28.03,0.01,248,694916,买盘
10:52:08,28.04,0.01,549,1538432,买盘
10:52:11,28.03,-0.01,107,299972,卖盘
10:52:14,28.03,0.0,275,770953,卖盘
10:52:17,28.03,0.0,183,512998,卖盘
10:52:20,28.03,0.0,145,406419,买盘
10:52:23,28.04,0.01,168,470876,买盘
10:52:26,28.02,-0.02,816,2286777,卖盘
10:52:29,28.03,0.01,386,1082087,买盘
10:52:32,28.04,0.01,88,246743,卖盘
10:52:35,28.04,0.0,170,476677,卖盘
10:52:38,28.06,0.02,75,210391,买盘
10:52:41,28.06,0.0,54,151462,买盘
10:52:44,28.06,0.0,32,89779,买盘
10:52:47,28.06,0.0,71,199219,买盘
10:52:50,28.07,0.01,70,196486,买盘
10:52:53,28.08,0.01,61,171235,买盘
10:52:56,28.09,0.01,133,373437,买盘
10:52:59,28.09,0.0,173,486055,买盘
10:53:02,28.09,0.0,16,44946,买盘
10:53:05,28.1,0.01,53,148888,买盘
10:53:08,28.1,0.0,195,547836,买盘
10:53:11,28.1,0.0,230,646245,买盘
10:53:14,28.1,0.0,269,755893,买盘
10:53:17,28.1,0.0,210,590134,卖盘
10:53:20,28.1,0.0,584,1641465,卖盘
10:53:23,28.11,0.01,99,278342,卖盘
10:53:26,28.1,-0.01,135,379505,卖盘
10:53:29,28.15,0.05,130,365345,买盘
10:53:32,28.13,-0.02,35,98457,卖盘
10:53:35,28.14,0.01,91,255932,中性盘
10:53:38,28.14,0.0,133,374306,买盘
10:53:41,28.14,0.0,28,78782,买盘
10:53:44,28.14,0.0,72,202607,买盘
10:53:47,28.14,0.0,145,408040,卖盘
10:53:50,28.16,0.02,231,650271,买盘
10:53:53,28.14,-0.02,520,1464117,卖盘
10:53:56,28.16,0.02,67,188610,中性盘
10:53:59,28.14,-0.02,338,951436,卖盘
10:54:02,28.14,0.0,134,377076,买盘
10:54:05,28.12,-0.02,563,1583573,卖盘
10:54:08,28.11,-0.01,163,458244,卖盘
10:54:11,28.11,0.0,51,143333,买盘
10:54:14,28.11,0.0,193,542354,买盘
10:54:17,28.1,-0.01,947,2661086,卖盘
10:54:20,28.1,0.0,139,390574,买盘
10:54:23,28.1,0.0,107,300652,买盘
10:54:26,28.1,0.0,702,1972403,买盘
10:54:29,28.08,-0.02,79,221970,卖盘
10:54:32,28.1,0.02,42,117980,买盘
10:54:35,28.1,0.0,40,112358,卖盘
10:54:38,28.08,-0.02,117,328537,卖盘
10:54:41,28.08,0.0,224,629014,买盘
10:54:44,28.07,-0.01,183,513746,卖盘
10:54:47,28.06,-0.01,43,120689,卖盘
10:54:50,28.07,0.01,113,317184,买盘
10:54:53,28.06,-0.01,330,926154,卖盘
10:54:56,28.06,0.0,76,213244,买盘
10:54:59,28.05,-0.01,217,608779,卖盘
10:55:02,28.05,0.0,98,274963,卖盘
10:55:05,28.05,0.0,100,280522,卖盘
10:55:08,28.05,0.0,38,106603,卖盘
10:55:11,28.05,0.0,172,482469,卖盘
10:55:14,28.04,-0.01,169,473970,卖盘
10:55:17,28.05,0.01,121,339334,买盘
10:55:20,28.06,0.01,109,305719,买盘
10:55:23,28.06,0.0,97,272126,买盘
10:55:26,28.06,0.0,104,291903,卖盘
10:55:29,28.05,-0.01,65,182362,卖盘
10:55:32,28.06,0.01,89,249739,买盘
10:55:35,28.07,0.01,94,263719,买盘
10:55:38,28.06,-0.01,59,165564,卖盘
10:55:41,28.08,0.02,147,412713,买盘
10:55:44,28.08,0.0,25,70200,卖盘
10:55:47,28.08,0.0,48,134765,卖盘
10:55:50,28.06,-0.02,204,572648,卖盘
10:55:53,28.06,0.0,88,246980,卖盘
10:55:56,28.06,0.0,341,956864,卖盘
10:55:59,28.06,0.0,100,280605,买盘
10:56:02,28.06,0.0,91,255463,卖盘
10:56:05,28.06,0.0,658,1846490,卖盘
10:56:08,28.05,-0.01,360,1010811,卖盘
10:56:11,28.05,0.0,338,948056,卖盘
10:56:14,28.05,0.0,70,196326,买盘
10:56:17,28.04,-0.01,167,468344,卖盘
10:56:20,28.05,0.01,77,215938,买盘
10:56:23,28.05,0.0,143,401011,买盘
10:56:26,28.05,0.0,73,204717,买盘
10:56:29,28.04,-0.01,223,625253,卖盘
10:56:32,28.04,0.0,86,241087,买盘
10:56:35,28.04,0.0,32,89706,买盘
10:56:38,28.04,0.0,208,583223,买盘
10:56:41,28.04,0.0,125,350498,买盘
10:56:44,28.05,0.01,461,1293268,买盘
10:56:47,28.05,0.0,46,128981,买盘
10:56:50,28.04,-0.01,43,120595,卖盘
10:56:53,28.04,0.0,86,241190,卖盘
10:56:56,28.04,0.0,182,510335,卖盘
10:56:59,28.03,-0.01,146,409361,卖盘
10:57:02,28.04,0.01,42,117756,卖盘
10:57:05,28.05,0.01,59,165464,买盘
10:57:08,28.05,0.0,338,947538,买盘
10:57:11,28.04,-0.01,52,145786,中性盘
10:57:14,28.04,0.0,64,179426,买盘
10:57:17,28.04,0.0,40,112125,买盘
10:57:20,28.03,-0.01,135,378517,卖盘
10:57:23,28.04,0.01,45,126176,买盘
10:57:26,28.03,-0.01,340,953215,卖盘
10:57:29,28.03,0.0,258,723247,卖盘
10:57:32,28.07,0.04,786,2203804,买盘
10:57:35,28.02,-0.05,255,714577,卖盘
10:57:38,28.03,0.01,56,156949,买盘
10:57:41,28.02,-0.01,145,406362,卖盘
10:57:44,28.02,0.0,258,723091,卖盘
10:57:47,28.04,0.02,194,543630,中性盘
10:57:50,28.04,0.0,30,84133,卖盘
10:57:53,28.04,0.0,88,246754,卖盘
10:57:56,28.05,0.01,374,1049167,买盘
10:57:59,28.05,0.0,128,358881,卖盘
10:58:02,28.03,-0.02,147,412108,卖盘
10:58:05,28.04,0.01,59,165386,买盘
10:58:08,28.03,-0.01,181,507402,卖盘
10:58:11,28.04,0.01,60,168216,中性盘
10:58:14,28.05,0.01,197,552307,买盘
10:58:17,28.05,0.0,108,302877,买盘
10:58:20,28.04,-0.01,674,1892649,卖盘
10:58:23,28.06,0.02,32,89786,中性盘
10:58:26,28.06,0.0,22,61713,中性盘
10:58:29,28.05,-0.01,129,362107,卖盘
10:58:32,28.05,0.0,36,101010,卖盘
10:58:35,28.09,0.04,161,451767,买盘
10:58:38,28.09,0.0,39,109551,卖盘
10:58:41,28.1,0.01,117,328714,买盘
10:58:44,28.08,-0.02,129,362315,卖盘
10:58:47,28.09,0.01,33,92687,中性盘
10:58:50,28.1,0.01,83,233107,买盘
10:58:53,28.1,0.0,66,185419,买盘
10:58:56,28.09,-0.01,126,353875,卖盘
10:58:59,28.08,-0.01,78,219065,卖盘
10:59:02,28.09,0.01,46,129179,买盘
10:59:05,28.09,0.0,338,949659,买盘
10:59:08,28.1,0.01,24,67428,买盘
10:59:11,28.1,0.0,52,146052,买盘
10:59:14,28.1,0.0,79,221942,买盘
10:59:17,28.1,0.0,82,230369,买盘
10:59:20,28.1,0.0,129,362482,买盘
10:59:23,28.1,0.0,31,87105,买盘
10:59:26,28.1,0.0,268,752944,卖盘
10:59:29,28.09,-0.01,244,685553,卖盘
10:59:32,28.08,-0.01,76,213465,卖盘
10:59:35,28.09,0.01,94,264020,买盘
10:59:38,28.07,-0.02,194,544771,卖盘
10:59:41,28.07,0.0,109,305960,买盘
10:59:44,28.04,-0.03,651,1826901,卖盘
10:59:47,28.06,0.02,82,230006,买盘
10:59:50,28.06,0.0,31,86956,买盘
10:59:53,28.04,-0.02,187,524347,卖盘
10:59:56,28.06,0.02,266,745979,买盘
10:59:59,28.04,-0.02,159,445859,卖盘
11:00:02,28.04,0.0,198,555283,卖盘
11:00:05,28.04,0.0,103,288806,卖盘
11:00:08,28.04,0.0,44,123373,买盘
11:00:11,28.04,0.0,71,199074,买盘
11:00:14,28.03,-0.01,965,2704369,卖盘
11:00:17,28.02,-0.01,355,994729,卖盘
11:00:20,27.96,-0.06,10456,29265738,卖盘
11:00:23,27.9,-0.06,1023,2854788,卖盘
11:00:26,27.9,0.0,321,895974,卖盘
11:00:29,27.9,0.0,430,1199748,卖盘
11:00:32,27.9,0.0,755,2106497,卖盘
11:00:35,27.9,0.0,449,1252840,卖盘
11:00:38,27.92,0.02,911,2540882,买盘
11:00:41,27.88,-0.04,432,1205255,卖盘
11:00:44,27.9,0.02,518,1444488,买盘
11:00:47,27.9,0.0,557,1553865,卖盘
11:00:50,27.89,-0.01,1338,3729264,卖盘
11:00:53,27.9,0.01,397,1107181,买盘
11:00:56,27.88,-0.02,186,518484,卖盘
11:00:59,27.87,-0.01,373,1039409,中性盘
11:01:02,27.83,-0.04,396,1102739,卖盘
11:01:05,27.82,-0.01,794,2209382,卖盘
11:01:08,27.81,-0.01,309,859467,卖盘
11:01:11,27.81,0.0,634,1763134,卖盘
11:01:14,27.8,-0.01,2967,8248540,卖盘
11:01:17,27.8,0.0,1650,4587122,卖盘
11:01:20,27.78,-0.02,771,2142594,卖盘
11:01:23,27.72,-0.06,1410,3914203,卖盘
11:01:26,27.7,-0.02,817,2263698,卖盘
11:01:29,27.68,-0.02,799,2212222,卖盘
11:01:32,27.65,-0.03,1195,3308025,卖盘
11:01:35,27.62,-0.03,454,1255130,卖盘
11:01:38,27.6,-0.02,1615,4458200,卖盘
11:01:41,27.58,-0.02,1179,3250036,卖盘
11:01:44,27.58,0.0,620,1708668,买盘
11:01:47,27.55,-0.03,903,2487399,卖盘
11:01:50,27.52,-0.03,1013,2790177,卖盘
11:01:53,27.5,-0.02,1262,3471579,卖盘
11:01:56,27.49,-0.01,1975,5431202,卖盘
11:01:59,27.44,-0.05,814,2235091,卖盘
11:02:02,27.42,-0.02,754,2068600,卖盘
11:02:05,27.4,-0.02,949,2602152,卖盘
11:02:08,27.38,-0.02,1496,4099233,卖盘
11:02:11,27.36,-0.02,1841,5042941,卖盘
11:02:14,27.35,-0.01,2011,5505706,卖盘
11:02:17,27.44,0.09,1906,5218385,买盘
11:02:20,27.47,0.03,1614,4430880,买盘
11:02:23,27.55,0.08,884,2431688,买盘
11:02:26,27.62,0.07,504,1389869,买盘
11:02:29,27.67,0.05,611,1687646,买盘
11:02:32,27.67,0.0,782,2163733,买盘
11:02:35,27.72,0.05,589,1630348,买盘
11:02:38,27.78,0.06,371,1029764,买盘
11:02:41,27.74,-0.04,783,2174833,卖盘
11:02:44,27.8,0.06,778,2159831,买盘
11:02:47,27.82,0.02,474,1319323,买盘
11:02:50,27.84,0.02,829,2306326,买盘
11:02:53,27.82,-0.02,2205,6128533,卖盘
11:02:56,27.82,0.0,1130,3144496,买盘
11:02:59,27.82,0.0,902,2508867,中性盘
11:03:02,27.78,-0.04,1173,3256188,中性盘
11:03:05,27.72,-0.06,821,2280552,卖盘
11:03:08,27.7,-0.02,1046,2897530,卖盘
11:03:11,27.65,-0.05,1076,2978116,卖盘
11:03:14,27.64,-0.01,413,1141621,卖盘
11:03:17,27.55,-0.09,844,2328247,卖盘
11:03:20,27.54,-0.01,155,426850,卖盘
11:03:23,27.51,-0.03,512,1409522,卖盘
11:03:26,27.48,-0.03,984,2706690,卖盘
11:03:29,27.51,0.03,625,1719041,买盘
11:03:32,27.54,0.03,628,1728092,卖盘
11:03:35,27.47,-0.07,1761,4842899,卖盘
11:03:38,27.51,0.04,740,2034188,买盘
11:03:41,27.51,0.0,751,2064884,买盘
11:03:44,27.5,-0.01,676,1860412,卖盘
11:03:47,27.5,0.0,750,2063847,卖盘
11:03:50,27.57,0.07,498,1370622,买盘
11:03:53,27.58,0.01,577,1590515,中性盘
11:03:56,27.59,0.01,135,372627,中性盘
11:03:59,27.62,0.03,477,1316498,买盘
11:04:02,27.65,0.03,165,455921,买盘
11:04:05,27.64,-0.01,158,436918,中性盘
11:04:08,27.7,0.06,344,951341,买盘
11:04:11,27.7,0.0,534,1478706,买盘
11:04:14,27.7,0.0,302,836657,买盘
11:04:17,27.75,0.05,362,1003609,买盘
11:04:20,27.75,0.0,414,1147177,买盘
11:04:23,27.73,-0.02,311,862616,卖盘
11:04:26,27.75,0.02,465,1289367,买盘
11:04:29,27.74,-0.01,513,1422842,卖盘
11:04:32,27.73,-0.01,449,1244944,卖盘
11:04:35,27.74,0.01,367,1017497,买盘
11:04:38,27.7,-0.04,592,1640436,卖盘
11:04:41,27.7,0.0,259,717376,买盘
11:04:44,27.7,0.0,374,1035819,买盘
11:04:47,27.66,-0.04,428,1184894,卖盘
11:04:50,27.66,0.0,708,1960387,卖盘
11:04:53,27.68,0.02,199,550611,买盘
11:04:56,27.68,0.0,351,971186,买盘
11:04:59,27.67,-0.01,371,1026706,中性盘
11:05:02,27.68,0.01,201,556237,中性盘
11:05:05,27.7,0.02,577,1597649,买盘
11:05:08,27.68,-0.02,211,584098,卖盘
11:05:11,27.68,0.0,256,708982,买盘
11:05:14,27.7,0.02,301,833358,买盘
11:05:17,27.68,-0.02,128,354464,卖盘
11:05:20,27.71,0.03,210,581748,买盘
11:05:23,27.71,0.0,300,830908,买盘
11:05:26,27.71,0.0,211,584623,卖盘
11:05:29,27.72,0.01,187,518276,买盘
11:05:32,27.72,0.0,118,327066,买盘
11:05:35,27.72,0.0,320,887075,卖盘
11:05:38,27.73,0.01,208,576678,买盘
11:05:41,27.72,-0.01,361,1000738,卖盘
11:05:44,27.72,0.0,1486,4120510,卖盘
11:05:47,27.72,0.0,253,701313,买盘
11:05:50,27.72,0.0,764,2118899,买盘
11:05:53,27.72,0.0,269,745937,卖盘
11:05:56,27.76,0.04,270,748965,买盘
11:05:59,27.73,-0.03,165,457759,中性盘
11:06:02,27.76,0.03,78,216485,买盘
11:06:05,27.76,0.0,412,1143571,买盘
11:06:08,27.75,-0.01,115,319207,卖盘
11:06:11,27.73,-0.02,203,563301,卖盘
11:06:14,27.73,0.0,1623,4498014,卖盘
11:06:17,27.7,-0.03,148,410294,卖盘
11:06:20,27.68,-0.02,405,1121441,卖盘
11:06:23,27.67,-0.01,137,379253,卖盘
11:06:26,27.66,-0.01,398,1100905,卖盘
11:06:29,27.64,-0.02,551,1523593,卖盘
11:06:32,27.64,0.0,201,555467,卖盘
11:06:35,27.62,-0.02,566,1562619,卖盘
11:06:38,27.64,0.02,1050,2901423,买盘
11:06:41,27.6,-0.04,482,1330488,卖盘
11:06:44,27.58,-0.02,333,918654,卖盘
11:06:47,27.56,-0.02,308,849244,卖盘
11:06:50,27.52,-0.04,276,760467,卖盘
11:06:53,27.53,0.01,198,544881,中性盘
11:06:56,27.52,-0.01,312,858353,买盘
11:06:59,27.5,-0.02,1250,3437661,卖盘
11:07:02,27.49,-0.01,441,1212663,卖盘
11:07:05,27.48,-0.01,411,1129807,卖盘
11:07:08,27.48,0.0,216,593700,卖盘
11:07:11,27.48,0.0,550,1511269,卖盘
11:07:14,27.49,0.01,321,882187,买盘
11:07:17,27.5,0.01,384,1055579,买盘
11:07:20,27.48,-0.02,783,2151583,卖盘
11:07:23,27.48,0.0,1025,2816612,买盘
11:07:26,27.47,-0.01,479,1316122,卖盘
11:07:29,27.45,-0.02,1094,3005464,卖盘
11:07:32,27.48,0.03,282,774737,买盘
11:07:35,27.49,0.01,615,1690160,买盘
11:07:38,27.48,-0.01,479,1316453,卖盘
11:07:41,27.49,0.01,304,835635,买盘
11:07:44,27.49,0.0,405,1113428,卖盘
11:07:47,27.49,0.0,1001,2751382,买盘
11:07:50,27.49,0.0,415,1140810,买盘
11:07:53,27.49,0.0,324,890625,卖盘
11:07:56,27.5,0.01,327,899140,买盘
11:07:59,27.5,0.0,882,2424783,买盘
11:08:02,27.5,0.0,281,772888,卖盘
11:08:05,27.5,0.0,209,574847,卖盘
11:08:08,27.52,0.02,362,995972,买盘
11:08:11,27.52,0.0,257,707459,卖盘
11:08:14,27.52,0.0,105,289082,卖盘
11:08:17,27.53,0.01,342,942304,卖盘
11:08:20,27.51,-0.02,200,550790,卖盘
11:08:23,27.55,0.04,212,584161,卖盘
11:08:26,27.54,-0.01,104,286754,卖盘
11:08:29,27.58,0.04,396,1090980,买盘
11:08:32,27.59,0.01,188,518541,买盘
11:08:35,27.6,0.01,97,267658,买盘
11:08:38,27.6,0.0,358,988139,买盘
11:08:41,27.68,0.08,118,326323,买盘
11:08:44,27.7,0.02,50,138413,买盘
11:08:47,27.68,-0.02,154,426379,中性盘
11:08:50,27.7,0.02,301,833327,买盘
11:08:53,27.7,0.0,233,645352,卖盘
11:08:56,27.7,0.0,175,484719,买盘
11:08:59,27.71,0.01,689,1908025,买盘
11:09:02,27.71,0.0,104,288125,买盘
11:09:05,27.72,0.01,102,282639,买盘
11:09:08,27.71,-0.01,323,894896,卖盘
11:09:11,27.71,0.0,121,335400,买盘
11:09:14,27.72,0.01,82,227339,中性盘
11:09:17,27.73,0.01,119,329894,买盘
11:09:20,27.74,0.01,96,266268,买盘
11:09:23,27.74,0.0,111,307859,买盘
11:09:26,27.75,0.01,138,382744,买盘
11:09:29,27.75,0.0,425,1178845,买盘
11:09:32,27.75,0.0,261,724035,买盘
11:09:35,27.75,0.0,350,971109,买盘
11:09:38,27.75,0.0,258,716006,卖盘
11:09:41,27.76,0.01,96,266464,买盘
11:09:44,27.78,0.02,194,539370,买盘
11:09:47,27.76,-0.02,282,782642,卖盘
11:09:50,27.74,-0.02,675,1873502,卖盘
11:09:53,27.73,-0.01,345,956932,卖盘
11:09:56,27.78,0.05,237,658370,买盘
11:09:59,27.78,0.0,165,458396,卖盘
11:10:02,27.78,0.0,189,524603,买盘
11:10:05,27.78,0.0,145,402800,买盘
11:10:08,27.78,0.0,73,202811,卖盘
11:10:11,27.8,0.02,234,650420,买盘
11:10:14,27.82,0.02,131,364089,买盘
11:10:17,27.82,0.0,39,108459,买盘
11:10:20,27.81,-0.01,136,378981,卖盘
11:10:23,27.8,-0.01,176,488601,卖盘
11:10:26,27.82,0.02,271,754373,买盘
11:10:29,27.8,-0.02,210,583365,卖盘
11:10:32,27.83,0.03,287,798406,买盘
11:10:35,27.83,0.0,156,434763,买盘
11:10:38,27.84,0.01,51,141961,买盘
11:10:41,27.84,0.0,94,261627,买盘
11:10:44,27.85,0.01,75,208795,买盘
11:10:47,27.84,-0.01,336,934435,卖盘
11:10:50,27.83,-0.01,92,256064,卖盘
11:10:53,27.83,0.0,183,509392,买盘
11:10:56,27.84,0.01,208,579073,买盘
11:10:59,27.82,-0.02,187,520533,卖盘
11:11:02,27.84,0.02,59,164926,买盘
11:11:05,27.84,0.0,114,317314,买盘
11:11:08,27.84,0.0,130,361842,买盘
11:11:11,27.83,-0.01,186,517754,卖盘
11:11:14,27.81,-0.02,172,478502,卖盘
11:11:17,27.79,-0.02,495,1375573,卖盘
11:11:20,27.73,-0.06,277,768957,卖盘
11:11:23,27.71,-0.02,734,2036789,卖盘
11:11:26,27.7,-0.01,315,872827,卖盘
11:11:29,27.71,0.01,91,252080,买盘
11:11:32,27.69,-0.02,631,1747098,卖盘
11:11:35,27.68,-0.01,80,221426,卖盘
11:11:38,27.67,-0.01,24,66399,中性盘
11:11:41,27.65,-0.02,141,389827,卖盘
11:11:44,27.64,-0.01,51,141022,中性盘
11:11:47,27.61,-0.03,45,124298,卖盘
11:11:50,27.63,0.02,259,715136,买盘
11:11:53,27.65,0.02,250,691014,买盘
11:11:56,27.63,-0.02,176,486547,卖盘
11:11:59,27.64,0.01,169,467280,中性盘
11:12:02,27.65,0.01,66,182496,买盘
11:12:05,27.66,0.01,51,141038,买盘
11:12:08,27.65,-0.01,155,428621,卖盘
11:12:11,27.66,0.01,76,210249,中性盘
11:12:14,27.67,0.01,337,932241,买盘
11:12:17,27.67,0.0,13,35972,卖盘
11:12:20,27.67,0.0,40,110680,卖盘
11:12:23,27.68,0.01,222,614331,买盘
11:12:26,27.69,0.01,102,282353,买盘
11:12:29,27.69,0.0,96,265810,买盘
11:12:32,27.69,0.0,19,52614,卖盘
11:12:35,27.7,0.01,261,722734,买盘
11:12:38,27.7,0.0,331,916785,买盘
11:12:41,27.7,0.0,147,407150,买盘
11:12:44,27.7,0.0,50,138496,买盘
11:12:47,27.7,0.0,4,11080,卖盘
11:12:50,27.71,0.01,115,318563,买盘
11:12:53,27.71,0.0,198,548580,买盘
11:12:56,27.72,0.01,99,274365,买盘
11:12:59,27.73,0.01,182,504361,买盘
11:13:02,27.72,-0.01,126,349353,卖盘
11:13:05,27.72,0.0,185,512691,买盘
11:13:08,27.71,-0.01,188,520873,中性盘
11:13:11,27.71,0.0,156,432178,买盘
11:13:14,27.7,-0.01,160,443250,卖盘
11:13:17,27.71,0.01,317,878166,买盘
11:13:20,27.7,-0.01,225,623436,卖盘
11:13:23,27.7,0.0,190,526538,卖盘
11:13:26,27.7,0.0,132,365681,卖盘
11:13:29,27.7,0.0,79,218825,买盘
11:13:32,27.7,0.0,117,324010,买盘
11:13:35,27.7,0.0,131,362799,买盘
11:13:38,27.7,0.0,127,351752,买盘
11:13:41,27.7,0.0,285,789218,卖盘
11:13:44,27.7,0.0,145,401648,买盘
11:13:47,27.68,-0.02,48,132912,卖盘
11:13:50,27.68,0.0,100,276827,卖盘
11:13:53,27.69,0.01,98,271388,买盘
11:13:56,27.69,0.0,59,163379,卖盘
11:13:59,27.7,0.01,264,731046,买盘
11:14:02,27.69,-0.01,369,1021825,卖盘
11:14:05,27.69,0.0,203,561985,买盘
11:14:08,27.69,0.0,152,420776,买盘
11:14:11,27.68,-0.01,322,891503,卖盘
11:14:14,27.67,-0.01,76,210329,卖盘
11:14:17,27.66,-0.01,53,146642,卖盘
11:14:20,27.66,0.0,159,439794,卖盘
11:14:23,27.66,0.0,89,246153,买盘
11:14:26,27.66,0.0,229,633388,买盘
11:14:29,27.66,0.0,187,517261,卖盘
11:14:32,27.67,0.01,205,567052,买盘
11:14:35,27.67,0.0,202,558860,买盘
11:14:38,27.66,-0.01,306,846523,卖盘
11:14:41,27.65,-0.01,503,1390616,卖盘
11:14:44,27.65,0.0,120,331793,买盘
11:14:47,27.65,0.0,105,290134,买盘
11:14:50,27.63,-0.02,582,1607386,中性盘
11:14:53,27.6,-0.03,108,298226,卖盘
11:14:56,27.61,0.01,72,198978,卖盘
11:14:59,27.62,0.01,157,433719,买盘
11:15:02,27.61,-0.01,48,132565,卖盘
11:15:05,27.6,-0.01,693,1912951,卖盘
11:15:08,27.6,0.0,221,610149,卖盘
11:15:11,27.59,-0.01,822,2268704,卖盘
11:15:14,27.59,0.0,236,651142,卖盘
11:15:17,27.59,0.0,811,2237651,卖盘
11:15:20,27.57,-0.02,187,515797,卖盘
11:15:23,27.56,-0.01,74,203990,卖盘
11:15:26,27.56,0.0,72,198435,卖盘
11:15:29,27.55,-0.01,236,650531,卖盘
11:15:32,27.54,-0.01,95,261785,卖盘
11:15:35,27.54,0.0,100,275458,卖盘
11:15:38,27.54,0.0,114,313903,卖盘
11:15:41,27.53,-0.01,167,459788,卖盘
11:15:44,27.53,0.0,96,264249,买盘
11:15:47,27.51,-0.02,90,247687,卖盘
11:15:50,27.52,0.01,405,1114579,买盘
11:15:53,27.52,0.0,100,275152,买盘
11:15:56,27.53,0.01,266,732048,买盘
11:15:59,27.53,0.0,284,781727,卖盘
11:16:02,27.54,0.01,119,327646,买盘
11:16:05,27.54,0.0,208,572812,买盘
11:16:08,27.54,0.0,420,1156530,卖盘
11:16:11,27.55,0.01,173,476327,买盘
11:16:14,27.56,0.01,254,699536,买盘
11:16:17,27.57,0.01,72,198376,买盘
11:16:20,27.58,0.01,127,350075,买盘
11:16:23,27.57,-0.01,59,162708,卖盘
11:16:26,27.59,0.02,136,375013,买盘
11:16:29,27.58,-0.01,57,157219,中性盘
11:16:32,27.59,0.01,101,278657,买盘
11:16:35,27.59,0.0,274,755707,买盘
11:16:38,27.59,0.0,241,664811,买盘
11:16:41,27.59,0.0,58,160016,买盘
11:16:44,27.59,0.0,172,474497,买盘
11:16:47,27.59,0.0,134,369697,买盘
11:16:50,27.58,-0.01,231,637227,卖盘
11:16:53,27.57,-0.01,156,430151,卖盘
11:16:56,27.57,0.0,139,383253,中性盘
11:16:59,27.57,0.0,51,140585,买盘
11:17:02,27.56,-0.01,129,355521,中性盘
11:17:05,27.58,0.02,277,763653,买盘
11:17:08,27.55,-0.03,154,424409,卖盘
11:17:11,27.58,0.03,212,584270,买盘
11:17:14,27.56,-0.02,32,88224,中性盘
11:17:17,27.56,0.0,152,419035,卖盘
11:17:20,27.56,0.0,221,608968,卖盘
11:17:23,27.55,-0.01,93,256333,卖盘
11:17:26,27.55,0.0,98,270062,卖盘
11:17:29,27.55,0.0,206,567557,卖盘
11:17:32,27.56,0.01,115,316864,买盘
11:17:35,27.55,-0.01,61,168088,中性盘
11:17:38,27.55,0.0,188,517978,卖盘
11:17:41,27.55,0.0,378,1041399,卖盘
11:17:44,27.55,0.0,189,520705,买盘
11:17:47,27.55,0.0,144,396731,卖盘
11:17:50,27.56,0.01,198,545514,买盘
11:17:53,27.54,-0.02,86,236918,卖盘
11:17:56,27.55,0.01,29,79895,买盘
11:17:59,27.55,0.0,387,1065890,买盘
11:18:02,27.54,-0.01,100,275412,卖盘
11:18:05,27.54,0.0,62,170747,买盘
11:18:08,27.51,-0.03,2857,7858680,卖盘
11:18:11,27.5,-0.01,112,308169,卖盘
11:18:14,27.5,0.0,462,1270754,卖盘
11:18:17,27.5,0.0,191,525375,卖盘
11:18:20,27.52,0.02,240,660104,中性盘
11:18:23,27.53,0.01,182,500574,买盘
11:18:26,27.5,-0.03,120,330057,卖盘
11:18:29,27.51,0.01,63,173373,中性盘
11:18:32,27.5,-0.01,270,742748,卖盘
11:18:35,27.5,0.0,118,324546,卖盘
11:18:38,27.52,0.02,220,605099,买盘
11:18:41,27.52,0.0,168,462072,买盘
11:18:44,27.5,-0.02,338,929810,卖盘
11:18:47,27.51,0.01,226,621555,买盘
11:18:50,27.5,-0.01,239,657251,卖盘
11:18:53,27.5,0.0,121,332741,买盘
11:18:56,27.51,0.01,497,1366678,买盘
11:18:59,27.5,-0.01,170,467504,卖盘
11:19:02,27.5,0.0,861,2367444,卖盘
11:19:05,27.5,0.0,336,924200,卖盘
11:19:08,27.5,0.0,223,613350,买盘
11:19:11,27.5,0.0,213,585714,买盘
11:19:14,27.5,0.0,371,1020085,买盘
11:19:17,27.5,0.0,213,585621,买盘
11:19:20,27.48,-0.02,395,1085953,卖盘
11:19:23,27.51,0.03,213,585941,买盘
11:19:26,27.51,0.0,615,1691868,卖盘
11:19:29,27.51,0.0,207,569466,卖盘
11:19:32,27.51,0.0,98,269588,卖盘
11:19:35,27.5,-0.01,268,736978,卖盘
11:19:38,27.49,-0.01,324,891174,卖盘
11:19:41,27.5,0.01,103,283214,中性盘
11:19:44,27.5,0.0,160,439847,买盘
11:19:47,27.48,-0.02,134,368431,卖盘
11:19:50,27.49,0.01,377,1036252,中性盘
11:19:53,27.48,-0.01,256,703841,卖盘
11:19:56,27.46,-0.02,1169,3211678,卖盘
11:19:59,27.46,0.0,199,546410,买盘
11:20:02,27.46,0.0,375,1029642,买盘
11:20:05,27.46,0.0,253,694702,买盘
11:20:08,27.46,0.0,78,214188,卖盘
11:20:11,27.46,0.0,139,381708,卖盘
11:20:14,27.48,0.02,1293,3549613,买盘
11:20:17,27.46,-0.02,140,384479,买盘
11:20:20,27.46,0.0,305,837673,卖盘
11:20:23,27.47,0.01,154,423017,中性盘
11:20:26,27.46,-0.01,242,664777,卖盘
11:20:29,27.46,0.0,118,324145,卖盘
11:20:32,27.48,0.02,115,315911,中性盘
11:20:35,27.46,-0.02,76,208763,卖盘
11:20:38,27.46,0.0,304,834798,卖盘
11:20:41,27.46,0.0,740,2031299,买盘
11:20:44,27.44,-0.02,102,279991,卖盘
11:20:47,27.44,0.0,109,299200,卖盘
11:20:50,27.43,-0.01,167,458282,卖盘
11:20:53,27.41,-0.02,919,2519996,卖盘
11:20:56,27.4,-0.01,74,202811,卖盘
11:20:59,27.4,0.0,835,2288266,卖盘
11:21:02,27.39,-0.01,1208,3308278,卖盘
11:21:05,27.37,-0.02,220,602415,中性盘
11:21:08,27.36,-0.01,87,238050,卖盘
11:21:11,27.35,-0.01,370,1011995,卖盘
11:21:14,27.34,-0.01,238,650902,卖盘
11:21:17,27.33,-0.01,273,746250,卖盘
11:21:20,27.32,-0.01,428,1169784,卖盘
11:21:23,27.3,-0.02,767,2094557,卖盘
11:21:26,27.3,0.0,335,914939,卖盘
11:21:29,27.3,0.0,671,1831988,卖盘
11:21:32,27.3,0.0,1053,2872985,卖盘
11:21:35,27.29,-0.01,90,245564,卖盘
11:21:38,27.27,-0.02,323,880984,卖盘
11:21:41,27.27,0.0,394,1074677,卖盘
11:21:44,27.25,-0.02,672,1831829,卖盘
11:21:47,27.22,-0.03,313,852346,卖盘
11:21:50,27.23,0.01,326,887290,买盘
11:21:53,27.23,0.0,768,2089563,买盘
11:21:56,27.21,-0.02,316,859888,卖盘
11:21:59,27.2,-0.01,592,1610331,卖盘
11:22:02,27.18,-0.02,464,1261658,卖盘
11:22:05,27.26,0.08,2313,6293475,买盘
11:22:08,27.18,-0.08,1601,4350695,卖盘
11:22:11,27.26,0.08,894,2434618,买盘
11:22:14,27.29,0.03,356,970882,买盘
11:22:17,27.28,-0.01,937,2556593,卖盘
11:22:20,27.4,0.12,991,2709287,买盘
11:22:23,27.4,0.0,1394,3819545,买盘
11:22:26,27.46,0.06,209,573214,买盘
11:22:29,27.48,0.02,1183,3247857,买盘
11:22:32,27.5,0.02,103,283159,买盘
11:22:35,27.5,0.0,410,1127402,买盘
11:22:38,27.49,-0.01,430,1182331,卖盘
11:22:41,27.49,0.0,141,387674,买盘
11:22:44,27.49,0.0,306,841159,买盘
11:22:47,27.49,0.0,219,601806,买盘
11:22:50,27.49,0.0,335,920680,卖盘
11:22:53,27.49,0.0,256,703675,买盘
11:22:56,27.5,0.01,693,1904704,买盘
11:22:59,27.49,-0.01,240,659816,卖盘
11:23:02,27.49,0.0,183,502912,买盘
11:23:05,27.47,-0.02,197,541391,中性盘
11:23:08,27.49,0.02,166,456213,买盘
11:23:11,27.46,-0.03,72,197724,卖盘
11:23:14,27.45,-0.01,384,1054189,卖盘
11:23:17,27.46,0.01,206,565685,买盘
11:23:20,27.41,-0.05,359,984889,卖盘
11:23:23,27.4,-0.01,81,222017,中性盘
11:23:26,27.4,0.0,150,411179,卖盘
11:23:29,27.39,-0.01,88,241095,卖盘
11:23:32,27.4,0.01,219,599982,买盘
11:23:35,27.39,-0.01,153,418896,中性盘
11:23:38,27.39,0.0,492,1346721,买盘
11:23:41,27.39,0.0,163,446391,卖盘
11:23:44,27.38,-0.01,191,523000,卖盘
11:23:47,27.37,-0.01,98,268312,卖盘
11:23:50,27.35,-0.02,198,541687,卖盘
11:23:53,27.33,-0.02,101,276238,卖盘
11:23:56,27.33,0.0,393,1073873,卖盘
11:23:59,27.33,0.0,145,396252,买盘
11:24:02,27.33,0.0,167,456275,买盘
11:24:05,27.35,0.02,825,2254502,买盘
11:24:08,27.38,0.03,714,1954255,买盘
11:24:11,27.38,0.0,1100,3011593,买盘
11:24:14,27.35,-0.03,973,2664006,卖盘
11:24:17,27.38,0.03,116,317541,买盘
11:24:20,27.38,0.0,142,388614,买盘
11:24:23,27.37,-0.01,191,522857,中性盘
11:24:26,27.37,0.0,331,906206,买盘
11:24:29,27.38,0.01,136,372337,买盘
11:24:32,27.38,0.0,621,1700315,买盘
11:24:35,27.35,-0.03,421,1152767,卖盘
11:24:38,27.36,0.01,103,281761,买盘
11:24:41,27.37,0.01,112,306456,买盘
11:24:44,27.39,0.02,606,1659351,买盘
11:24:47,27.41,0.02,90,246626,买盘
11:24:50,27.39,-0.02,190,520654,卖盘
11:24:53,27.42,0.03,56,153348,买盘
11:24:56,27.46,0.04,169,463632,买盘
11:24:59,27.46,0.0,62,170026,买盘
11:25:02,27.44,-0.02,73,200379,中性盘
11:25:05,27.5,0.06,437,1201290,买盘
11:25:08,27.49,-0.01,382,1049896,卖盘
11:25:11,27.49,0.0,255,700736,买盘
11:25:14,27.5,0.01,247,678994,买盘
11:25:17,27.48,-0.02,197,541086,卖盘
11:25:20,27.5,0.02,242,665312,买盘
11:25:23,27.5,0.0,1109,3049705,买盘
11:25:26,27.51,0.01,223,613303,买盘
11:25:29,27.52,0.01,49,134807,买盘
11:25:32,27.52,0.0,156,429433,买盘
11:25:35,27.55,0.03,324,891981,买盘
11:25:38,27.55,0.0,356,980762,卖盘
11:25:41,27.55,0.0,231,636108,买盘
11:25:44,27.53,-0.02,425,1171085,中性盘
11:25:47,27.55,0.02,189,520575,买盘
11:25:50,27.55,0.0,540,1486853,卖盘
11:25:53,27.56,0.01,74,203902,买盘
11:25:56,27.59,0.03,273,752670,买盘
11:25:59,27.59,0.0,334,921326,买盘
11:26:02,27.63,0.04,582,1605929,买盘
11:26:05,27.64,0.01,83,229268,买盘
11:26:08,27.65,0.01,122,337215,买盘
11:26:11,27.66,0.01,248,685705,买盘
11:26:14,27.67,0.01,231,638838,买盘
11:26:17,27.66,-0.01,92,254478,卖盘
11:26:20,27.66,0.0,332,918538,卖盘
11:26:23,27.68,0.02,1211,3353162,买盘
11:26:26,27.69,0.01,237,655970,买盘
11:26:29,27.7,0.01,112,310099,买盘
11:26:32,27.7,0.0,198,548334,买盘
11:26:35,27.71,0.01,244,675911,买盘
11:26:38,27.76,0.05,172,476734,买盘
11:26:41,27.76,0.0,158,438627,买盘
11:26:44,27.78,0.02,127,352646,买盘
11:26:47,27.77,-0.01,215,597185,卖盘
11:26:50,27.78,0.01,455,1263743,买盘
11:26:53,27.77,-0.01,640,1778132,卖盘
11:26:56,27.78,0.01,257,713809,买盘
11:26:59,27.76,-0.02,129,358330,卖盘
11:27:02,27.77,0.01,488,1355600,卖盘
11:27:05,27.78,0.01,130,361191,卖盘
11:27:08,27.77,-0.01,190,527442,卖盘
11:27:11,27.69,-0.08,479,1329085,卖盘
11:27:14,27.7,0.01,301,835163,中性盘
11:27:17,27.69,-0.01,163,451325,卖盘
11:27:20,27.69,0.0,316,875410,买盘
11:27:23,27.68,-0.01,80,221455,中性盘
11:27:26,27.68,0.0,51,141125,买盘
11:27:29,27.66,-0.02,292,807421,卖盘
11:27:32,27.64,-0.02,128,353323,卖盘
11:27:35,27.63,-0.01,39,107731,中性盘
11:27:38,27.6,-0.03,128,353544,卖盘
11:27:41,27.6,0.0,52,143477,买盘
11:27:44,27.59,-0.01,130,358692,买盘
11:27:47,27.58,-0.01,128,353048,卖盘
11:27:50,27.58,0.0,182,502098,卖盘
11:27:53,27.58,0.0,155,427489,卖盘
11:27:56,27.59,0.01,89,245464,买盘
11:27:59,27.57,-0.02,137,377861,卖盘
11:28:02,27.57,0.0,14,38598,买盘
11:28:05,27.57,0.0,65,179163,买盘
11:28:08,27.57,0.0,39,107529,买盘
11:28:11,27.57,0.0,135,372201,卖盘
11:28:14,27.56,-0.01,236,650724,卖盘
11:28:17,27.57,0.01,114,314334,卖盘
11:28:20,27.57,0.0,57,157170,卖盘
11:28:23,27.57,0.0,158,435607,卖盘
11:28:26,27.56,-0.01,121,333632,卖盘
11:28:29,27.56,0.0,185,509908,卖盘
11:28:32,27.56,0.0,84,231479,买盘
11:28:35,27.56,0.0,155,427102,买盘
11:28:38,27.56,0.0,163,449189,买盘
11:28:41,27.56,0.0,74,203957,卖盘
11:28:44,27.56,0.0,58,159854,卖盘
11:28:47,27.57,0.01,33,90967,买盘
11:28:50,27.57,0.0,92,253631,买盘
11:28:53,27.57,0.0,202,556952,卖盘
11:28:56,27.58,0.01,49,135154,买盘
11:28:59,27.58,0.0,81,223398,卖盘
11:29:02,27.57,-0.01,142,391523,卖盘
11:29:05,27.57,0.0,41,113035,买盘
11:29:08,27.58,0.01,34,93725,买盘
11:29:11,27.56,-0.02,213,587160,卖盘
11:29:14,27.56,0.0,241,664243,卖盘
11:29:17,27.57,0.01,340,937085,买盘
11:29:20,27.57,0.0,113,311500,买盘
11:29:23,27.57,0.0,333,917870,买盘
11:29:26,27.57,0.0,174,479527,买盘
11:29:29,27.54,-0.03,97,267169,卖盘
11:29:32,27.54,0.0,85,234083,买盘
11:29:35,27.52,-0.02,153,421280,卖盘
11:29:38,27.52,0.0,63,173393,卖盘
11:29:41,27.51,-0.01,78,214616,卖盘
11:29:44,27.5,-0.01,20,55008,卖盘
11:29:47,27.51,0.01,153,420852,买盘
11:29:50,27.52,0.01,59,162337,买盘
11:29:53,27.52,0.0,228,627400,买盘
11:29:56,27.51,-0.01,288,792262,卖盘
11:29:59,27.5,-0.01,118,324568,卖盘
11:30:02,27.51,0.01,4,11004,买盘
13:00:02,27.52,0.01,928,2558331,买盘
13:00:05,27.51,-0.01,1124,3093059,卖盘
13:00:08,27.56,0.05,2422,6665068,买盘
13:00:11,27.65,0.09,1441,3969942,买盘
13:00:14,27.66,0.01,393,1086657,中性盘
13:00:17,27.65,-0.01,698,1932416,卖盘
13:00:20,27.66,0.01,127,352226,卖盘
13:00:23,27.7,0.04,23,63812,中性盘
13:00:26,27.7,0.0,78,216352,卖盘
13:00:29,27.75,0.05,94,260801,中性盘
13:00:32,27.76,0.01,103,285653,买盘
13:00:35,27.77,0.01,71,197081,买盘
13:00:38,27.77,0.0,343,952560,买盘
13:00:41,27.82,0.05,880,2446303,买盘
13:00:44,27.83,0.01,176,489745,买盘
13:00:47,27.85,0.02,182,506702,买盘
13:00:50,27.85,0.0,279,777047,买盘
13:00:53,27.86,0.01,276,769097,中性盘
13:00:56,27.89,0.03,784,2187210,买盘
13:00:59,27.96,0.07,37,103264,买盘
13:01:02,28.0,0.04,3103,8687167,买盘
13:01:05,28.01,0.01,334,935242,买盘
13:01:08,28.0,-0.01,516,1445245,卖盘
13:01:11,27.96,-0.04,515,1440390,卖盘
13:01:14,27.9,-0.06,381,1065348,卖盘
13:01:17,27.88,-0.02,498,1391447,卖盘
13:01:20,27.83,-0.05,106,295239,卖盘
13:01:23,27.8,-0.03,78,216963,卖盘
13:01:26,27.78,-0.02,110,305884,卖盘
13:01:29,27.77,-0.01,66,183270,卖盘
13:01:32,27.75,-0.02,52,144365,卖盘
13:01:35,27.75,0.0,147,407949,卖盘
13:01:38,27.7,-0.05,56,155347,卖盘
13:01:41,27.69,-0.01,73,202427,中性盘
13:01:44,27.7,0.01,42,116251,买盘
13:01:47,27.66,-0.04,300,830895,卖盘
13:01:50,27.66,0.0,103,284886,买盘
13:01:53,27.66,0.0,161,445270,买盘
13:01:56,27.66,0.0,246,680310,卖盘
13:01:59,27.66,0.0,85,235112,卖盘
13:02:02,27.63,-0.03,75,207383,卖盘
13:02:05,27.66,0.03,111,307005,买盘
13:02:08,27.67,0.01,136,376122,中性盘
13:02:11,27.67,0.0,53,146616,卖盘
13:02:14,27.68,0.01,151,417879,买盘
13:02:17,27.68,0.0,73,202110,卖盘
13:02:20,27.7,0.02,114,315729,买盘
13:02:23,27.77,0.07,112,310317,买盘
13:02:26,27.77,0.0,37,102756,卖盘
13:02:29,27.77,0.0,151,419045,卖盘
13:02:32,27.78,0.01,49,136085,买盘
13:02:35,27.79,0.01,84,233367,买盘
13:02:38,27.81,0.02,47,130650,买盘
13:02:41,27.8,-0.01,40,111210,卖盘
13:02:44,27.82,0.02,48,133536,卖盘
13:02:47,27.82,0.0,108,300472,卖盘
13:02:50,27.84,0.02,32,89062,买盘
13:02:53,27.83,-0.01,67,186471,卖盘
13:02:56,27.83,0.0,146,406436,卖盘
13:02:59,27.83,0.0,238,662287,卖盘
13:03:02,27.81,-0.02,144,400535,卖盘
13:03:05,27.8,-0.01,94,261422,卖盘
13:03:08,27.79,-0.01,403,1120355,卖盘
13:03:11,27.8,0.01,270,750253,买盘
13:03:14,27.79,-0.01,106,294608,中性盘
13:03:17,27.81,0.02,187,519927,买盘
13:03:20,27.8,-0.01,217,603483,卖盘
13:03:23,27.81,0.01,75,208546,买盘
13:03:26,27.81,0.0,218,606164,买盘
13:03:29,27.8,-0.01,39,108444,卖盘
13:03:32,27.81,0.01,142,394901,买盘
13:03:35,27.82,0.01,90,250336,买盘
13:03:38,27.81,-0.01,253,703621,卖盘
13:03:41,27.8,-0.01,157,436460,卖盘
13:03:44,27.81,0.01,85,236306,买盘
13:03:47,27.8,-0.01,124,344722,卖盘
13:03:50,27.8,0.0,78,216891,卖盘
13:03:53,27.8,0.0,89,247479,卖盘
13:03:56,27.81,0.01,23,63959,买盘
13:03:59,27.81,0.0,88,244730,卖盘
13:04:02,27.82,0.01,159,442231,买盘
13:04:05,27.82,0.0,123,342072,卖盘
13:04:08,27.82,0.0,41,114078,卖盘
13:04:11,27.82,0.0,99,275492,卖盘
13:04:14,27.83,0.01,89,247635,买盘
13:04:17,27.85,0.02,306,851786,买盘
13:04:20,27.84,-0.01,101,281042,中性盘
13:04:23,27.83,-0.01,33,91890,卖盘
13:04:26,27.84,0.01,52,144764,买盘
13:04:29,27.83,-0.01,140,389786,卖盘
13:04:32,27.84,0.01,28,77963,买盘
13:04:35,27.84,0.0,24,66804,买盘
13:04:38,27.84,0.0,49,136414,买盘
13:04:41,27.85,0.01,54,150343,买盘
13:04:44,27.86,0.01,243,676707,买盘
13:04:47,27.86,0.0,37,103061,买盘
13:04:50,27.87,0.01,59,164359,买盘
13:04:53,27.86,-0.01,78,217329,卖盘
13:04:56,27.81,-0.05,845,2352935,卖盘
13:04:59,27.79,-0.02,462,1284415,卖盘
13:05:02,27.79,0.0,154,428306,卖盘
13:05:05,27.79,0.0,62,172224,买盘
13:05:08,27.75,-0.04,57,158361,卖盘
13:05:11,27.79,0.04,57,158315,买盘
13:05:14,27.78,-0.01,47,130479,卖盘
13:05:17,27.78,0.0,62,172176,买盘
13:05:20,27.74,-0.04,51,141369,买盘
13:05:23,27.77,0.03,72,199676,买盘
13:05:26,27.75,-0.02,74,205225,买盘
13:05:29,27.75,0.0,321,890812,卖盘
13:05:32,27.75,0.0,48,133155,买盘
13:05:35,27.74,-0.01,20,55468,卖盘
13:05:38,27.71,-0.03,41,113577,卖盘
13:05:41,27.7,-0.01,41,113675,卖盘
13:05:44,27.7,0.0,130,360015,卖盘
13:05:47,27.69,-0.01,579,1602973,卖盘
13:05:50,27.59,-0.1,859,2375835,卖盘
13:05:53,27.6,0.01,94,258979,买盘
13:05:56,27.57,-0.03,20,55113,买盘
13:05:59,27.54,-0.03,74,203885,中性盘
13:06:02,27.53,-0.01,33,90853,卖盘
13:06:05,27.52,-0.01,75,206512,卖盘
13:06:08,27.53,0.01,118,324837,卖盘
13:06:11,27.54,0.01,70,192816,中性盘
13:06:14,27.57,0.03,70,192984,买盘
13:06:17,27.6,0.03,171,471471,买盘
13:06:20,27.6,0.0,40,110400,卖盘
13:06:23,27.62,0.02,35,96664,买盘
13:06:26,27.6,-0.02,115,317642,卖盘
13:06:29,27.66,0.06,15,41450,买盘
13:06:32,27.66,0.0,227,626822,买盘
13:06:35,27.66,0.0,162,447811,卖盘
13:06:38,27.68,0.02,215,594600,买盘
13:06:41,27.68,0.0,106,293306,买盘
13:06:44,27.68,0.0,73,202000,买盘
13:06:47,27.69,0.01,65,179914,买盘
13:06:50,27.68,-0.01,79,218673,卖盘
13:06:53,27.69,0.01,30,83049,买盘
13:06:56,27.68,-0.01,192,531493,卖盘
13:06:59,27.68,0.0,138,381939,买盘
13:07:02,27.69,0.01,63,174391,买盘
13:07:05,27.68,-0.01,71,196553,卖盘
13:07:08,27.68,0.0,302,835859,卖盘
13:07:11,27.67,-0.01,240,664130,中性盘
13:07:14,27.68,0.01,93,257259,买盘
13:07:17,27.68,0.0,89,246244,买盘
13:07:20,27.68,0.0,237,656016,卖盘
13:07:23,27.67,-0.01,36,99632,卖盘
13:07:26,27.67,0.0,81,224204,卖盘
13:07:29,27.67,0.0,57,157743,卖盘
13:07:32,27.65,-0.02,44,121712,卖盘
13:07:35,27.62,-0.03,113,312341,卖盘
13:07:38,27.61,-0.01,54,149177,卖盘
13:07:41,27.61,0.0,27,74554,卖盘
13:07:44,27.62,0.01,78,215416,买盘
13:07:47,27.62,0.0,18,49722,卖盘
13:07:50,27.62,0.0,23,63526,卖盘
13:07:53,27.62,0.0,116,320460,卖盘
13:07:56,27.62,0.0,176,486145,卖盘
13:07:59,27.65,0.03,15,41446,买盘
13:08:02,27.62,-0.03,23,63539,卖盘
13:08:05,27.63,0.01,54,149248,买盘
13:08:08,27.65,0.02,30,82953,买盘
13:08:11,27.66,0.01,100,276469,买盘
13:08:14,27.65,-0.01,25,69137,卖盘
13:08:17,27.67,0.02,14,38725,买盘
13:08:23,27.69,0.02,232,642194,买盘
13:08:26,27.66,-0.03,61,168783,卖盘
13:08:29,27.67,0.01,62,171548,买盘
13:08:32,27.7,0.03,190,525994,买盘
13:08:35,27.69,-0.01,32,88606,中性盘
13:08:38,27.7,0.01,33,91380,买盘
13:08:41,27.7,0.0,57,157890,买盘
13:08:44,27.7,0.0,143,396017,买盘
13:08:47,27.7,0.0,136,376702,买盘
13:08:50,27.71,0.01,69,191168,买盘
13:08:53,27.7,-0.01,33,91427,卖盘
13:08:56,27.71,0.01,48,133008,买盘
13:08:59,27.7,-0.01,189,523613,卖盘
13:09:02,27.7,0.0,126,348995,买盘
13:09:05,27.68,-0.02,65,180010,卖盘
13:09:08,27.68,0.0,104,287910,卖盘
13:09:11,27.68,0.0,36,99659,卖盘
13:09:14,27.69,0.01,259,717305,买盘
13:09:17,27.69,0.0,234,648151,买盘
13:09:20,27.69,0.0,79,218725,卖盘
13:09:23,27.7,0.01,13,36002,买盘
13:09:26,27.69,-0.01,80,221524,卖盘
13:09:29,27.69,0.0,44,121849,卖盘
13:09:32,27.69,0.0,69,191024,买盘
13:09:35,27.69,0.0,642,1778291,买盘
13:09:38,27.69,0.0,9,24923,卖盘
13:09:41,27.7,0.01,39,108019,卖盘
13:09:44,27.7,0.0,66,182833,买盘
13:09:47,27.7,0.0,37,102469,买盘
13:09:50,27.7,0.0,51,142119,卖盘
13:09:53,27.69,-0.01,113,312053,卖盘
13:09:56,27.68,-0.01,154,426316,卖盘
13:09:59,27.7,0.02,68,188298,买盘
13:10:02,27.7,0.0,104,287896,买盘
13:10:05,27.7,0.0,15,41538,买盘
13:10:08,27.69,-0.01,50,138482,卖盘
13:10:11,27.69,0.0,21,58161,中性盘
13:10:14,27.68,-0.01,51,141259,卖盘
13:10:17,27.7,0.02,111,307428,买盘
13:10:20,27.67,-0.03,146,404257,卖盘
13:10:23,27.69,0.02,12,33221,买盘
13:10:26,27.69,0.0,13,35995,卖盘
13:10:29,27.68,-0.01,127,351603,卖盘
13:10:32,27.69,0.01,83,229795,买盘
13:10:35,27.68,-0.01,110,304543,卖盘
13:10:38,27.68,0.0,24,66437,卖盘
13:10:41,27.69,0.01,150,415214,买盘
13:10:44,27.69,0.0,45,124611,买盘
13:10:47,27.69,0.0,64,177217,卖盘
13:10:50,27.7,0.01,89,246445,买盘
13:10:53,27.7,0.0,119,329538,买盘
13:10:56,27.69,-0.01,33,91399,中性盘
13:10:59,27.7,0.01,62,171718,买盘
13:11:02,27.69,-0.01,23,63686,卖盘
13:11:05,27.69,0.0,25,69232,买盘
13:11:08,27.7,0.01,34,94166,买盘
13:11:11,27.7,0.0,6,16620,买盘
13:11:14,27.69,-0.01,123,340651,卖盘
13:11:17,27.7,0.01,121,335163,买盘
13:11:20,27.7,0.0,42,116340,卖盘
13:11:23,27.7,0.0,76,210584,卖盘
13:11:26,27.7,0.0,91,252089,卖盘
13:11:29,27.7,0.0,126,349057,卖盘
13:11:32,27.71,0.01,9,24940,中性盘
13:11:35,27.71,0.0,211,584589,卖盘
13:11:38,27.72,0.01,74,205088,买盘
13:11:41,27.72,0.0,157,435204,卖盘
13:11:44,27.72,0.0,29,80361,买盘
13:11:47,27.72,0.0,94,260502,买盘
13:11:50,27.71,-0.01,75,207859,卖盘
13:11:53,27.7,-0.01,158,437676,卖盘
13:11:56,27.7,0.0,89,246501,买盘
13:11:59,27.7,0.0,111,307420,买盘
13:12:02,27.7,0.0,119,329540,买盘
13:12:05,27.69,-0.01,19,52622,卖盘
13:12:08,27.7,0.01,226,625857,买盘
13:12:11,27.7,0.0,108,299152,买盘
13:12:14,27.7,0.0,73,202152,买盘
13:12:17,27.7,0.0,53,146810,卖盘
13:12:20,27.7,0.0,65,180050,卖盘
13:12:23,27.71,0.01,76,210531,买盘
13:12:26,27.71,0.0,123,340801,买盘
13:12:29,27.71,0.0,2,5542,卖盘
13:12:32,27.71,0.0,94,260449,卖盘
13:12:35,27.71,0.0,99,274346,卖盘
13:12:38,27.72,0.01,31,85904,买盘
13:12:41,27.71,-0.01,50,138578,卖盘
13:12:44,27.7,-0.01,71,196713,卖盘
13:12:47,27.7,0.0,63,174522,卖盘
13:12:50,27.71,0.01,23,63733,买盘
13:12:53,27.71,0.0,70,193951,买盘
13:12:56,27.71,0.0,49,135779,卖盘
13:12:59,27.7,-0.01,25,69268,卖盘
13:13:02,27.7,0.0,252,698043,卖盘
13:13:05,27.7,0.0,58,160630,买盘
13:13:08,27.69,-0.01,88,243673,卖盘
13:13:11,27.7,0.01,162,448714,买盘
13:13:14,27.69,-0.01,85,235430,卖盘
13:13:17,27.68,-0.01,120,332279,卖盘
13:13:20,27.68,0.0,60,166129,卖盘
13:13:23,27.67,-0.01,575,1591548,卖盘
13:13:26,27.68,0.01,112,309882,买盘
13:13:29,27.68,0.0,124,343017,买盘
13:13:32,27.66,-0.02,146,403904,卖盘
13:13:35,27.65,-0.01,112,309707,卖盘
13:13:38,27.66,0.01,37,102310,买盘
13:13:41,27.65,-0.01,115,317989,卖盘
13:13:44,27.66,0.01,59,163156,买盘
13:13:47,27.63,-0.03,218,602381,卖盘
13:13:50,27.62,-0.01,39,107754,卖盘
13:13:53,27.63,0.01,45,124307,买盘
13:13:56,27.63,0.0,27,74588,买盘
13:13:59,27.62,-0.01,141,389413,卖盘
13:14:02,27.62,0.0,95,262344,买盘
13:14:05,27.61,-0.01,54,149081,卖盘
13:14:08,27.61,0.0,102,281531,买盘
13:14:11,27.59,-0.02,306,844555,卖盘
13:14:14,27.57,-0.02,79,217866,卖盘
13:14:17,27.55,-0.02,135,372020,卖盘
13:14:20,27.54,-0.01,99,272743,卖盘
13:14:23,27.55,0.01,104,286356,买盘
13:14:26,27.52,-0.03,142,391027,卖盘
13:14:29,27.53,0.01,56,154130,买盘
13:14:32,27.52,-0.01,187,514503,卖盘
13:14:35,27.49,-0.03,2143,5893648,卖盘
13:14:38,27.48,-0.01,166,456350,卖盘
13:14:41,27.48,0.0,228,626620,卖盘
13:14:44,27.48,0.0,156,428703,卖盘
13:14:47,27.48,0.0,67,184104,卖盘
13:14:50,27.48,0.0,146,401142,买盘
13:14:53,27.46,-0.02,44,120858,卖盘
13:14:56,27.46,0.0,200,549379,卖盘
13:14:59,27.45,-0.01,105,288351,卖盘
13:15:02,27.45,0.0,132,362381,卖盘
13:15:05,27.45,0.0,229,628637,卖盘
13:15:08,27.44,-0.01,161,441871,卖盘
13:15:11,27.43,-0.01,93,255154,卖盘
13:15:14,27.45,0.02,206,565231,买盘
13:15:17,27.45,0.0,47,128994,买盘
13:15:20,27.46,0.01,309,848112,买盘
13:15:23,27.45,-0.01,415,1138916,卖盘
13:15:26,27.47,0.02,57,156568,买盘
13:15:29,27.48,0.01,366,1004902,买盘
13:15:32,27.45,-0.03,337,925532,卖盘
13:15:35,27.45,0.0,143,392535,买盘
13:15:38,27.45,0.0,82,225090,买盘
13:15:41,27.47,0.02,34,93374,买盘
13:15:44,27.47,0.0,82,225166,买盘
13:15:47,27.45,-0.02,1068,2931184,卖盘
13:15:50,27.45,0.0,69,189424,买盘
13:15:53,27.46,0.01,84,230561,买盘
13:15:56,27.45,-0.01,50,137264,卖盘
13:15:59,27.46,0.01,98,269121,买盘
13:16:02,27.47,0.01,87,238978,买盘
13:16:05,27.46,-0.01,82,225163,卖盘
13:16:08,27.5,0.04,46,126337,买盘
13:16:11,27.5,0.0,28,76961,买盘
13:16:14,27.5,0.0,112,307809,买盘
13:16:17,27.47,-0.03,65,178583,卖盘
13:16:20,27.47,0.0,16,43950,买盘
13:16:23,27.47,0.0,273,749826,买盘
13:16:26,27.5,0.03,24,65969,买盘
13:16:29,27.47,-0.03,70,192350,卖盘
13:16:32,27.49,0.02,26,71446,买盘
13:16:35,27.49,0.0,148,406659,买盘
13:16:38,27.49,0.0,19,52221,买盘
13:16:41,27.49,0.0,56,153966,卖盘
13:16:44,27.5,0.01,165,453614,买盘
13:16:47,27.49,-0.01,99,272171,卖盘
13:16:50,27.49,0.0,119,327239,卖盘
13:16:53,27.49,0.0,173,475635,卖盘
13:16:56,27.5,0.01,272,747948,买盘
13:16:59,27.5,0.0,50,137500,买盘
13:17:02,27.5,0.0,268,737014,卖盘
13:17:05,27.51,0.01,292,802944,买盘
13:17:08,27.51,0.0,144,395981,买盘
13:17:11,27.51,0.0,82,225586,买盘
13:17:14,27.51,0.0,118,324548,卖盘
13:17:17,27.52,0.01,52,143061,买盘
13:17:20,27.52,0.0,20,55036,买盘
13:17:23,27.52,0.0,59,162356,买盘
13:17:26,27.52,0.0,17,46781,买盘
13:17:29,27.52,0.0,138,379728,卖盘
13:17:32,27.52,0.0,75,206468,卖盘
13:17:35,27.52,0.0,39,107360,卖盘
13:17:38,27.53,0.01,11,30283,中性盘
13:17:41,27.54,0.01,39,107389,买盘
13:17:44,27.55,0.01,19,52344,买盘
13:17:47,27.56,0.01,45,123970,买盘
13:17:50,27.55,-0.01,294,809858,卖盘
13:17:53,27.54,-0.01,82,225913,卖盘
13:17:56,27.56,0.02,133,366305,买盘
13:17:59,27.56,0.0,36,99206,卖盘
13:18:02,27.56,0.0,79,218127,卖盘
13:18:05,27.6,0.04,26,71693,中性盘
13:18:08,27.59,-0.01,52,143472,卖盘
13:18:11,27.59,0.0,49,135117,买盘
13:18:14,27.59,0.0,30,82770,买盘
13:18:17,27.62,0.03,59,162813,买盘
13:18:20,27.59,-0.03,15,41388,卖盘
13:18:23,27.59,0.0,185,510421,卖盘
13:18:26,27.61,0.02,74,204201,买盘
13:18:29,27.59,-0.02,39,107695,卖盘
13:18:32,27.61,0.02,48,132486,中性盘
13:18:35,27.62,0.01,22,60748,买盘
13:18:38,27.62,0.0,59,162919,买盘
13:18:41,27.61,-0.01,177,488812,卖盘
13:18:44,27.61,0.0,14,38654,买盘
13:18:47,27.6,-0.01,123,339452,卖盘
13:18:50,27.6,0.0,82,226300,买盘
13:18:53,27.59,-0.01,197,543498,卖盘
13:18:56,27.58,-0.01,122,336504,中性盘
13:18:59,27.56,-0.02,16,44106,卖盘
13:19:02,27.55,-0.01,241,664230,卖盘
13:19:05,27.56,0.01,55,151567,买盘
13:19:08,27.56,0.0,29,79905,买盘
13:19:11,27.55,-0.01,194,534654,卖盘
13:19:14,27.55,0.0,182,501329,买盘
13:19:17,27.54,-0.01,47,129479,卖盘
13:19:20,27.54,0.0,126,347015,卖盘
13:19:23,27.54,0.0,23,63332,买盘
13:19:26,27.52,-0.02,39,107362,卖盘
13:19:29,27.52,0.0,313,861271,卖盘
13:19:32,27.52,0.0,65,178868,买盘
13:19:35,27.52,0.0,60,165130,卖盘
13:19:38,27.52,0.0,67,184394,卖盘
13:19:41,27.52,0.0,41,112848,卖盘
13:19:44,27.53,0.01,17,46784,买盘
13:19:47,27.53,0.0,154,424005,买盘
13:19:50,27.52,-0.01,51,140344,卖盘
13:19:53,27.52,0.0,108,297181,买盘
13:19:56,27.51,-0.01,37,101791,卖盘
13:19:59,27.51,0.0,78,214585,买盘
13:20:02,27.52,0.01,146,401694,买盘
13:20:05,27.51,-0.01,71,195308,卖盘
13:20:08,27.51,0.0,30,82525,买盘
13:20:11,27.5,-0.01,218,599537,卖盘
13:20:14,27.51,0.01,62,170530,买盘
13:20:17,27.5,-0.01,113,310784,卖盘
13:20:20,27.5,0.0,100,275023,卖盘
13:20:23,27.51,0.01,45,123771,买盘
13:20:26,27.5,-0.01,84,231015,卖盘
13:20:29,27.51,0.01,175,481268,买盘
13:20:32,27.5,-0.01,67,184255,卖盘
13:20:35,27.5,0.0,22,60499,买盘
13:20:38,27.45,-0.05,979,2688722,卖盘
13:20:41,27.45,0.0,67,183874,买盘
13:20:44,27.43,-0.02,61,167396,卖盘
13:20:47,27.43,0.0,11,30176,卖盘
13:20:50,27.43,0.0,1167,3198470,卖盘
13:20:53,27.43,0.0,411,1127116,买盘
13:20:56,27.42,-0.01,24,65808,中性盘
13:20:59,27.38,-0.04,404,1106534,卖盘
13:21:02,27.41,0.03,78,213739,买盘
13:21:05,27.39,-0.02,61,167101,卖盘
13:21:08,27.4,0.01,91,249315,买盘
13:21:11,27.41,0.01,294,805201,中性盘
13:21:14,27.42,0.01,251,687987,买盘
13:21:17,27.42,0.0,76,208328,卖盘
13:21:20,27.42,0.0,31,85034,卖盘
13:21:23,27.46,0.04,77,211248,买盘
13:21:26,27.42,-0.04,96,263315,卖盘
13:21:29,27.43,0.01,115,315561,买盘
13:21:32,27.44,0.01,30,82310,买盘
13:21:35,27.46,0.02,71,194800,买盘
13:21:38,27.45,-0.01,24,65860,中性盘
13:21:41,27.46,0.01,230,631266,买盘
13:21:44,27.47,0.01,38,104359,买盘
13:21:47,27.46,-0.01,105,288367,卖盘
13:21:50,27.47,0.01,48,131856,买盘
13:21:53,27.48,0.01,39,107155,买盘
13:21:56,27.48,0.0,19,52212,买盘
13:21:59,27.49,0.01,67,184149,买盘
13:22:02,27.48,-0.01,40,109957,卖盘
13:22:05,27.5,0.02,46,126445,买盘
13:22:08,27.5,0.0,347,954245,买盘
13:22:11,27.5,0.0,26,71498,买盘
13:22:14,27.51,0.01,83,228233,买盘
13:22:17,27.52,0.01,46,126538,买盘
13:22:20,27.5,-0.02,82,225586,卖盘
13:22:23,27.53,0.03,17,46796,买盘
13:22:26,27.53,0.0,20,55058,买盘
13:22:29,27.53,0.0,277,762577,卖盘
13:22:32,27.54,0.01,52,143194,买盘
13:22:35,27.54,0.0,44,121171,买盘
13:22:38,27.54,0.0,75,206538,买盘
13:22:41,27.54,0.0,69,190019,卖盘
13:22:44,27.54,0.0,19,52317,买盘
13:22:47,27.53,-0.01,28,77085,卖盘
13:22:50,27.54,0.01,70,192711,买盘
13:22:53,27.55,0.01,179,493055,买盘
13:22:56,27.55,0.0,67,184585,卖盘
13:22:59,27.55,0.0,44,121253,买盘
13:23:02,27.55,0.0,14,38571,卖盘
13:23:05,27.57,0.02,123,338884,买盘
13:23:08,27.58,0.01,37,101986,买盘
13:23:11,27.58,0.0,104,286751,买盘
13:23:14,27.59,0.01,27,74480,买盘
13:23:17,27.59,0.0,92,253772,买盘
13:23:20,27.58,-0.01,84,231657,卖盘
13:23:23,27.57,-0.01,50,137850,卖盘
13:23:26,27.56,-0.01,49,135022,中性盘
13:23:29,27.56,0.0,87,239680,买盘
13:23:32,27.56,0.0,84,231533,买盘
13:23:35,27.55,-0.01,88,242505,卖盘
13:23:38,27.56,0.01,67,184518,买盘
13:23:41,27.53,-0.03,21,57827,卖盘
13:23:44,27.54,0.01,217,597419,买盘
13:23:47,27.54,0.0,77,212001,买盘
13:23:50,27.53,-0.01,69,190006,卖盘
13:23:53,27.53,0.0,220,605647,卖盘
13:23:56,27.51,-0.02,95,261430,卖盘
13:23:59,27.53,0.02,46,126638,买盘
13:24:02,27.53,0.0,44,121059,买盘
13:24:05,27.52,-0.01,34,93562,中性盘
13:24:08,27.5,-0.02,37,101846,卖盘
13:24:11,27.5,0.0,18,49515,卖盘
13:24:14,27.51,0.01,30,82503,买盘
13:24:17,27.51,0.0,153,420767,买盘
13:24:20,27.5,-0.01,24,66007,卖盘
13:24:23,27.5,0.0,55,151274,卖盘
13:24:26,27.5,0.0,63,173269,卖盘
13:24:29,27.5,0.0,673,1849809,卖盘
13:24:32,27.51,0.01,177,486764,买盘
13:24:35,27.51,0.0,50,137545,买盘
13:24:38,27.51,0.0,127,349328,买盘
13:24:41,27.51,0.0,35,96279,卖盘
13:24:44,27.51,0.0,72,198028,卖盘
13:24:47,27.5,-0.01,79,217245,卖盘
13:24:50,27.49,-0.01,18,49493,卖盘
13:24:53,27.51,0.02,39,107237,买盘
13:24:56,27.49,-0.02,365,1004048,卖盘
13:24:59,27.5,0.01,39,107230,买盘
13:25:02,27.51,0.01,39,107228,买盘
13:25:05,27.5,-0.01,54,148441,卖盘
13:25:08,27.5,0.0,39,107238,买盘
13:25:11,27.5,0.0,82,225521,卖盘
13:25:14,27.5,0.0,180,495027,卖盘
13:25:17,27.5,0.0,148,406904,买盘
13:25:20,27.51,0.01,31,85254,买盘
13:25:23,27.5,-0.01,114,313548,卖盘
13:25:26,27.5,0.0,93,255750,卖盘
13:25:29,27.49,-0.01,251,690226,卖盘
13:25:32,27.5,0.01,19,52234,买盘
13:25:35,27.48,-0.02,251,690024,卖盘
13:25:38,27.48,0.0,10,27475,买盘
13:25:41,27.49,0.01,40,109919,买盘
13:25:44,27.48,-0.01,88,241762,卖盘
13:25:47,27.49,0.01,86,236341,买盘
13:25:50,27.49,0.0,112,307901,买盘
13:25:53,27.49,0.0,79,217183,买盘
13:25:56,27.49,0.0,366,1006010,卖盘
13:25:59,27.49,0.0,63,173176,买盘
13:26:02,27.48,-0.01,44,120912,卖盘
13:26:05,27.48,0.0,508,1395989,卖盘
13:26:08,27.47,-0.01,107,294036,卖盘
13:26:11,27.48,0.01,47,129122,买盘
13:26:14,27.47,-0.01,189,519276,卖盘
13:26:17,27.49,0.02,85,233565,买盘
13:26:20,27.48,-0.01,63,173103,买盘
13:26:23,27.48,0.0,70,192307,买盘
13:26:26,27.47,-0.01,18,49447,中性盘
13:26:29,27.47,0.0,155,425745,买盘
13:26:32,27.47,0.0,63,173025,买盘
13:26:35,27.46,-0.01,36,98882,卖盘
13:26:38,27.47,0.01,5,13737,卖盘
13:26:41,27.47,0.0,39,107145,卖盘
13:26:44,27.47,0.0,127,348799,卖盘
13:26:47,27.47,0.0,11,30217,买盘
13:26:50,27.46,-0.01,105,288352,卖盘
13:26:53,27.46,0.0,39,107079,买盘
13:26:56,27.46,0.0,126,345943,买盘
13:26:59,27.46,0.0,238,653658,买盘
13:27:02,27.46,0.0,92,252604,买盘
13:27:05,27.46,0.0,63,173018,卖盘
13:27:08,27.46,0.0,34,93364,卖盘
13:27:11,27.46,0.0,280,768847,卖盘
13:27:14,27.46,0.0,92,252632,买盘
13:27:17,27.45,-0.01,161,441925,卖盘
13:27:20,27.45,0.0,106,291025,买盘
13:27:23,27.45,0.0,80,219616,卖盘
13:27:26,27.45,0.0,142,389846,卖盘
13:27:29,27.45,0.0,50,137258,卖盘
13:27:32,27.46,0.01,27,74139,买盘
