成交时间,成交价格,价格变动,成交量,成交金额,性质
09:25:02,4.34,0.0,59948,26017432,卖盘
09:30:02,4.35,0.01,6199,2694184,买盘
09:30:05,4.31,-0.04,8425,3654801,卖盘
09:30:08,4.3,-0.01,5400,2338054,卖盘
09:30:11,4.29,-0.01,5516,2380953,卖盘
09:30:14,4.33,0.04,1767,762086,买盘
09:30:17,4.29,-0.04,6047,2613710,卖盘
09:30:20,4.31,0.02,6928,2960640,买盘
09:30:23,4.32,0.01,6676,2888225,买盘
09:30:26,4.33,0.01,3084,1335442,买盘
09:30:29,4.34,0.01,3997,1728789,买盘
09:30:32,4.31,-0.03,5300,2291835,卖盘
09:30:35,4.32,0.01,6037,2596929,买盘
09:30:38,4.28,-0.04,2669,1149564,卖盘
09:30:41,4.3,0.02,3053,1310393,买盘
09:30:44,4.26,-0.04,2398,1026648,卖盘
09:30:47,4.25,-0.01,3243,1383407,卖盘
09:30:50,4.26,0.01,7338,3113390,买盘
09:30:53,4.27,0.01,3398,1448102,买盘
09:30:56,4.26,-0.01,2198,936720,卖盘
09:30:59,4.26,0.0,3078,1314683,卖盘
09:31:02,4.26,0.0,3095,1318557,买盘
09:31:05,4.24,-0.02,3228,1364336,卖盘
09:31:08,4.22,-0.02,918,387534,中性盘
09:31:11,4.24,0.02,9536,4056106,买盘
09:31:14,4.28,0.04,4291,1824527,买盘
09:31:17,4.24,-0.04,8271,3505012,卖盘
09:31:20,4.24,0.0,1125,477269,买盘
09:31:23,4.28,0.04,1753,749641,买盘
09:31:26,4.29,0.01,3033,1299929,买盘
09:31:29,4.3,0.01,3348,1439340,买盘
09:31:32,4.31,0.01,1231,529999,买盘
09:31:35,4.31,0.0,1129,486827,买盘
09:31:38,4.32,0.01,3665,1581534,买盘
09:31:41,4.31,-0.01,2632,1135833,卖盘
09:31:44,4.31,0.0,3733,1611703,买盘
09:31:47,4.29,-0.02,1548,666323,卖盘
09:31:50,4.29,0.0,963,413118,买盘
09:31:53,4.26,-0.03,2013,859636,卖盘
09:31:56,4.25,-0.01,1981,843387,卖盘
09:31:59,4.24,-0.01,250,106216,卖盘
09:32:02,4.21,-0.03,2095,885179,卖盘
09:32:05,4.19,-0.02,3527,1487373,卖盘
09:32:08,4.21,0.02,3366,1411889,买盘
09:32:11,4.19,-0.02,2032,851660,卖盘
09:32:14,4.19,0.0,911,381880,卖盘
09:32:17,4.18,-0.01,1907,797674,卖盘
09:32:20,4.19,0.01,2249,939303,买盘
09:32:23,4.18,-0.01,1218,507975,中性盘
09:32:26,4.16,-0.02,1478,616085,卖盘
09:32:29,4.16,0.0,3604,1494760,卖盘
09:32:32,4.15,-0.01,434,179048,中性盘
09:32:35,4.15,0.0,944,390044,卖盘
09:32:38,4.13,-0.02,350,144792,卖盘
09:32:41,4.12,-0.01,1889,779155,卖盘
09:32:44,4.13,0.01,889,367270,卖盘
09:32:47,4.15,0.02,3456,1429382,买盘
09:32:50,4.16,0.01,1117,463202,买盘
09:32:53,4.17,0.01,1681,698235,买盘
09:32:56,4.19,0.02,1183,492776,买盘
09:32:59,4.19,0.0,920,385190,买盘
09:33:02,4.21,0.02,3807,1602059,买盘
09:33:05,4.2,-0.01,2138,899170,卖盘
09:33:08,4.2,0.0,1183,496491,买盘
09:33:11,4.17,-0.03,3906,1629926,卖盘
09:33:14,4.17,0.0,1508,628647,买盘
09:33:17,4.16,-0.01,174,72496,卖盘
09:33:20,4.16,0.0,972,404754,卖盘
09:33:23,4.16,0.0,411,170932,买盘
09:33:26,4.16,0.0,1841,766915,买盘
09:33:29,4.17,0.01,254,105707,买盘
09:33:32,4.17,0.0,670,278969,买盘
09:33:35,4.17,0.0,4406,1843545,买盘
09:33:38,4.18,0.01,908,379136,买盘
09:33:41,4.17,-0.01,1234,515440,卖盘
09:33:44,4.2,0.03,2101,882092,买盘
09:33:47,4.2,0.0,289,121531,卖盘
09:33:50,4.16,-0.04,6338,2657943,卖盘
09:33:53,4.17,0.01,363,152673,卖盘
09:33:56,4.16,-0.01,2404,1000146,卖盘
09:33:59,4.18,0.02,1399,582940,买盘
09:34:02,4.19,0.01,358,149905,买盘
09:34:05,4.19,0.0,252,105551,买盘
09:34:08,4.19,0.0,277,116061,买盘
09:34:11,4.2,0.01,3346,1402256,买盘
09:34:14,4.2,0.0,913,383939,卖盘
09:34:17,4.22,0.02,238,100107,买盘
09:34:20,4.21,-0.01,1340,565330,卖盘
09:34:23,4.21,0.0,1065,448932,卖盘
09:34:26,4.22,0.01,507,213991,买盘
09:34:29,4.22,0.0,430,181810,卖盘
09:34:32,4.23,0.01,1126,476186,买盘
09:34:35,4.23,0.0,133,56318,中性盘
09:34:38,4.24,0.01,231,97919,买盘
09:34:41,4.23,-0.01,770,326151,卖盘
09:34:44,4.24,0.01,1596,675153,买盘
09:34:47,4.24,0.0,609,257967,买盘
09:34:50,4.23,-0.01,1185,502189,买盘
09:34:53,4.22,-0.01,706,298634,卖盘
09:34:56,4.23,0.01,1347,569534,买盘
09:34:59,4.23,0.0,509,215307,卖盘
09:35:02,4.23,0.0,1863,788096,卖盘
09:35:05,4.21,-0.02,1865,785517,卖盘
09:35:08,4.18,-0.03,1716,720192,卖盘
09:35:11,4.18,0.0,526,219962,卖盘
09:35:14,4.18,0.0,392,163974,卖盘
09:35:17,4.17,-0.01,4256,1772149,卖盘
09:35:20,4.18,0.01,955,399166,买盘
09:35:23,4.18,0.0,511,213806,卖盘
09:35:26,4.18,0.0,2125,889747,卖盘
09:35:29,4.2,0.02,3622,1523305,买盘
09:35:32,4.2,0.0,127,53363,卖盘
09:35:35,4.21,0.01,287,120654,买盘
09:35:38,4.21,0.0,5130,2146443,卖盘
09:35:41,4.21,0.0,403,169609,买盘
09:35:44,4.2,-0.01,1198,504242,卖盘
09:35:47,4.2,0.0,985,413618,买盘
09:35:50,4.19,-0.01,545,228557,卖盘
09:35:53,4.18,-0.01,76,31839,卖盘
09:35:56,4.19,0.01,931,390536,买盘
09:35:59,4.19,0.0,715,299573,卖盘
09:36:02,4.21,0.02,5661,2372761,买盘
09:36:05,4.22,0.01,1374,578998,买盘
09:36:08,4.21,-0.01,226,95241,卖盘
09:36:11,4.22,0.01,21,8862,买盘
09:36:14,4.21,-0.01,426,179301,卖盘
09:36:17,4.21,0.0,649,273667,卖盘
09:36:20,4.22,0.01,1693,714449,买盘
09:36:23,4.22,0.0,88,37141,卖盘
09:36:26,4.22,0.0,640,270451,卖盘
09:36:29,4.22,0.0,229,96635,卖盘
09:36:32,4.22,0.0,67,28262,买盘
09:36:35,4.21,-0.01,431,181934,卖盘
09:36:38,4.22,0.01,729,307554,买盘
09:36:41,4.22,0.0,224,94453,买盘
09:36:44,4.23,0.01,3561,1505238,买盘
09:36:47,4.23,0.0,2324,981752,卖盘
09:36:50,4.23,0.0,687,290118,卖盘
09:36:53,4.24,0.01,1075,455317,买盘
09:36:56,4.23,-0.01,206,87157,卖盘
09:36:59,4.23,0.0,361,152557,买盘
09:37:02,4.23,0.0,900,380265,买盘
09:37:05,4.22,-0.01,1336,565100,卖盘
09:37:08,4.24,0.02,76,32218,买盘
09:37:11,4.23,-0.01,226,95668,卖盘
09:37:14,4.23,0.0,268,113479,卖盘
09:37:17,4.25,0.02,2016,856263,买盘
09:37:20,4.25,0.0,742,315533,卖盘
09:37:23,4.26,0.01,1452,617504,买盘
09:37:26,4.26,0.0,591,252059,买盘
09:37:29,4.27,0.01,410,174728,买盘
09:37:32,4.26,-0.01,507,216114,卖盘
09:37:35,4.25,-0.01,1121,478543,卖盘
09:37:38,4.25,0.0,461,196575,卖盘
09:37:41,4.27,0.02,604,257334,买盘
09:37:44,4.27,0.0,841,359085,买盘
09:37:47,4.28,0.01,743,317811,买盘
09:37:50,4.28,0.0,1187,507996,买盘
09:37:53,4.28,0.0,228,97584,卖盘
09:37:56,4.29,0.01,7839,3363786,买盘
09:37:59,4.3,0.01,718,308149,买盘
09:38:02,4.34,0.04,11660,5026338,买盘
09:38:05,4.34,0.0,2721,1180536,买盘
09:38:08,4.33,-0.01,2498,1083888,卖盘
09:38:11,4.36,0.03,5526,2403794,买盘
09:38:14,4.36,0.0,1254,546156,买盘
09:38:17,4.35,-0.01,8508,3722061,卖盘
09:38:20,4.35,0.0,1204,523454,买盘
09:38:23,4.35,0.0,1567,680894,买盘
09:38:26,4.34,-0.01,2068,897849,中性盘
09:38:29,4.33,-0.01,628,271969,买盘
09:38:32,4.31,-0.02,3500,1508717,卖盘
09:38:35,4.3,-0.01,763,329437,卖盘
09:38:38,4.32,0.02,1381,594834,买盘
09:38:41,4.31,-0.01,633,273028,卖盘
09:38:44,4.31,0.0,1197,516614,卖盘
09:38:47,4.32,0.01,1556,671831,买盘
09:38:50,4.31,-0.01,974,420144,卖盘
09:38:53,4.32,0.01,1276,551119,买盘
09:38:56,4.32,0.0,957,413842,卖盘
09:38:59,4.34,0.02,1494,647535,买盘
09:39:02,4.34,0.0,476,206683,卖盘
09:39:05,4.35,0.01,1500,652050,买盘
09:39:08,4.34,-0.01,969,421075,卖盘
09:39:11,4.35,0.01,2444,1062179,买盘
09:39:14,4.34,-0.01,2694,1170774,买盘
09:39:17,4.34,0.0,1072,464723,买盘
09:39:20,4.33,-0.01,2007,867816,卖盘
09:39:23,4.34,0.01,805,349579,买盘
09:39:26,4.33,-0.01,1656,717376,卖盘
09:39:29,4.31,-0.02,726,313257,卖盘
09:39:32,4.3,-0.01,278,119865,卖盘
09:39:35,4.3,0.0,994,427633,卖盘
09:39:38,4.3,0.0,541,232390,买盘
09:39:41,4.3,0.0,1781,765804,买盘
09:39:44,4.3,0.0,1743,750820,卖盘
09:39:47,4.31,0.01,2898,1246504,买盘
09:39:50,4.31,0.0,1307,562341,卖盘
09:39:53,4.31,0.0,1893,814551,买盘
09:39:56,4.32,0.01,959,413415,买盘
09:39:59,4.31,-0.01,988,426637,卖盘
09:40:02,4.31,0.0,1464,631243,卖盘
09:40:05,4.31,0.0,4234,1825972,卖盘
09:40:08,4.31,0.0,309,133323,卖盘
09:40:11,4.31,0.0,418,180186,卖盘
09:40:14,4.32,0.01,441,190123,买盘
09:40:17,4.31,-0.01,2067,890885,卖盘
09:40:20,4.34,0.03,6277,2720910,买盘
09:40:23,4.35,0.01,1941,843017,买盘
09:40:26,4.34,-0.01,1643,712419,卖盘
09:40:29,4.34,0.0,2454,1068326,卖盘
09:40:32,4.34,0.0,269,116790,卖盘
09:40:35,4.33,-0.01,859,371792,卖盘
09:40:38,4.32,-0.01,1062,458763,卖盘
09:40:41,4.32,0.0,117,50538,买盘
09:40:44,4.32,0.0,328,141681,买盘
09:40:47,4.32,0.0,2330,1004605,买盘
09:40:50,4.32,0.0,615,265213,买盘
09:40:53,4.32,0.0,1242,536267,买盘
09:40:56,4.32,0.0,818,353321,买盘
09:40:59,4.32,0.0,446,192672,买盘
09:41:02,4.3,-0.02,818,352724,卖盘
09:41:05,4.3,0.0,99,42646,卖盘
09:41:08,4.29,-0.01,1190,511519,卖盘
09:41:11,4.29,0.0,1072,460204,买盘
09:41:14,4.29,0.0,273,117281,卖盘
09:41:17,4.3,0.01,3055,1314482,买盘
09:41:20,4.32,0.02,884,381577,买盘
09:41:23,4.32,0.0,2852,1233019,中性盘
09:41:26,4.33,0.01,1799,778372,买盘
09:41:29,4.32,-0.01,892,386528,卖盘
09:41:32,4.33,0.01,815,352968,卖盘
09:41:35,4.33,0.0,148,64147,卖盘
09:41:38,4.34,0.01,5522,2402473,买盘
09:41:41,4.34,0.0,485,210764,卖盘
09:41:44,4.35,0.01,683,296305,买盘
09:41:47,4.35,0.0,871,378832,买盘
09:41:50,4.35,0.0,625,272393,卖盘
09:41:53,4.35,0.0,841,366836,卖盘
09:41:56,4.38,0.03,4299,1880862,买盘
09:41:59,4.39,0.01,1304,572060,买盘
09:42:02,4.41,0.02,9492,4170251,买盘
09:42:05,4.41,0.0,1623,715096,买盘
09:42:08,4.37,-0.04,8957,3943300,卖盘
09:42:11,4.36,-0.01,1788,781730,卖盘
09:42:14,4.39,0.03,4705,2067311,买盘
09:42:17,4.37,-0.02,1602,700518,中性盘
09:42:20,4.38,0.01,1032,451359,中性盘
09:42:23,4.36,-0.02,838,366224,卖盘
09:42:26,4.36,0.0,2042,889861,买盘
09:42:29,4.35,-0.01,2493,1084749,卖盘
09:42:32,4.35,0.0,389,169253,买盘
09:42:35,4.34,-0.01,1369,594491,卖盘
09:42:38,4.34,0.0,469,203492,买盘
09:42:41,4.33,-0.01,3841,1663848,卖盘
09:42:44,4.34,0.01,379,164376,买盘
09:42:47,4.34,0.0,80,34720,卖盘
09:42:50,4.34,0.0,637,276489,买盘
09:42:53,4.34,0.0,532,230939,买盘
09:42:56,4.35,0.01,542,235641,买盘
09:42:59,4.35,0.0,244,106027,买盘
09:43:02,4.36,0.01,2528,1100184,买盘
09:43:05,4.34,-0.02,3267,1418622,卖盘
09:43:08,4.35,0.01,4125,1789575,买盘
09:43:11,4.36,0.01,617,268423,买盘
09:43:14,4.35,-0.01,1149,500730,卖盘
09:43:17,4.36,0.01,1160,505720,买盘
09:43:20,4.35,-0.01,1674,728258,卖盘
09:43:23,4.36,0.01,3951,1722987,买盘
09:43:26,4.36,0.0,161,70120,买盘
09:43:29,4.35,-0.01,703,306385,卖盘
09:43:32,4.38,0.03,3804,1663238,买盘
09:43:35,4.36,-0.02,373,163098,卖盘
09:43:38,4.36,0.0,344,149718,卖盘
09:43:41,4.36,0.0,129,56317,卖盘
09:43:44,4.36,0.0,1576,688702,卖盘
09:43:47,4.37,0.01,1606,701836,买盘
09:43:50,4.37,0.0,368,160579,买盘
09:43:53,4.36,-0.01,4595,2002404,卖盘
09:43:56,4.37,0.01,873,380429,买盘
09:43:59,4.36,-0.01,1441,628281,买盘
09:44:02,4.39,0.03,3498,1532065,买盘
09:44:05,4.37,-0.02,297,129669,中性盘
09:44:08,4.37,0.0,296,129585,买盘
09:44:11,4.38,0.01,678,296738,买盘
09:44:14,4.37,-0.01,248,108376,卖盘
09:44:17,4.37,0.0,860,375807,卖盘
09:44:20,4.37,0.0,1155,504734,买盘
09:44:23,4.36,-0.01,361,157396,卖盘
09:44:26,4.36,0.0,252,109857,买盘
09:44:29,4.36,0.0,1033,449380,买盘
09:44:32,4.35,-0.01,1703,742225,卖盘
09:44:35,4.35,0.0,1143,496643,买盘
09:44:38,4.34,-0.01,262,113660,中性盘
09:44:41,4.33,-0.01,1435,620591,卖盘
09:44:44,4.35,0.02,397,172131,买盘
09:44:47,4.34,-0.01,686,297724,卖盘
09:44:50,4.34,0.0,1699,738506,买盘
09:44:53,4.34,0.0,877,380457,卖盘
09:44:56,4.34,0.0,1717,746023,买盘
09:44:59,4.34,0.0,571,247311,卖盘
09:45:02,4.31,-0.03,3228,1390846,卖盘
09:45:05,4.32,0.01,963,416100,买盘
09:45:08,4.32,0.0,979,424051,卖盘
09:45:11,4.32,0.0,1010,437202,卖盘
09:45:14,4.31,-0.01,440,190479,卖盘
09:45:17,4.31,0.0,76,32824,卖盘
09:45:20,4.31,0.0,388,167402,卖盘
09:45:23,4.32,0.01,539,232330,买盘
09:45:26,4.32,0.0,390,168194,买盘
09:45:29,4.32,0.0,365,157528,买盘
09:45:32,4.32,0.0,1103,476247,买盘
09:45:35,4.33,0.01,1440,622103,买盘
09:45:38,4.32,-0.01,229,99057,卖盘
09:45:41,4.33,0.01,135,58469,买盘
09:45:44,4.33,0.0,357,154525,买盘
09:45:47,4.33,0.0,1112,481436,买盘
09:45:50,4.33,0.0,869,377086,卖盘
09:45:53,4.32,-0.01,862,372788,卖盘
09:45:56,4.33,0.01,214,92473,买盘
09:45:59,4.31,-0.02,55,23706,卖盘
09:46:02,4.31,0.0,47,20278,卖盘
09:46:05,4.32,0.01,242,104528,买盘
09:46:08,4.32,0.0,227,98098,卖盘
09:46:11,4.33,0.01,431,186508,买盘
09:46:14,4.33,0.0,219,94778,买盘
09:46:17,4.33,0.0,103,44600,卖盘
09:46:20,4.34,0.01,1558,674851,买盘
09:46:23,4.33,-0.01,114,49362,卖盘
09:46:26,4.34,0.01,301,130468,买盘
09:46:29,4.34,0.0,656,284076,买盘
09:46:32,4.34,0.0,2281,990005,卖盘
09:46:35,4.34,0.0,707,307121,卖盘
09:46:38,4.34,0.0,229,99562,卖盘
09:46:41,4.34,0.0,605,262570,卖盘
09:46:44,4.35,0.01,807,350868,买盘
09:46:47,4.35,0.0,69,29985,买盘
09:46:50,4.34,-0.01,166,72201,卖盘
09:46:53,4.35,0.01,947,411791,买盘
09:46:56,4.35,0.0,387,168464,卖盘
09:46:59,4.35,0.0,1500,654340,卖盘
09:47:02,4.35,0.0,131,57073,卖盘
09:47:05,4.36,0.01,444,193471,买盘
09:47:08,4.36,0.0,251,109539,买盘
09:47:11,4.34,-0.02,918,398994,卖盘
09:47:14,4.35,0.01,56,24325,买盘
09:47:17,4.35,0.0,190,82598,买盘
09:47:20,4.34,-0.01,185,80425,卖盘
09:47:23,4.35,0.01,2315,1006886,买盘
09:47:26,4.35,0.0,318,138080,买盘
09:47:29,4.34,-0.01,137,59491,卖盘
09:47:32,4.35,0.01,237,102990,买盘
09:47:35,4.35,0.0,263,114398,买盘
09:47:38,4.34,-0.01,1373,596170,卖盘
09:47:41,4.34,0.0,145,62938,买盘
09:47:44,4.34,0.0,102,44276,买盘
09:47:47,4.35,0.01,1164,506280,买盘
09:47:50,4.35,0.0,722,314037,卖盘
09:47:53,4.35,0.0,70,30475,卖盘
09:47:56,4.35,0.0,177,76995,卖盘
09:47:59,4.35,0.0,209,91020,卖盘
09:48:02,4.35,0.0,386,168006,卖盘
09:48:05,4.36,0.01,1253,545126,买盘
09:48:08,4.35,-0.01,144,62557,中性盘
09:48:11,4.35,0.0,13,5655,买盘
09:48:14,4.34,-0.01,43,18693,卖盘
09:48:17,4.35,0.01,104,45195,买盘
09:48:20,4.34,-0.01,398,172720,卖盘
09:48:23,4.34,0.0,114,49482,买盘
09:48:26,4.35,0.01,229,99410,买盘
09:48:29,4.34,-0.01,147,63811,卖盘
09:48:32,4.35,0.01,82,35605,买盘
09:48:35,4.35,0.0,885,384264,买盘
09:48:38,4.34,-0.01,437,189657,买盘
09:48:41,4.34,0.0,1180,512126,买盘
09:48:44,4.34,0.0,20,8680,卖盘
09:48:47,4.35,0.01,2311,1004971,买盘
09:48:50,4.37,0.02,4327,1886722,买盘
09:48:53,4.37,0.0,246,107334,卖盘
09:48:56,4.37,0.0,7,3053,买盘
09:48:59,4.36,-0.01,385,167952,卖盘
09:49:02,4.36,0.0,608,265070,卖盘
09:49:05,4.35,-0.01,222,96569,卖盘
09:49:08,4.35,0.0,497,216195,买盘
09:49:11,4.35,0.0,298,129622,买盘
09:49:14,4.35,0.0,1108,481393,卖盘
09:49:17,4.34,-0.01,99,43064,卖盘
09:49:20,4.34,0.0,1634,709565,卖盘
09:49:23,4.34,0.0,199,86343,买盘
09:49:26,4.33,-0.01,1309,566797,卖盘
09:49:29,4.31,-0.02,2966,1279815,卖盘
09:49:32,4.33,0.02,151,65195,买盘
09:49:35,4.31,-0.02,161,69391,卖盘
09:49:38,4.3,-0.01,2294,986434,卖盘
09:49:41,4.3,0.0,128,55038,买盘
09:49:44,4.29,-0.01,3308,1419324,卖盘
09:49:47,4.29,0.0,633,271646,卖盘
09:49:50,4.28,-0.01,599,256899,卖盘
09:49:53,4.28,0.0,693,296752,卖盘
09:49:56,4.27,-0.01,1034,442473,卖盘
09:49:59,4.28,0.01,1598,682688,中性盘
09:50:02,4.29,0.01,409,175263,买盘
09:50:05,4.29,0.0,822,351882,买盘
09:50:08,4.29,0.0,923,395662,买盘
09:50:11,4.29,0.0,2104,901745,买盘
09:50:14,4.29,0.0,796,341481,卖盘
09:50:17,4.29,0.0,1277,547833,卖盘
09:50:20,4.28,-0.01,1266,541602,卖盘
09:50:23,4.28,0.0,107,45784,买盘
09:50:26,4.27,-0.01,1077,459942,卖盘
09:50:29,4.26,-0.01,102,43534,卖盘
09:50:32,4.26,0.0,902,384904,卖盘
09:50:35,4.27,0.01,982,419169,买盘
09:50:38,4.27,0.0,490,208927,买盘
09:50:41,4.26,-0.01,307,131062,卖盘
09:50:44,4.26,0.0,375,159696,卖盘
09:50:47,4.27,0.01,2325,989611,买盘
09:50:50,4.25,-0.02,653,278022,卖盘
09:50:53,4.25,0.0,226,96105,卖盘
09:50:56,4.25,0.0,317,134537,卖盘
09:50:59,4.26,0.01,949,403544,买盘
09:51:02,4.26,0.0,889,378183,卖盘
09:51:05,4.26,0.0,465,197968,中性盘
09:51:08,4.27,0.01,169,72008,买盘
09:51:11,4.26,-0.01,849,361705,卖盘
09:51:14,4.27,0.01,811,345896,买盘
09:51:17,4.26,-0.01,570,243411,卖盘
09:51:20,4.27,0.01,61,26059,中性盘
09:51:23,4.28,0.01,207,88459,买盘
09:51:26,4.27,-0.01,1849,789731,卖盘
09:51:29,4.27,0.0,103,43981,买盘
09:51:32,4.27,0.0,48,20496,买盘
09:51:35,4.27,0.0,110,46950,买盘
09:51:38,4.27,0.0,682,291035,买盘
09:51:44,4.28,0.01,2368,1012596,买盘
09:51:47,4.27,-0.01,329,140500,卖盘
09:51:50,4.28,0.01,382,163252,买盘
09:51:53,4.27,-0.01,1159,494916,卖盘
09:51:56,4.27,0.0,644,274856,买盘
09:51:59,4.28,0.01,390,166610,买盘
09:52:02,4.28,0.0,9,3852,买盘
09:52:05,4.28,0.0,858,366400,买盘
09:52:08,4.27,-0.01,1824,778848,卖盘
09:52:11,4.27,0.0,383,163268,买盘
09:52:14,4.24,-0.03,2683,1141258,卖盘
09:52:17,4.24,0.0,7772,3269064,卖盘
09:52:20,4.24,0.0,162,68593,卖盘
09:52:23,4.21,-0.03,381,160478,卖盘
09:52:26,4.2,-0.01,246,103573,卖盘
09:52:29,4.18,-0.02,1455,610808,卖盘
09:52:32,4.18,0.0,2638,1104235,卖盘
09:52:35,4.17,-0.01,1218,509406,卖盘
09:52:38,4.17,0.0,647,269875,卖盘
09:52:41,4.17,0.0,959,401043,卖盘
09:52:44,4.19,0.02,1047,436923,买盘
09:52:47,4.2,0.01,2788,1163895,买盘
09:52:50,4.2,0.0,330,137997,买盘
09:52:53,4.2,0.0,2464,1029077,买盘
09:52:56,4.2,0.0,430,180488,买盘
09:52:59,4.2,0.0,725,304361,买盘
09:53:02,4.2,0.0,296,124296,买盘
09:53:05,4.2,0.0,86,36088,买盘
09:53:08,4.19,-0.01,622,260380,中性盘
09:53:11,4.19,0.0,551,230673,买盘
09:53:14,4.19,0.0,195,81757,中性盘
09:53:17,4.19,0.0,305,127982,卖盘
09:53:20,4.19,0.0,75,31488,卖盘
09:53:23,4.19,0.0,698,292518,卖盘
09:53:26,4.2,0.01,1853,778095,买盘
09:53:29,4.2,0.0,303,127222,买盘
09:53:32,4.2,0.0,2286,958556,买盘
09:53:35,4.19,-0.01,588,246343,卖盘
09:53:38,4.2,0.01,1449,607282,买盘
09:53:41,4.18,-0.02,1256,526029,卖盘
09:53:44,4.18,0.0,1294,541245,卖盘
09:53:47,4.18,0.0,1086,454668,卖盘
09:53:50,4.19,0.01,249,104214,买盘
09:53:53,4.19,0.0,574,239983,买盘
09:53:56,4.19,0.0,592,247528,买盘
09:53:59,4.19,0.0,485,203204,买盘
09:54:02,4.19,0.0,106,44360,买盘
09:54:05,4.19,0.0,158,66089,买盘
09:54:08,4.19,0.0,648,271028,买盘
09:54:11,4.18,-0.01,1266,529018,卖盘
09:54:14,4.17,-0.01,194,80958,卖盘
09:54:17,4.18,0.01,374,156307,买盘
09:54:20,4.17,-0.01,176,73484,卖盘
09:54:23,4.17,0.0,1694,706891,卖盘
09:54:26,4.17,0.0,305,127097,买盘
09:54:29,4.16,-0.01,310,129172,卖盘
09:54:32,4.17,0.01,571,237692,买盘
09:54:35,4.17,0.0,954,397304,买盘
09:54:38,4.16,-0.01,594,247724,卖盘
09:54:41,4.16,0.0,159,66225,卖盘
09:54:44,4.16,0.0,65,27068,卖盘
09:54:47,4.17,0.01,362,150776,买盘
09:54:50,4.17,0.0,698,291041,卖盘
09:54:53,4.17,0.0,115,47958,卖盘
09:54:56,4.18,0.01,157,65481,买盘
09:54:59,4.18,0.0,68,28383,买盘
09:55:02,4.18,0.0,456,190589,买盘
09:55:05,4.18,0.0,49,20450,买盘
09:55:08,4.18,0.0,450,188098,买盘
09:55:11,4.18,0.0,108,45125,买盘
09:55:14,4.19,0.01,406,169821,买盘
09:55:17,4.18,-0.01,618,258263,中性盘
09:55:20,4.19,0.01,434,181629,买盘
09:55:23,4.18,-0.01,595,248720,卖盘
09:55:26,4.18,0.0,198,82764,买盘
09:55:29,4.18,0.0,84,35110,买盘
09:55:32,4.18,0.0,46,19231,卖盘
09:55:35,4.2,0.02,950,398052,买盘
09:55:38,4.2,0.0,951,399360,买盘
09:55:41,4.2,0.0,42,17642,卖盘
09:55:44,4.21,0.01,235,98917,买盘
09:55:47,4.2,-0.01,266,111957,卖盘
09:55:50,4.2,0.0,544,228671,卖盘
09:55:53,4.2,0.0,589,247031,卖盘
09:55:56,4.2,0.0,311,130579,买盘
09:55:59,4.19,-0.01,525,219953,卖盘
09:56:02,4.19,0.0,207,86728,买盘
09:56:05,4.19,0.0,1034,432959,买盘
09:56:08,4.18,-0.01,304,127346,卖盘
09:56:11,4.18,0.0,478,199975,卖盘
09:56:14,4.18,0.0,1095,458499,卖盘
09:56:17,4.18,0.0,105,43902,卖盘
09:56:20,4.18,0.0,53,22164,卖盘
09:56:23,4.18,0.0,120,50165,卖盘
09:56:26,4.19,0.01,209,87436,买盘
09:56:29,4.19,0.0,153,64003,买盘
09:56:32,4.19,0.0,154,64526,买盘
09:56:35,4.19,0.0,202,84633,买盘
09:56:38,4.19,0.0,177,74058,买盘
09:56:41,4.19,0.0,270,113027,买盘
09:56:44,4.18,-0.01,91,38117,卖盘
09:56:47,4.19,0.01,160,66999,买盘
09:56:50,4.18,-0.01,2502,1046098,卖盘
09:56:53,4.18,0.0,1371,572093,买盘
09:56:56,4.18,0.0,123,51329,买盘
09:56:59,4.17,-0.01,767,319863,卖盘
09:57:02,4.16,-0.01,3018,1255279,卖盘
09:57:05,4.15,-0.01,1529,634540,卖盘
09:57:08,4.14,-0.01,1711,708653,卖盘
09:57:11,4.13,-0.01,2813,1161783,卖盘
09:57:14,4.12,-0.01,2991,1236107,卖盘
09:57:17,4.12,0.0,696,286962,卖盘
09:57:20,4.11,-0.01,3968,1631974,卖盘
09:57:23,4.12,0.01,1018,419060,买盘
09:57:26,4.11,-0.01,8886,3648228,卖盘
09:57:29,4.09,-0.02,1489,610495,卖盘
09:57:32,4.09,0.0,778,318866,卖盘
09:57:35,4.08,-0.01,2924,1194158,卖盘
09:57:38,4.06,-0.02,1017,414290,卖盘
09:57:41,4.07,0.01,303,123369,买盘
09:57:44,4.08,0.01,1477,601307,买盘
09:57:47,4.07,-0.01,1188,483325,卖盘
09:57:50,4.08,0.01,961,392085,买盘
09:57:53,4.08,0.0,582,237456,买盘
09:57:56,4.08,0.0,1522,620090,买盘
09:57:59,4.07,-0.01,795,324092,卖盘
09:58:02,4.08,0.01,372,151727,买盘
09:58:05,4.09,0.01,205,83667,买盘
09:58:08,4.08,-0.01,285,116289,卖盘
09:58:11,4.09,0.01,1695,693067,买盘
09:58:14,4.1,0.01,161,65993,买盘
09:58:17,4.1,0.0,316,129697,卖盘
09:58:20,4.13,0.03,235,97036,买盘
09:58:23,4.11,-0.02,116,47885,卖盘
09:58:26,4.13,0.02,43,17755,中性盘
09:58:29,4.13,0.0,628,259505,卖盘
09:58:32,4.13,0.0,724,298716,买盘
09:58:35,4.13,0.0,4111,1694219,买盘
09:58:38,4.14,0.01,671,277241,买盘
09:58:41,4.14,0.0,677,279771,买盘
09:58:44,4.14,0.0,484,200369,买盘
09:58:47,4.15,0.01,994,411790,买盘
09:58:50,4.14,-0.01,1239,512446,卖盘
09:58:53,4.14,0.0,1678,693284,买盘
09:58:56,4.11,-0.03,682,281384,卖盘
09:58:59,4.1,-0.01,294,121170,卖盘
09:59:02,4.09,-0.01,3838,1572735,卖盘
09:59:05,4.1,0.01,311,127287,买盘
09:59:08,4.1,0.0,909,372490,买盘
09:59:11,4.09,-0.01,413,169065,卖盘
09:59:14,4.08,-0.01,4677,1912359,卖盘
09:59:17,4.09,0.01,742,303038,中性盘
09:59:20,4.08,-0.01,924,377082,卖盘
09:59:23,4.09,0.01,247,100832,买盘
09:59:26,4.08,-0.01,2264,925885,卖盘
09:59:29,4.09,0.01,337,137599,卖盘
09:59:32,4.1,0.01,362,147959,买盘
09:59:35,4.09,-0.01,978,400799,卖盘
09:59:38,4.12,0.03,203,83106,买盘
09:59:41,4.09,-0.03,598,244835,卖盘
09:59:44,4.1,0.01,87,35603,买盘
09:59:47,4.12,0.02,71,29238,买盘
09:59:50,4.1,-0.02,86,35260,卖盘
09:59:53,4.1,0.0,164,67330,卖盘
09:59:56,4.1,0.0,1172,480484,买盘
09:59:59,4.1,0.0,77,31557,买盘
10:00:02,4.1,0.0,287,117630,买盘
10:00:05,4.1,0.0,1046,428649,买盘
10:00:08,4.1,0.0,158,64776,买盘
10:00:11,4.1,0.0,575,235543,买盘
10:00:14,4.1,0.0,4014,1643815,买盘
10:00:17,4.1,0.0,126,51555,买盘
10:00:20,4.1,0.0,774,316958,买盘
10:00:23,4.09,-0.01,1913,782170,卖盘
10:00:26,4.09,0.0,122,49896,买盘
10:00:29,4.07,-0.02,3138,1279914,卖盘
10:00:32,4.06,-0.01,1950,793420,卖盘
10:00:35,4.06,0.0,500,203495,卖盘
10:00:38,4.06,0.0,5647,2289919,卖盘
10:00:41,4.06,0.0,1145,464917,买盘
10:00:44,4.06,0.0,382,154918,买盘
10:00:47,4.06,0.0,796,322458,买盘
10:00:50,4.05,-0.01,525,212708,卖盘
10:00:53,4.06,0.01,3192,1290531,买盘
10:00:56,4.05,-0.01,620,251088,卖盘
10:00:59,4.04,-0.01,438,177213,卖盘
10:01:02,4.04,0.0,855,346033,卖盘
10:01:05,4.04,0.0,927,375199,卖盘
10:01:08,4.04,0.0,401,162017,卖盘
10:01:11,4.04,0.0,331,133642,买盘
10:01:14,4.03,-0.01,146,58934,卖盘
10:01:17,4.04,0.01,1631,656723,买盘
10:01:20,4.03,-0.01,2087,837853,中性盘
10:01:23,4.03,0.0,795,320109,买盘
10:01:26,4.04,0.01,442,178201,买盘
10:01:29,4.04,0.0,430,173428,买盘
10:01:32,4.03,-0.01,296,119467,卖盘
10:01:35,4.04,0.01,2676,1080245,买盘
10:01:38,4.04,0.0,75,30319,卖盘
10:01:41,4.05,0.01,420,170044,买盘
10:01:44,4.05,0.0,244,98758,买盘
10:01:47,4.05,0.0,614,248702,买盘
10:01:50,4.06,0.01,73,29579,买盘
10:01:53,4.06,0.0,221,89724,买盘
10:01:56,4.05,-0.01,337,136813,卖盘
10:01:59,4.05,0.0,198,80241,卖盘
10:02:02,4.06,0.01,150,60894,买盘
10:02:05,4.06,0.0,133,53961,买盘
10:02:08,4.05,-0.01,1396,565572,卖盘
10:02:11,4.04,-0.01,6046,2444976,卖盘
10:02:14,4.04,0.0,307,123999,买盘
10:02:17,4.04,0.0,273,110108,买盘
10:02:20,4.04,0.0,121,48920,卖盘
10:02:23,4.04,0.0,1101,444854,卖盘
10:02:26,4.03,-0.01,278,112381,卖盘
10:02:29,4.03,0.0,26,10508,卖盘
10:02:32,4.05,0.02,462,186483,买盘
10:02:35,4.04,-0.01,378,152712,卖盘
10:02:38,4.04,0.0,568,229267,买盘
10:02:41,4.04,0.0,159,64196,买盘
10:02:44,4.03,-0.01,2643,1065769,卖盘
10:02:47,4.04,0.01,494,199385,买盘
10:02:50,4.04,0.0,831,335156,买盘
10:02:53,4.04,0.0,479,193080,买盘
10:02:56,4.04,0.0,117,47230,买盘
10:02:59,4.03,-0.01,1071,431823,卖盘
10:03:02,4.03,0.0,1058,425927,买盘
10:03:05,4.03,0.0,409,164822,买盘
10:03:08,4.03,0.0,2223,895780,买盘
10:03:11,4.03,0.0,2715,1092118,买盘
10:03:14,4.02,-0.01,99,39818,卖盘
10:03:17,4.03,0.01,374,150671,买盘
10:03:20,4.02,-0.01,1430,575303,卖盘
10:03:23,4.02,0.0,402,161683,卖盘
10:03:26,4.02,0.0,474,190602,卖盘
10:03:29,4.02,0.0,537,215874,卖盘
10:03:32,4.01,-0.01,3954,1585884,卖盘
10:03:35,4.01,0.0,982,394749,卖盘
10:03:38,4.01,0.0,575,230811,卖盘
10:03:41,4.01,0.0,692,277792,卖盘
10:03:44,4.01,0.0,740,297163,卖盘
10:03:47,4.01,0.0,508,203889,卖盘
10:03:50,4.01,0.0,6057,2424337,卖盘
10:03:53,4.01,0.0,1408,563482,买盘
10:03:56,4.0,-0.01,1070,428188,卖盘
10:03:59,4.0,0.0,319,127734,买盘
10:04:02,3.99,-0.01,494,197571,卖盘
10:04:05,4.0,0.01,587,234941,中性盘
10:04:08,4.0,0.0,545,217896,卖盘
10:04:11,4.01,0.01,251,100459,卖盘
10:04:14,4.0,-0.01,410,164163,卖盘
10:04:17,4.01,0.01,500,200521,买盘
10:04:20,4.01,0.0,548,219480,买盘
10:04:23,4.02,0.01,917,367401,买盘
10:04:26,4.02,0.0,113,45489,中性盘
10:04:29,4.02,0.0,275,110736,卖盘
10:04:32,4.02,0.0,159,63958,卖盘
10:04:35,4.03,0.01,395,159062,买盘
10:04:38,4.04,0.01,31,12491,买盘
10:04:41,4.04,0.0,25,10082,买盘
10:04:44,4.04,0.0,346,139780,买盘
10:04:47,4.04,0.0,338,136545,买盘
10:04:50,4.04,0.0,1273,513129,买盘
10:04:53,4.04,0.0,618,249648,买盘
10:04:56,4.04,0.0,150,60473,买盘
10:04:59,4.03,-0.01,163,65787,卖盘
10:05:02,4.04,0.01,177,71506,买盘
10:05:05,4.04,0.0,82,33123,买盘
10:05:08,4.03,-0.01,630,253890,卖盘
10:05:11,4.03,0.0,285,114849,买盘
10:05:14,4.02,-0.01,353,142175,卖盘
10:05:17,4.02,0.0,435,175280,卖盘
10:05:20,4.03,0.01,537,216461,买盘
10:05:23,4.03,0.0,351,141463,卖盘
10:05:26,4.03,0.0,102,41176,卖盘
10:05:29,4.04,0.01,157,63403,买盘
10:05:32,4.04,0.0,530,213610,买盘
10:05:35,4.03,-0.01,429,172887,卖盘
10:05:38,4.03,0.0,225,90675,买盘
10:05:41,4.03,0.0,496,199860,买盘
10:05:44,4.03,0.0,114,45901,买盘
10:05:47,4.03,0.0,413,166363,买盘
10:05:50,4.02,-0.01,161,64818,卖盘
10:05:53,4.03,0.01,167,67278,买盘
10:05:56,4.03,0.0,802,322979,买盘
10:05:59,4.03,0.0,260,104780,买盘
10:06:02,4.03,0.0,71,28613,卖盘
10:06:05,4.03,0.0,1332,537423,卖盘
10:06:08,4.03,0.0,22,8868,卖盘
10:06:11,4.03,0.0,1317,531781,卖盘
10:06:14,4.04,0.01,183,73912,买盘
10:06:17,4.04,0.0,756,305124,买盘
10:06:20,4.04,0.0,147,59331,买盘
10:06:23,4.04,0.0,26,10504,买盘
10:06:26,4.03,-0.01,60,24236,卖盘
10:06:29,4.04,0.01,95,38370,买盘
10:06:32,4.04,0.0,614,248009,买盘
10:06:35,4.04,0.0,185,74739,卖盘
10:06:38,4.04,0.0,188,75952,买盘
10:06:41,4.05,0.01,279,112791,买盘
10:06:44,4.04,-0.01,54,21848,卖盘
10:06:47,4.05,0.01,66,26700,买盘
10:06:50,4.05,0.0,82,33210,买盘
10:06:53,4.05,0.0,1319,533450,买盘
10:06:56,4.05,0.0,185,74914,买盘
10:06:59,4.05,0.0,361,146098,买盘
10:07:02,4.05,0.0,432,174846,买盘
10:07:05,4.05,0.0,398,161180,买盘
10:07:08,4.04,-0.01,1468,593290,卖盘
10:07:11,4.04,0.0,272,109888,买盘
10:07:14,4.04,0.0,146,58980,买盘
10:07:17,4.03,-0.01,568,229314,卖盘
10:07:20,4.04,0.01,316,127504,买盘
10:07:23,4.03,-0.01,25,10085,卖盘
10:07:26,4.03,0.0,62,25015,卖盘
10:07:29,4.03,0.0,789,318167,卖盘
10:07:32,4.04,0.01,41,16550,买盘
10:07:35,4.04,0.0,146,58944,买盘
10:07:38,4.04,0.0,12,4847,买盘
10:07:41,4.04,0.0,37,14947,买盘
10:07:44,4.04,0.0,11,4444,买盘
10:07:47,4.04,0.0,194,78376,买盘
10:07:50,4.04,0.0,25,10100,买盘
10:07:53,4.04,0.0,89,35956,买盘
10:07:56,4.03,-0.01,1352,545081,卖盘
10:07:59,4.03,0.0,1409,567837,卖盘
10:08:02,4.03,0.0,74,29822,买盘
10:08:05,4.03,0.0,413,166439,买盘
10:08:08,4.02,-0.01,90,36268,卖盘
10:08:11,4.01,-0.01,7428,2983272,卖盘
10:08:14,4.0,-0.01,1222,489523,卖盘
10:08:17,4.01,0.01,86,34486,买盘
10:08:20,4.0,-0.01,8088,3235249,卖盘
10:08:23,3.99,-0.01,2055,820649,卖盘
10:08:26,4.0,0.01,1318,526158,买盘
10:08:29,3.99,-0.01,961,383514,卖盘
10:08:32,3.99,0.0,749,298404,买盘
10:08:35,3.98,-0.01,300,119569,卖盘
10:08:38,3.98,0.0,2502,996133,卖盘
10:08:41,3.97,-0.01,6937,2747189,卖盘
10:08:44,3.95,-0.02,148,58476,卖盘
10:08:47,3.94,-0.01,1409,555707,卖盘
10:08:50,3.94,0.0,3665,1432911,卖盘
10:08:53,3.93,-0.01,1130,441052,买盘
10:08:56,3.92,-0.01,527,206416,卖盘
10:08:59,3.93,0.01,727,284802,买盘
10:09:02,3.92,-0.01,606,237660,卖盘
10:09:05,3.93,0.01,1554,609154,买盘
10:09:08,3.91,-0.02,854,334314,卖盘
10:09:11,3.93,0.02,645,252586,买盘
10:09:14,3.93,0.0,596,234384,卖盘
10:09:17,3.94,0.01,1968,773581,买盘
10:09:20,3.94,0.0,1214,478321,买盘
10:09:23,3.95,0.01,388,153267,买盘
10:09:26,3.97,0.02,24,9482,买盘
10:09:29,3.97,0.0,68,26957,买盘
10:09:32,3.98,0.01,147,58391,买盘
10:09:35,3.99,0.01,425,168845,买盘
10:09:38,3.99,0.0,372,148320,买盘
10:09:41,3.97,-0.02,458,182409,卖盘
10:09:44,3.98,0.01,847,337358,中性盘
10:09:47,3.98,0.0,487,194125,买盘
10:09:50,3.99,0.01,468,186054,买盘
10:09:53,3.98,-0.01,939,373735,卖盘
10:09:56,3.98,0.0,457,181906,卖盘
10:09:59,3.98,0.0,265,105550,卖盘
10:10:02,3.98,0.0,178,70956,卖盘
10:10:05,3.99,0.01,78,31120,买盘
10:10:08,3.98,-0.01,391,155852,卖盘
10:10:11,3.98,0.0,566,225326,卖盘
10:10:14,3.99,0.01,475,189180,买盘
10:10:17,3.98,-0.01,31,12368,卖盘
10:10:20,3.98,0.0,849,337937,卖盘
10:10:23,3.98,0.0,83,33084,中性盘
10:10:26,3.98,0.0,166,66175,卖盘
10:10:29,3.98,0.0,290,115380,卖盘
10:10:32,3.99,0.01,332,132239,买盘
10:10:35,3.98,-0.01,44,17546,中性盘
10:10:38,3.99,0.01,31,12363,买盘
10:10:41,3.98,-0.01,133,53052,卖盘
10:10:44,3.99,0.01,40,15960,买盘
10:10:47,3.99,0.0,194,77406,买盘
10:10:50,3.99,0.0,726,289674,卖盘
10:10:53,3.99,0.0,109,43583,卖盘
10:10:56,4.0,0.01,7,2800,买盘
10:10:59,4.0,0.0,9,3593,买盘
10:11:02,4.0,0.0,71,28396,买盘
10:11:05,4.0,0.0,293,117198,买盘
10:11:08,3.99,-0.01,458,183169,卖盘
10:11:11,4.0,0.01,557,222800,买盘
10:11:14,4.0,0.0,219,87600,卖盘
10:11:17,4.0,0.0,102,40801,卖盘
10:11:20,4.0,0.0,328,131473,卖盘
10:11:23,3.99,-0.01,423,169251,卖盘
10:11:26,4.0,0.01,376,150400,买盘
10:11:29,3.99,-0.01,847,338101,卖盘
10:11:32,4.0,0.01,489,195408,买盘
10:11:35,4.0,0.0,6,2400,买盘
10:11:38,3.99,-0.01,440,175580,卖盘
10:11:41,3.99,0.0,180,71917,卖盘
10:11:44,3.99,0.0,635,253365,卖盘
10:11:47,4.0,0.01,151,60334,买盘
10:11:50,3.99,-0.01,162,64638,卖盘
10:11:53,3.99,0.0,416,165970,买盘
10:11:56,3.99,0.0,201,80194,买盘
10:11:59,3.99,0.0,125,49798,买盘
10:12:02,3.99,0.0,178,71021,买盘
10:12:05,3.99,0.0,22,8779,卖盘
10:12:08,3.99,0.0,547,218253,卖盘
10:12:11,3.99,0.0,54,21544,买盘
10:12:14,3.99,0.0,118,47138,卖盘
10:12:17,3.99,0.0,159,63447,卖盘
10:12:20,3.99,0.0,195,77844,中性盘
10:12:23,3.99,0.0,212,84737,卖盘
10:12:26,3.99,0.0,60,23962,卖盘
10:12:29,3.99,0.0,67,26743,卖盘
10:12:32,3.98,-0.01,77,30720,卖盘
10:12:35,3.99,0.01,110,43887,买盘
10:12:38,3.99,0.0,243,96947,买盘
10:12:41,3.99,0.0,89,35476,卖盘
10:12:44,3.99,0.0,50,19968,买盘
10:12:47,3.99,0.0,128,51072,卖盘
10:12:50,3.99,0.0,11,4391,卖盘
10:12:53,3.99,0.0,356,142374,卖盘
10:12:56,3.99,0.0,143,57069,卖盘
10:12:59,3.99,0.0,107,42693,卖盘
10:13:02,3.99,0.0,165,65985,卖盘
10:13:05,3.99,0.0,455,181672,卖盘
10:13:08,4.0,0.01,199,79593,买盘
10:13:11,4.0,0.0,856,342396,买盘
10:13:14,4.0,0.0,5,2000,卖盘
10:13:17,4.0,0.0,32,12800,卖盘
10:13:20,4.01,0.01,305,122301,买盘
10:13:23,4.01,0.0,778,311784,买盘
10:13:26,4.01,0.0,193,77365,买盘
10:13:29,4.01,0.0,256,102656,卖盘
10:13:32,4.01,0.0,245,98245,买盘
10:13:35,4.01,0.0,123,49240,买盘
10:13:38,3.98,-0.03,2524,1008541,卖盘
10:13:41,3.99,0.01,331,131957,买盘
10:13:44,3.99,0.0,809,322767,买盘
10:13:47,3.99,0.0,245,97751,买盘
10:13:50,3.99,0.0,104,41481,买盘
10:13:53,3.99,0.0,257,102543,买盘
10:13:56,3.98,-0.01,209,83355,卖盘
10:13:59,3.98,0.0,247,98527,卖盘
10:14:02,3.98,0.0,430,171326,卖盘
10:14:05,3.99,0.01,31,12355,买盘
10:14:08,3.98,-0.01,40,15920,卖盘
10:14:11,3.99,0.01,6188,2462961,买盘
10:14:14,3.98,-0.01,495,197006,卖盘
10:14:17,3.98,0.0,54,21470,买盘
10:14:20,3.97,-0.01,102,40494,卖盘
10:14:23,3.97,0.0,88,34996,卖盘
10:14:26,3.96,-0.01,1066,422825,卖盘
10:14:29,3.96,0.0,42,16629,买盘
10:14:32,3.95,-0.01,194,76704,卖盘
10:14:35,3.96,0.01,25,9891,买盘
10:14:38,3.95,-0.01,1713,677665,卖盘
10:14:41,3.95,0.0,180,71095,买盘
10:14:44,3.95,0.0,749,295251,买盘
10:14:47,3.95,0.0,363,143366,买盘
10:14:50,3.95,0.0,300,118440,买盘
10:14:53,3.95,0.0,341,134475,买盘
10:14:56,3.94,-0.01,1005,396192,卖盘
10:14:59,3.94,0.0,156,61457,买盘
10:15:02,3.94,0.0,395,155680,买盘
10:15:05,3.94,0.0,1420,558677,卖盘
10:15:08,3.95,0.01,109,42970,买盘
10:15:11,3.94,-0.01,163,64236,卖盘
10:15:14,3.94,0.0,333,131238,卖盘
10:15:17,3.95,0.01,1045,412579,买盘
10:15:20,3.94,-0.01,1513,597472,卖盘
10:15:23,3.95,0.01,51,20145,卖盘
10:15:26,3.95,0.0,272,107458,卖盘
10:15:29,3.96,0.01,64,25283,中性盘
10:15:32,3.96,0.0,9,3564,卖盘
10:15:35,3.97,0.01,6,2382,买盘
10:15:38,3.97,0.0,55,21835,卖盘
10:15:41,3.98,0.01,12,4776,买盘
10:15:44,3.98,0.0,21,8358,买盘
10:15:47,3.99,0.01,411,163351,买盘
10:15:50,3.98,-0.01,31,12338,卖盘
10:15:53,3.98,0.0,136,54258,卖盘
10:15:56,3.98,0.0,68,27064,卖盘
10:15:59,3.98,0.0,363,144474,卖盘
10:16:02,3.99,0.01,209,83161,买盘
10:16:05,3.98,-0.01,74,29450,中性盘
10:16:08,3.98,0.0,40,15913,买盘
10:16:11,3.98,0.0,120,47720,买盘
10:16:14,3.98,0.0,331,131762,卖盘
10:16:17,3.98,0.0,70,27918,卖盘
10:16:20,3.98,0.0,194,77284,卖盘
10:16:23,3.98,0.0,44,17518,卖盘
10:16:29,3.99,0.01,9,3467,买盘
10:16:32,3.98,-0.01,889,354015,卖盘
10:16:35,3.98,0.0,39,15520,买盘
10:16:38,3.98,0.0,130,51722,买盘
10:16:41,3.99,0.01,841,334596,买盘
10:16:44,3.96,-0.03,440,174711,卖盘
10:16:47,3.97,0.01,317,125727,买盘
10:16:50,3.97,0.0,95,37682,买盘
10:16:53,3.97,0.0,32,12703,买盘
10:16:56,3.96,-0.01,156,61778,卖盘
10:16:59,3.95,-0.01,10120,3979041,卖盘
10:17:02,3.96,0.01,187,73950,买盘
10:17:05,3.95,-0.01,195,77078,中性盘
10:17:08,3.95,0.0,59,23304,买盘
10:17:11,3.93,-0.02,352,138650,卖盘
10:17:14,3.92,-0.01,70,27479,卖盘
10:17:17,3.93,0.01,91,35693,买盘
10:17:20,3.92,-0.01,446,174811,卖盘
10:17:23,3.93,0.01,898,352352,买盘
10:17:26,3.92,-0.01,596,233633,卖盘
10:17:29,3.92,0.0,731,286774,卖盘
10:17:32,3.92,0.0,123,48275,卖盘
10:17:35,3.93,0.01,227,89097,买盘
10:17:38,3.92,-0.01,481,188602,卖盘
10:17:41,3.93,0.01,117,45949,买盘
10:17:44,3.93,0.0,177,69467,买盘
10:17:47,3.94,0.01,51,20051,买盘
10:17:50,3.93,-0.01,67,26344,卖盘
10:17:53,3.93,0.0,87,34272,卖盘
10:17:56,3.93,0.0,284,111756,卖盘
10:17:59,3.93,0.0,27,10612,卖盘
10:18:02,3.93,0.0,72,28326,卖盘
10:18:05,3.93,0.0,1552,609942,卖盘
10:18:08,3.93,0.0,801,314067,买盘
10:18:11,3.93,0.0,288,112921,买盘
10:18:14,3.92,-0.01,241,94482,卖盘
10:18:17,3.92,0.0,59,23129,卖盘
10:18:20,3.93,0.01,247,96998,买盘
10:18:23,3.93,0.0,1107,433947,买盘
10:18:26,3.92,-0.01,508,199318,卖盘
10:18:29,3.93,0.01,435,170792,买盘
10:18:32,3.92,-0.01,243,95295,卖盘
10:18:35,3.92,0.0,220,86239,买盘
10:18:38,3.92,0.0,254,99451,买盘
10:18:41,3.93,0.01,25,9820,买盘
10:18:44,3.92,-0.01,140,54991,卖盘
10:18:47,3.92,0.0,131,51363,卖盘
10:18:50,3.9,-0.02,9493,3707226,卖盘
10:18:53,3.9,0.0,1143,444932,买盘
10:18:56,3.89,-0.01,393,153061,卖盘
10:18:59,3.89,0.0,4724,1836803,卖盘
10:19:02,3.89,0.0,1843,715200,买盘
10:19:05,3.88,-0.01,342,132625,买盘
10:19:08,3.89,0.01,1001,388274,买盘
10:19:11,3.89,0.0,290,112551,买盘
10:19:14,3.88,-0.01,572,222135,卖盘
10:19:17,3.9,0.02,1101,428123,买盘
10:19:20,3.88,-0.02,763,296795,卖盘
10:19:23,3.9,0.02,466,181636,买盘
10:19:26,3.89,-0.01,58,22562,卖盘
10:19:29,3.9,0.01,1240,482616,买盘
10:19:32,3.9,0.0,1713,668032,买盘
10:19:35,3.9,0.0,942,366375,买盘
10:19:38,3.9,0.0,996,388418,买盘
10:19:41,3.9,0.0,302,117770,买盘
10:19:44,3.9,0.0,479,186688,买盘
10:19:47,3.89,-0.01,3982,1550942,卖盘
10:19:50,3.89,0.0,214,83246,买盘
10:19:53,3.89,0.0,1972,765232,买盘
10:19:56,3.88,-0.01,315,122226,买盘
10:19:59,3.88,0.0,37,14376,卖盘
10:20:02,3.88,0.0,330,127853,卖盘
10:20:05,3.87,-0.01,1704,659869,卖盘
10:20:08,3.88,0.01,2349,909465,买盘
10:20:11,3.87,-0.01,318,123511,卖盘
10:20:14,3.87,0.0,939,364855,卖盘
10:20:17,3.88,0.01,287,111081,买盘
10:20:20,3.87,-0.01,602,232931,卖盘
10:20:23,3.87,0.0,2848,1102383,卖盘
10:20:26,3.87,0.0,213,82549,卖盘
10:20:29,3.87,0.0,215,83284,卖盘
10:20:32,3.87,0.0,554,214439,卖盘
10:20:35,3.87,0.0,320,123840,买盘
10:20:38,3.88,0.01,67,25988,买盘
10:20:41,3.88,0.0,191,73998,买盘
10:20:44,3.87,-0.01,1187,459425,卖盘
10:20:47,3.86,-0.01,510,197339,卖盘
10:20:50,3.88,0.02,379,146693,买盘
10:20:53,3.87,-0.01,753,291461,卖盘
10:20:56,3.85,-0.02,4950,1910560,卖盘
10:20:59,3.86,0.01,55,21260,中性盘
10:21:02,3.86,0.0,56,21641,卖盘
10:21:05,3.87,0.01,486,187709,买盘
10:21:08,3.87,0.0,487,188032,买盘
10:21:11,3.86,-0.01,538,207604,卖盘
10:21:14,3.86,0.0,177,68353,买盘
10:21:17,3.86,0.0,198,76428,买盘
10:21:20,3.85,-0.01,180,69385,卖盘
10:21:23,3.86,0.01,123,47473,买盘
10:21:26,3.86,0.0,405,156054,买盘
10:21:29,3.86,0.0,229,88392,买盘
10:21:32,3.86,0.0,375,144464,买盘
10:21:35,3.86,0.0,597,230105,卖盘
10:21:38,3.87,0.01,132,51004,买盘
10:21:41,3.86,-0.01,117,45172,卖盘
10:21:44,3.86,0.0,1194,460935,卖盘
10:21:47,3.87,0.01,934,360955,买盘
10:21:50,3.86,-0.01,36,13901,卖盘
10:21:53,3.87,0.01,128,49505,买盘
10:21:56,3.87,0.0,1120,432686,买盘
10:21:59,3.87,0.0,104,40211,买盘
10:22:02,3.87,0.0,27,10449,卖盘
10:22:05,3.88,0.01,202,78345,买盘
10:22:08,3.88,0.0,345,133760,买盘
10:22:11,3.88,0.0,207,80311,买盘
10:22:14,3.88,0.0,121,46943,买盘
10:22:17,3.88,0.0,582,225807,买盘
10:22:20,3.87,-0.01,994,385609,卖盘
10:22:23,3.88,0.01,282,109383,买盘
10:22:26,3.88,0.0,846,328244,买盘
10:22:29,3.88,0.0,148,57424,卖盘
10:22:32,3.89,0.01,255,99161,买盘
10:22:35,3.89,0.0,62,24109,买盘
10:22:38,3.89,0.0,265,103080,买盘
10:22:41,3.89,0.0,239,92966,买盘
10:22:44,3.89,0.0,144,55978,买盘
10:22:47,3.9,0.01,36,14030,买盘
10:22:50,3.9,0.0,26,10128,买盘
10:22:53,3.9,0.0,193,75270,买盘
10:22:56,3.91,0.01,245,95553,买盘
10:22:59,3.9,-0.01,36,14040,卖盘
10:23:02,3.91,0.01,1358,529730,买盘
10:23:05,3.91,0.0,963,376267,买盘
10:23:08,3.91,0.0,307,120038,卖盘
10:23:11,3.92,0.01,862,336685,买盘
10:23:14,3.92,0.0,161,63053,买盘
10:23:17,3.92,0.0,102,39940,买盘
10:23:20,3.92,0.0,361,141463,买盘
10:23:23,3.9,-0.02,322,125691,卖盘
10:23:26,3.9,0.0,794,311076,买盘
10:23:29,3.92,0.02,46,18032,买盘
10:23:32,3.9,-0.02,228,88953,卖盘
10:23:35,3.9,0.0,153,59670,买盘
10:23:38,3.9,0.0,248,96675,买盘
10:23:41,3.9,0.0,1005,391944,买盘
10:23:44,3.89,-0.01,918,357219,卖盘
10:23:47,3.89,0.0,120,46680,买盘
10:23:50,3.88,-0.01,81,31455,卖盘
10:23:53,3.89,0.01,91,35355,买盘
10:23:56,3.88,-0.01,131,50844,卖盘
10:23:59,3.89,0.01,617,239866,买盘
10:24:02,3.89,0.0,238,92532,买盘
10:24:05,3.89,0.0,30,11668,买盘
10:24:08,3.89,0.0,135,52494,买盘
10:24:11,3.89,0.0,155,60294,买盘
10:24:14,3.89,0.0,250,97209,买盘
10:24:17,3.88,-0.01,1499,581723,卖盘
10:24:20,3.88,0.0,389,150932,买盘
10:24:23,3.89,0.01,125,48511,买盘
10:24:26,3.88,-0.01,3,1164,卖盘
10:24:29,3.88,0.0,156,60528,卖盘
10:24:32,3.87,-0.01,26,10087,卖盘
10:24:35,3.87,0.0,93,36083,卖盘
10:24:38,3.87,0.0,55,21290,卖盘
10:24:41,3.87,0.0,1245,482946,卖盘
10:24:44,3.88,0.01,1127,436279,买盘
10:24:47,3.87,-0.01,69,26687,中性盘
10:24:50,3.87,0.0,61,23607,买盘
10:24:53,3.87,0.0,358,138550,买盘
10:24:56,3.88,0.01,202,78194,买盘
10:24:59,3.88,0.0,444,172133,买盘
10:25:02,3.89,0.01,1177,456678,买盘
10:25:05,3.88,-0.01,24,9312,卖盘
10:25:08,3.88,0.0,110,42777,卖盘
10:25:11,3.89,0.01,585,227056,卖盘
10:25:14,3.89,0.0,31,12038,买盘
10:25:17,3.88,-0.01,1487,577334,卖盘
10:25:20,3.88,0.0,57,22116,买盘
10:25:23,3.87,-0.01,286,110953,卖盘
10:25:26,3.88,0.01,30,11640,买盘
10:25:29,3.88,0.0,16,6208,卖盘
10:25:32,3.88,0.0,393,152500,卖盘
10:25:35,3.9,0.02,44,17108,买盘
10:25:38,3.9,0.0,1111,433290,买盘
10:25:41,3.9,0.0,229,89306,买盘
10:25:44,3.91,0.01,14,5473,买盘
10:25:47,3.91,0.0,55,21505,买盘
10:25:50,3.92,0.01,7,2744,买盘
10:25:53,3.92,0.0,505,197956,买盘
10:25:56,3.92,0.0,150,58700,买盘
10:25:59,3.92,0.0,403,157711,买盘
10:26:02,3.92,0.0,745,291695,买盘
10:26:05,3.92,0.0,195,76320,买盘
10:26:08,3.92,0.0,508,199367,卖盘
10:26:11,3.93,0.01,147,57672,买盘
10:26:14,3.93,0.0,21,8253,买盘
10:26:17,3.92,-0.01,636,249397,卖盘
10:26:20,3.92,0.0,400,156459,买盘
10:26:23,3.92,0.0,67,26264,买盘
10:26:26,3.91,-0.01,190,74290,卖盘
10:26:29,3.91,0.0,208,81148,买盘
10:26:32,3.9,-0.01,10,3900,卖盘
10:26:35,3.9,0.0,499,194610,卖盘
10:26:38,3.89,-0.01,421,163771,卖盘
10:26:41,3.89,0.0,1,389,买盘
10:26:44,3.88,-0.01,223,86542,卖盘
10:26:47,3.89,0.01,69,26825,买盘
10:26:53,3.89,0.0,297,115361,买盘
10:26:56,3.89,0.0,141,54849,买盘
10:26:59,3.89,0.0,365,141848,买盘
10:27:02,3.89,0.0,68,26452,卖盘
10:27:05,3.89,0.0,432,168048,卖盘
10:27:08,3.89,0.0,293,113973,买盘
10:27:11,3.88,-0.01,2828,1097317,卖盘
10:27:14,3.9,0.02,86,33478,买盘
10:27:17,3.89,-0.01,286,111254,卖盘
10:27:20,3.89,0.0,213,82839,买盘
10:27:23,3.88,-0.01,439,170594,卖盘
10:27:26,3.89,0.01,34,13226,买盘
10:27:29,3.89,0.0,64,24883,买盘
10:27:32,3.89,0.0,283,110088,卖盘
10:27:35,3.9,0.01,396,154415,买盘
10:27:41,3.89,-0.01,211,82098,卖盘
10:27:44,3.9,0.01,95,36994,买盘
10:27:47,3.89,-0.01,275,106981,卖盘
10:27:50,3.91,0.02,744,290614,买盘
10:27:53,3.92,0.01,8,3132,买盘
10:27:56,3.9,-0.02,350,136500,卖盘
10:27:59,3.9,0.0,164,64214,卖盘
10:28:02,3.92,0.02,23,9016,买盘
10:28:05,3.91,-0.01,525,205285,卖盘
10:28:08,3.91,0.0,499,195248,卖盘
10:28:11,3.91,0.0,62,24279,卖盘
10:28:14,3.91,0.0,1459,570594,卖盘
10:28:17,3.91,0.0,169,66084,买盘
10:28:20,3.91,0.0,832,325099,买盘
10:28:23,3.91,0.0,92,35953,买盘
10:28:26,3.9,-0.01,182,70980,卖盘
10:28:29,3.91,0.01,36,14075,买盘
10:28:32,3.91,0.0,32,12464,买盘
10:28:35,3.91,0.0,13,5083,买盘
10:28:38,3.9,-0.01,568,222165,卖盘
10:28:41,3.91,0.01,77,30107,中性盘
10:28:44,3.91,0.0,72,28152,买盘
10:28:47,3.9,-0.01,334,130260,卖盘
10:28:50,3.9,0.0,672,262589,卖盘
10:28:53,3.91,0.01,18,7038,买盘
10:28:56,3.91,0.0,384,150144,买盘
10:28:59,3.91,0.0,115,44957,中性盘
10:29:02,3.91,0.0,343,134113,卖盘
10:29:05,3.91,0.0,279,109030,买盘
10:29:08,3.91,0.0,278,108659,买盘
10:29:11,3.91,0.0,136,53137,卖盘
10:29:14,3.91,0.0,448,175026,买盘
10:29:17,3.9,-0.01,268,104686,卖盘
10:29:20,3.91,0.01,253,98884,买盘
10:29:23,3.9,-0.01,85,33211,卖盘
10:29:29,3.91,0.01,139,54292,买盘
10:29:32,3.9,-0.01,1133,441900,卖盘
10:29:35,3.91,0.01,516,201357,买盘
10:29:38,3.9,-0.01,260,101400,卖盘
10:29:41,3.91,0.01,215,83956,买盘
10:29:44,3.91,0.0,358,139925,买盘
10:29:47,3.9,-0.01,190,74190,卖盘
10:29:50,3.91,0.01,55,21497,买盘
10:29:53,3.91,0.0,156,60900,买盘
10:29:56,3.91,0.0,183,71392,买盘
10:29:59,3.9,-0.01,424,165360,卖盘
10:30:02,3.91,0.01,21,8192,买盘
10:30:05,3.9,-0.01,236,92074,卖盘
10:30:08,3.91,0.01,19,7429,买盘
10:30:11,3.91,0.0,63,24601,买盘
10:30:14,3.91,0.0,465,181770,买盘
10:30:17,3.9,-0.01,97,37858,卖盘
10:30:20,3.9,0.0,83,32375,卖盘
10:30:23,3.9,0.0,424,165441,卖盘
10:30:26,3.9,0.0,83,32325,买盘
10:30:29,3.9,0.0,297,115554,买盘
10:30:32,3.9,0.0,30,11700,卖盘
10:30:35,3.9,0.0,100,39081,卖盘
10:30:38,3.9,0.0,255,99220,买盘
10:30:41,3.91,0.01,68,26512,买盘
10:30:44,3.9,-0.01,299,116385,中性盘
10:30:47,3.9,0.0,100,38983,买盘
10:30:50,3.9,0.0,110,42900,卖盘
10:30:53,3.91,0.01,17,6632,买盘
10:30:56,3.91,0.0,427,166830,买盘
10:30:59,3.91,0.0,71,27742,买盘
10:31:02,3.91,0.0,110,42949,买盘
10:31:05,3.91,0.0,109,42594,买盘
10:31:08,3.9,-0.01,180,70323,卖盘
10:31:11,3.9,0.0,303,118170,卖盘
10:31:14,3.9,0.0,180,70226,卖盘
10:31:17,3.91,0.01,87,33993,买盘
10:31:20,3.9,-0.01,2,780,卖盘
10:31:23,3.9,0.0,238,93035,卖盘
10:31:26,3.91,0.01,66,25806,买盘
10:31:29,3.91,0.0,99,38709,卖盘
10:31:32,3.91,0.0,104,40664,卖盘
10:31:35,3.91,0.0,20,7820,买盘
10:31:38,3.9,-0.01,56,21840,卖盘
10:31:41,3.91,0.01,132,51489,买盘
10:31:44,3.91,0.0,67,26185,买盘
10:31:47,3.91,0.0,9,3512,买盘
10:31:50,3.9,-0.01,129,50312,卖盘
10:31:53,3.89,-0.01,569,221883,卖盘
10:31:56,3.9,0.01,344,133877,买盘
10:31:59,3.9,0.0,209,81409,买盘
10:32:02,3.89,-0.01,384,149384,卖盘
10:32:05,3.89,0.0,4360,1693199,卖盘
10:32:08,3.88,-0.01,241,93508,卖盘
10:32:11,3.88,0.0,172,66748,卖盘
10:32:14,3.89,0.01,152,58984,买盘
10:32:17,3.89,0.0,347,134651,买盘
10:32:20,3.89,0.0,427,165781,买盘
10:32:23,3.89,0.0,132,51240,买盘
10:32:26,3.89,0.0,29,11257,买盘
10:32:29,3.88,-0.01,42,16322,卖盘
10:32:32,3.88,0.0,114,44232,卖盘
10:32:35,3.88,0.0,122,47316,买盘
10:32:38,3.88,0.0,87,33756,卖盘
10:32:41,3.87,-0.01,3164,1225154,卖盘
10:32:44,3.87,0.0,754,291531,买盘
10:32:47,3.86,-0.01,85,32849,卖盘
10:32:50,3.86,0.0,295,113980,卖盘
10:32:53,3.86,0.0,160,61786,卖盘
10:32:56,3.86,0.0,610,235469,卖盘
10:32:59,3.86,0.0,246,94986,卖盘
10:33:02,3.87,0.01,1030,397615,买盘
10:33:05,3.87,0.0,4185,1614025,买盘
10:33:08,3.86,-0.01,559,215525,买盘
10:33:11,3.86,0.0,539,208282,卖盘
10:33:14,3.88,0.02,53,20518,买盘
10:33:17,3.87,-0.01,1092,420154,卖盘
10:33:20,3.86,-0.01,248,95890,卖盘
10:33:23,3.86,0.0,400,154400,买盘
10:33:26,3.85,-0.01,286,110221,卖盘
10:33:29,3.86,0.01,286,110197,买盘
10:33:32,3.85,-0.01,172,66223,卖盘
10:33:35,3.86,0.01,749,287753,买盘
10:33:38,3.85,-0.01,635,244136,卖盘
10:33:41,3.85,0.0,1057,406375,卖盘
10:33:44,3.84,-0.01,631,242374,卖盘
10:33:47,3.83,-0.01,167,64039,卖盘
10:33:50,3.83,0.0,141,54068,卖盘
10:33:53,3.84,0.01,656,251841,买盘
10:33:56,3.84,0.0,493,189050,买盘
10:33:59,3.83,-0.01,2069,794140,卖盘
10:34:02,3.83,0.0,705,271063,卖盘
10:34:05,3.85,0.02,20,7700,中性盘
10:34:08,3.84,-0.01,512,196687,卖盘
10:34:11,3.84,0.0,112,43104,卖盘
10:34:14,3.85,0.01,46,17710,买盘
10:34:17,3.85,0.0,289,111123,买盘
10:34:20,3.85,0.0,157,60462,卖盘
10:34:23,3.87,0.02,1321,510585,买盘
10:34:26,3.85,-0.02,80,30785,卖盘
10:34:29,3.85,0.0,156,60060,买盘
10:34:32,3.87,0.02,26,10024,买盘
10:34:35,3.87,0.0,58,22446,卖盘
10:34:38,3.85,-0.02,25,9625,卖盘
10:34:41,3.86,0.01,157,60650,中性盘
10:34:44,3.85,-0.01,135,52026,卖盘
10:34:47,3.86,0.01,92,35488,买盘
10:34:50,3.86,0.0,157,60528,买盘
10:34:53,3.86,0.0,160,61760,买盘
10:34:56,3.87,0.01,231,89211,买盘
10:34:59,3.87,0.0,118,45754,买盘
10:35:02,3.87,0.0,86,33282,买盘
10:35:05,3.89,0.02,377,146308,买盘
10:35:08,3.88,-0.01,52,20183,卖盘
10:35:11,3.89,0.01,367,142401,买盘
10:35:14,3.88,-0.01,1,388,卖盘
10:35:17,3.89,0.01,223,86586,买盘
10:35:20,3.89,0.0,63,24507,买盘
10:35:23,3.89,0.0,41,15927,买盘
10:35:26,3.89,0.0,74,28786,买盘
10:35:29,3.89,0.0,192,74688,买盘
10:35:32,3.89,0.0,1115,433672,买盘
10:35:35,3.89,0.0,75,29158,卖盘
10:35:38,3.89,0.0,114,44285,买盘
10:35:41,3.88,-0.01,469,182011,卖盘
10:35:44,3.89,0.01,785,304981,买盘
10:35:47,3.89,0.0,483,187887,卖盘
10:35:50,3.9,0.01,254,98816,买盘
10:35:53,3.89,-0.01,142,55210,中性盘
10:35:56,3.89,0.0,623,242259,买盘
10:35:59,3.9,0.01,87,33859,买盘
10:36:02,3.9,0.0,482,187528,买盘
10:36:05,3.89,-0.01,84,32676,卖盘
10:36:08,3.9,0.01,805,313394,买盘
10:36:11,3.9,0.0,25,9730,买盘
10:36:17,3.89,-0.01,310,120612,卖盘
10:36:20,3.89,0.0,32,12463,卖盘
10:36:23,3.89,0.0,518,201813,卖盘
10:36:26,3.89,0.0,644,250679,卖盘
10:36:29,3.89,0.0,187,72763,卖盘
10:36:32,3.88,-0.01,27,10502,卖盘
10:36:35,3.89,0.01,15,5835,买盘
10:36:38,3.89,0.0,9,3501,卖盘
10:36:41,3.89,0.0,107,41623,卖盘
10:36:44,3.89,0.0,271,105499,卖盘
10:36:47,3.89,0.0,138,53638,买盘
10:36:50,3.88,-0.01,208,80769,卖盘
10:36:53,3.88,0.0,151,58588,卖盘
10:36:56,3.89,0.01,223,86687,买盘
10:36:59,3.89,0.0,20,7780,买盘
10:37:02,3.88,-0.01,80,31042,卖盘
10:37:05,3.88,0.0,51,19796,卖盘
10:37:08,3.89,0.01,252,97784,买盘
10:37:11,3.88,-0.01,386,149922,卖盘
10:37:14,3.88,0.0,251,97388,卖盘
10:37:17,3.89,0.01,191,74299,买盘
10:37:20,3.88,-0.01,121,47059,卖盘
10:37:23,3.89,0.01,23,8947,买盘
10:37:26,3.89,0.0,27,10503,卖盘
10:37:29,3.89,0.0,208,80973,卖盘
10:37:32,3.88,-0.01,56,21763,卖盘
10:37:35,3.88,0.0,221,85748,卖盘
10:37:38,3.88,0.0,11,4270,卖盘
10:37:41,3.88,0.0,103,39964,卖盘
10:37:44,3.88,0.0,213,82743,买盘
10:37:47,3.88,0.0,47,18236,卖盘
10:37:53,3.88,0.0,53,20564,卖盘
10:37:56,3.87,-0.01,22,8518,卖盘
10:37:59,3.88,0.01,63,24385,买盘
10:38:02,3.87,-0.01,249,96363,卖盘
10:38:05,3.87,0.0,150,58050,卖盘
10:38:08,3.87,0.0,36,13948,卖盘
10:38:11,3.88,0.01,82,31816,买盘
10:38:14,3.87,-0.01,21,8127,卖盘
10:38:17,3.88,0.01,50,19400,买盘
10:38:20,3.87,-0.01,348,134693,卖盘
10:38:23,3.88,0.01,79,30586,卖盘
10:38:26,3.87,-0.01,82,31841,卖盘
10:38:29,3.88,0.01,10,3880,买盘
10:38:32,3.88,0.0,222,85986,买盘
10:38:35,3.87,-0.01,131,50801,卖盘
10:38:38,3.88,0.01,29,11247,买盘
10:38:44,3.88,0.0,40,15520,卖盘
10:38:47,3.87,-0.01,26,10062,卖盘
10:38:50,3.87,0.0,202,78295,卖盘
10:38:53,3.87,0.0,15,5805,卖盘
10:38:56,3.87,0.0,147,56889,卖盘
10:38:59,3.87,0.0,951,368146,卖盘
10:39:02,3.87,0.0,18,6966,买盘
10:39:05,3.87,0.0,117,45279,卖盘
10:39:08,3.87,0.0,185,71595,卖盘
10:39:11,3.87,0.0,113,43708,买盘
10:39:14,3.87,0.0,66,25484,买盘
10:39:17,3.87,0.0,201,77787,卖盘
10:39:20,3.87,0.0,17,6579,买盘
10:39:23,3.86,-0.01,6,2316,卖盘
10:39:26,3.86,0.0,87,33637,卖盘
10:39:29,3.86,0.0,21,8109,卖盘
10:39:32,3.86,0.0,120,46322,卖盘
10:39:35,3.86,0.0,336,129696,卖盘
10:39:38,3.86,0.0,198,76693,卖盘
10:39:41,3.86,0.0,177,68322,卖盘
10:39:44,3.88,0.02,21,8146,买盘
10:39:47,3.87,-0.01,108,41796,卖盘
10:39:50,3.87,0.0,38,14688,卖盘
10:39:53,3.87,0.0,70,27090,买盘
10:39:56,3.86,-0.01,72,27792,卖盘
10:39:59,3.86,0.0,530,204779,卖盘
10:40:02,3.87,0.01,355,137345,买盘
10:40:05,3.87,0.0,22,8514,买盘
10:40:08,3.86,-0.01,155,59835,卖盘
10:40:11,3.87,0.01,92,35579,买盘
10:40:14,3.88,0.01,334,129208,买盘
10:40:17,3.88,0.0,40,15481,买盘
10:40:20,3.87,-0.01,138,53412,卖盘
10:40:23,3.87,0.0,426,165744,买盘
10:40:26,3.86,-0.01,293,113143,卖盘
10:40:29,3.87,0.01,50,19350,买盘
10:40:32,3.87,0.0,205,79335,卖盘
10:40:35,3.88,0.01,36,13968,卖盘
10:40:38,3.89,0.01,71,27541,买盘
10:40:41,3.88,-0.01,122,47336,卖盘
10:40:44,3.89,0.01,52,20182,买盘
10:40:47,3.88,-0.01,175,67904,卖盘
10:40:50,3.87,-0.01,146,56507,卖盘
10:40:53,3.88,0.01,369,142972,买盘
10:40:56,3.88,0.0,112,43456,买盘
10:40:59,3.88,0.0,528,204867,买盘
10:41:02,3.88,0.0,3,1164,卖盘
10:41:05,3.88,0.0,85,32980,卖盘
10:41:08,3.88,0.0,283,109882,卖盘
10:41:11,3.88,0.0,657,255239,卖盘
10:41:14,3.88,0.0,16,6247,卖盘
10:41:17,3.88,0.0,214,83032,卖盘
10:41:20,3.88,0.0,11,4268,卖盘
10:41:23,3.89,0.01,109,42372,买盘
10:41:26,3.89,0.0,45,17502,卖盘
10:41:29,3.9,0.01,95,36968,买盘
10:41:32,3.89,-0.01,130,50570,卖盘
10:41:35,3.89,0.0,110,42737,买盘
10:41:38,3.9,0.01,148,57575,买盘
10:41:41,3.89,-0.01,438,170445,卖盘
10:41:44,3.9,0.01,22,8571,买盘
10:41:47,3.89,-0.01,50,19460,卖盘
10:41:50,3.9,0.01,4,1560,买盘
10:41:53,3.89,-0.01,72,28026,卖盘
10:41:56,3.89,0.0,361,140496,卖盘
10:41:59,3.89,0.0,62,24060,买盘
10:42:02,3.9,0.01,223,86573,买盘
10:42:05,3.89,-0.01,48,18672,卖盘
10:42:08,3.9,0.01,212,82680,买盘
10:42:11,3.9,0.0,63,24540,买盘
10:42:14,3.89,-0.01,34,13226,卖盘
10:42:17,3.9,0.01,56,21840,买盘
10:42:20,3.9,0.0,203,79056,买盘
10:42:23,3.88,-0.02,2160,838341,卖盘
10:42:26,3.89,0.01,616,239287,买盘
10:42:29,3.9,0.01,20,7800,买盘
10:42:32,3.88,-0.02,383,148992,卖盘
10:42:35,3.88,0.0,90,34942,卖盘
10:42:38,3.88,0.0,307,119118,卖盘
10:42:41,3.88,0.0,263,102044,卖盘
10:42:44,3.88,0.0,326,126488,卖盘
10:42:47,3.88,0.0,1892,732242,买盘
10:42:50,3.88,0.0,151,58441,买盘
10:42:53,3.88,0.0,242,93921,买盘
10:42:56,3.89,0.01,41,15951,中性盘
10:43:02,3.89,0.0,145,56266,买盘
10:43:05,3.88,-0.01,217,84196,卖盘
10:43:08,3.88,0.0,190,73720,卖盘
10:43:11,3.89,0.01,606,234977,买盘
10:43:14,3.87,-0.02,208,80566,卖盘
10:43:17,3.88,0.01,120,46560,卖盘
10:43:20,3.88,0.0,5,1940,买盘
10:43:26,3.88,0.0,68,26350,买盘
10:43:29,3.87,-0.01,121,46827,卖盘
10:43:32,3.88,0.01,289,111853,买盘
10:43:35,3.88,0.0,10,3880,买盘
10:43:38,3.88,0.0,53,20564,买盘
10:43:41,3.88,0.0,252,97826,卖盘
10:43:47,3.89,0.01,5,1945,买盘
10:43:50,3.88,-0.01,41,15918,卖盘
10:43:53,3.88,0.0,124,48150,卖盘
10:43:56,3.88,0.0,70,27160,卖盘
10:43:59,3.88,0.0,511,198269,卖盘
10:44:02,3.89,0.01,12,4668,买盘
10:44:05,3.88,-0.01,51,19793,卖盘
10:44:08,3.89,0.01,188,72976,买盘
10:44:11,3.88,-0.01,32,12424,卖盘
10:44:14,3.89,0.01,116,45017,买盘
10:44:17,3.88,-0.01,39,15132,卖盘
10:44:20,3.88,0.0,25,9700,卖盘
10:44:23,3.89,0.01,205,79541,买盘
10:44:26,3.89,0.0,374,145181,买盘
10:44:29,3.89,0.0,115,44735,买盘
10:44:32,3.89,0.0,22,8558,买盘
10:44:35,3.89,0.0,12,4668,买盘
10:44:38,3.88,-0.01,121,46948,卖盘
10:44:41,3.89,0.01,308,119792,买盘
10:44:44,3.88,-0.01,109,42306,卖盘
10:44:47,3.88,0.0,209,81092,卖盘
10:44:50,3.89,0.01,202,78379,买盘
10:44:53,3.89,0.0,8,3112,买盘
10:44:56,3.89,0.0,62,24118,买盘
10:44:59,3.89,0.0,78,30317,买盘
10:45:02,3.89,0.0,138,53682,卖盘
10:45:05,3.89,0.0,389,151235,买盘
10:45:08,3.89,0.0,18,7002,买盘
10:45:11,3.89,0.0,433,168096,买盘
10:45:14,3.88,-0.01,266,103278,卖盘
10:45:17,3.89,0.01,52,20228,买盘
10:45:20,3.89,0.0,155,60295,买盘
10:45:23,3.88,-0.01,38,14744,卖盘
10:45:26,3.89,0.01,141,54713,买盘
10:45:32,3.88,-0.01,205,79540,卖盘
10:45:35,3.88,0.0,305,118400,卖盘
10:45:38,3.88,0.0,170,65960,卖盘
10:45:41,3.88,0.0,6,2328,卖盘
10:45:44,3.89,0.01,54,21006,买盘
10:45:47,3.89,0.0,29,11281,买盘
10:45:50,3.89,0.0,46,17878,买盘
10:45:53,3.88,-0.01,565,219473,卖盘
10:45:56,3.88,0.0,176,68291,卖盘
10:45:59,3.88,0.0,114,44232,买盘
10:46:02,3.89,0.01,420,162850,买盘
10:46:05,3.88,-0.01,76,29540,卖盘
10:46:08,3.88,0.0,73,28324,卖盘
10:46:11,3.89,0.01,54,20980,买盘
10:46:14,3.88,-0.01,139,53932,卖盘
10:46:17,3.89,0.01,12,4668,买盘
10:46:20,3.88,-0.01,68,26410,卖盘
10:46:23,3.88,0.0,812,315327,卖盘
10:46:26,3.89,0.01,51,19839,卖盘
10:46:29,3.89,0.0,85,33065,买盘
10:46:35,3.89,0.0,1,389,中性盘
10:46:38,3.89,0.0,127,49454,卖盘
10:46:41,3.89,0.0,83,32287,买盘
10:46:44,3.88,-0.01,103,39980,卖盘
10:46:50,3.89,0.01,361,140144,买盘
10:46:53,3.89,0.0,228,88508,买盘
10:46:56,3.89,0.0,79,30731,卖盘
10:46:59,3.89,0.0,207,80523,买盘
10:47:02,3.89,0.0,8,3112,卖盘
10:47:05,3.88,-0.01,254,98649,卖盘
10:47:08,3.88,0.0,930,360860,卖盘
10:47:11,3.88,0.0,160,62080,买盘
10:47:14,3.88,0.0,54,20951,卖盘
10:47:17,3.88,0.0,172,66733,卖盘
10:47:20,3.88,0.0,77,29876,买盘
10:47:23,3.87,-0.01,148,57421,卖盘
10:47:26,3.88,0.01,100,38800,中性盘
10:47:29,3.87,-0.01,202,78195,卖盘
10:47:32,3.88,0.01,30,11640,买盘
10:47:38,3.87,-0.01,414,160299,卖盘
10:47:41,3.88,0.01,454,175998,买盘
10:47:44,3.88,0.0,34,13192,买盘
10:47:47,3.88,0.0,26,10082,买盘
10:47:50,3.87,-0.01,2,774,卖盘
10:47:53,3.88,0.01,83,32171,买盘
10:47:56,3.88,0.0,157,60814,买盘
10:47:59,3.88,0.0,145,56177,中性盘
10:48:02,3.87,-0.01,494,191178,卖盘
10:48:05,3.87,0.0,169,65403,卖盘
10:48:08,3.87,0.0,7,2709,卖盘
10:48:11,3.87,0.0,331,128097,卖盘
10:48:14,3.88,0.01,80,31040,买盘
10:48:17,3.88,0.0,149,57812,卖盘
10:48:20,3.87,-0.01,344,133128,卖盘
10:48:23,3.89,0.02,898,348757,买盘
10:48:26,3.88,-0.01,64,24832,卖盘
10:48:29,3.89,0.01,514,199452,买盘
10:48:32,3.87,-0.02,16,6202,卖盘
10:48:35,3.87,0.0,16,6204,卖盘
10:48:38,3.87,0.0,49,18966,卖盘
10:48:41,3.87,0.0,104,40248,卖盘
10:48:44,3.87,0.0,55,21285,卖盘
10:48:47,3.87,0.0,73,28251,卖盘
10:48:50,3.88,0.01,287,111109,买盘
10:48:53,3.88,0.0,188,72944,卖盘
10:48:59,3.88,0.0,110,42755,卖盘
10:49:02,3.88,0.0,29,11265,卖盘
10:49:05,3.89,0.01,89,34533,买盘
10:49:08,3.88,-0.01,437,169556,卖盘
10:49:11,3.88,0.0,87,33806,卖盘
10:49:14,3.89,0.01,661,256967,买盘
10:49:17,3.89,0.0,501,194889,买盘
10:49:20,3.89,0.0,249,96861,买盘
10:49:23,3.89,0.0,35,13615,卖盘
10:49:26,3.89,0.0,147,57183,卖盘
10:49:29,3.89,0.0,44,17116,卖盘
10:49:32,3.89,0.0,192,74803,卖盘
10:49:35,3.89,0.0,133,51737,卖盘
10:49:38,3.88,-0.01,175,67900,卖盘
10:49:41,3.9,0.02,723,281649,买盘
10:49:44,3.89,-0.01,198,76881,卖盘
10:49:47,3.89,0.0,14,5446,买盘
10:49:50,3.89,0.0,132,51348,卖盘
10:49:53,3.9,0.01,281,109130,买盘
10:49:56,3.89,-0.01,30,11680,卖盘
10:49:59,3.89,0.0,316,122621,买盘
10:50:02,3.89,0.0,26,10139,卖盘
10:50:05,3.89,0.0,161,62629,卖盘
10:50:08,3.89,0.0,18,7002,买盘
10:50:11,3.88,-0.01,37,14356,卖盘
10:50:14,3.88,0.0,123,47755,卖盘
10:50:17,3.88,0.0,113,43921,卖盘
10:50:20,3.88,0.0,341,132338,卖盘
10:50:23,3.89,0.01,110,42717,买盘
10:50:26,3.88,-0.01,1,388,卖盘
10:50:32,3.89,0.01,223,86554,买盘
10:50:35,3.89,0.0,38,14780,买盘
10:50:38,3.88,-0.01,145,56275,卖盘
10:50:41,3.89,0.01,41,15949,买盘
10:50:44,3.89,0.0,50,19450,买盘
10:50:47,3.88,-0.01,588,228296,卖盘
10:50:50,3.88,0.0,695,270200,卖盘
10:50:53,3.89,0.01,107,41623,买盘
10:50:56,3.89,0.0,3,1167,买盘
10:50:59,3.89,0.0,14,5442,买盘
10:51:02,3.88,-0.01,140,54320,卖盘
10:51:05,3.88,0.0,1937,752578,卖盘
10:51:08,3.88,0.0,182,70616,买盘
10:51:11,3.88,0.0,851,329883,买盘
10:51:14,3.87,-0.01,144,55738,卖盘
10:51:17,3.87,0.0,626,242709,卖盘
10:51:23,3.87,0.0,29,11223,卖盘
10:51:26,3.87,0.0,15,5805,卖盘
10:51:29,3.87,0.0,121,46833,卖盘
10:51:32,3.87,0.0,461,178498,卖盘
10:51:38,3.88,0.01,195,75623,买盘
10:51:41,3.87,-0.01,1193,461571,卖盘
10:51:44,3.87,0.0,20,7740,买盘
10:51:47,3.86,-0.01,99,38286,卖盘
10:51:50,3.87,0.01,191,73861,买盘
10:51:53,3.86,-0.01,118,45548,卖盘
10:51:56,3.87,0.01,97,37539,买盘
10:51:59,3.87,0.0,409,157938,买盘
10:52:02,3.87,0.0,383,148005,买盘
10:52:08,3.87,0.0,26,10062,买盘
10:52:11,3.86,-0.01,89,34366,卖盘
10:52:14,3.87,0.01,187,72285,买盘
10:52:17,3.87,0.0,178,68886,买盘
10:52:20,3.86,-0.01,396,152856,卖盘
10:52:23,3.86,0.0,27,10422,卖盘
10:52:26,3.87,0.01,12,4643,买盘
10:52:29,3.86,-0.01,324,125146,卖盘
10:52:32,3.87,0.01,71,27472,买盘
10:52:35,3.87,0.0,35,13545,卖盘
10:52:38,3.87,0.0,33,12771,买盘
10:52:41,3.86,-0.01,165,63690,卖盘
10:52:44,3.86,0.0,281,108466,卖盘
10:52:47,3.86,0.0,67,25862,卖盘
10:52:50,3.87,0.01,139,53657,买盘
10:52:53,3.86,-0.01,333,128568,卖盘
10:52:59,3.87,0.01,24,9288,买盘
10:53:02,3.87,0.0,28,10836,卖盘
10:53:08,3.86,-0.01,304,117349,卖盘
10:53:11,3.87,0.01,301,116400,买盘
10:53:14,3.86,-0.01,328,126746,卖盘
10:53:20,3.87,0.01,34,13158,买盘
10:53:23,3.86,-0.01,101,38986,卖盘
10:53:26,3.87,0.01,127,49147,买盘
10:53:29,3.87,0.0,7,2704,买盘
10:53:32,3.86,-0.01,458,176798,卖盘
10:53:35,3.86,0.0,29,11194,卖盘
10:53:38,3.86,0.0,50,19310,卖盘
10:53:41,3.86,0.0,175,67550,卖盘
10:53:44,3.86,0.0,4,1544,卖盘
10:53:47,3.87,0.01,10,3870,买盘
10:53:50,3.87,0.0,62,23994,买盘
10:53:53,3.87,0.0,238,92106,卖盘
10:53:56,3.86,-0.01,359,138584,卖盘
10:53:59,3.87,0.01,310,119970,买盘
10:54:02,3.86,-0.01,242,93412,卖盘
10:54:08,3.87,0.01,144,55728,买盘
10:54:11,3.87,0.0,290,112230,卖盘
10:54:14,3.87,0.0,40,15443,买盘
10:54:17,3.87,0.0,156,60372,买盘
10:54:20,3.87,0.0,253,97911,卖盘
10:54:23,3.88,0.01,104,40268,买盘
10:54:26,3.88,0.0,12,4656,买盘
10:54:29,3.87,-0.01,141,54567,卖盘
10:54:32,3.88,0.01,109,42263,买盘
10:54:35,3.87,-0.01,35,13545,卖盘
10:54:38,3.87,0.0,171,66177,卖盘
10:54:41,3.88,0.01,136,52767,买盘
10:54:44,3.87,-0.01,437,169119,卖盘
10:54:47,3.88,0.01,16,6205,买盘
10:54:50,3.88,0.0,166,64226,买盘
10:54:53,3.87,-0.01,1,387,卖盘
10:54:56,3.88,0.01,511,198268,买盘
10:55:02,3.88,0.0,148,57424,卖盘
10:55:05,3.88,0.0,76,29488,卖盘
10:55:08,3.89,0.01,278,107630,买盘
10:55:11,3.87,-0.02,171,66183,卖盘
10:55:14,3.87,0.0,101,39262,卖盘
10:55:20,3.88,0.01,190,73720,卖盘
10:55:23,3.88,0.0,297,115241,卖盘
10:55:26,3.88,0.0,75,29131,卖盘
10:55:29,3.88,0.0,111,43068,卖盘
10:55:32,3.87,-0.01,107,41428,卖盘
10:55:35,3.87,0.0,331,128122,卖盘
10:55:38,3.88,0.01,273,105889,买盘
10:55:41,3.88,0.0,251,97150,买盘
10:55:50,3.88,0.0,123,47724,卖盘
10:55:53,3.89,0.01,105,40742,买盘
10:55:56,3.88,-0.01,155,60156,卖盘
10:55:59,3.88,0.0,876,340530,买盘
10:56:05,3.88,0.0,140,54346,卖盘
10:56:08,3.88,0.0,14,5432,卖盘
10:56:11,3.89,0.01,24,9315,买盘
10:56:14,3.89,0.0,112,43541,买盘
10:56:17,3.89,0.0,12,4668,卖盘
10:56:20,3.89,0.0,184,71576,卖盘
10:56:23,3.88,-0.01,344,133527,卖盘
10:56:26,3.89,0.01,10,3890,买盘
10:56:29,3.88,-0.01,238,92361,卖盘
10:56:32,3.88,0.0,14,5442,卖盘
10:56:35,3.89,0.01,63,24477,买盘
10:56:38,3.89,0.0,78,30342,买盘
10:56:41,3.88,-0.01,29,11252,卖盘
10:56:44,3.89,0.01,116,45116,卖盘
10:56:47,3.89,0.0,10,3890,买盘
10:56:50,3.9,0.01,1422,554087,买盘
10:56:53,3.9,0.0,692,269883,卖盘
10:56:56,3.91,0.01,128,50047,买盘
10:56:59,3.9,-0.01,101,39490,卖盘
10:57:02,3.91,0.01,198,77418,买盘
10:57:05,3.92,0.01,118,46163,买盘
10:57:08,3.91,-0.01,171,66904,卖盘
10:57:11,3.91,0.0,288,112610,卖盘
10:57:14,3.91,0.0,41,16026,买盘
10:57:17,3.91,0.0,298,116336,买盘
10:57:20,3.92,0.01,489,191275,买盘
10:57:23,3.92,0.0,42,16459,买盘
10:57:26,3.92,0.0,824,322866,买盘
10:57:29,3.92,0.0,14,5488,卖盘
10:57:32,3.92,0.0,559,218783,买盘
10:57:35,3.92,0.0,165,64731,卖盘
10:57:38,3.92,0.0,369,144648,买盘
10:57:44,3.93,0.01,20,7852,买盘
10:57:47,3.93,0.0,338,132834,买盘
10:57:50,3.93,0.0,78,30616,买盘
10:57:53,3.92,-0.01,983,386318,卖盘
10:57:56,3.92,0.0,340,133292,卖盘
10:57:59,3.93,0.01,226,88705,买盘
10:58:02,3.92,-0.01,16,6272,卖盘
10:58:05,3.92,0.0,197,77174,买盘
10:58:08,3.91,-0.01,75,29388,卖盘
10:58:11,3.92,0.01,191,74823,买盘
10:58:14,3.92,0.0,236,92512,买盘
10:58:17,3.92,0.0,1046,411011,买盘
10:58:20,3.93,0.01,218,85586,买盘
10:58:23,3.93,0.0,337,132111,买盘
10:58:26,3.93,0.0,117,45977,买盘
10:58:29,3.92,-0.01,83,32544,卖盘
10:58:32,3.92,0.0,15,5875,买盘
10:58:35,3.92,0.0,147,57622,买盘
10:58:38,3.92,0.0,88,34496,卖盘
10:58:41,3.93,0.01,75,29428,买盘
10:58:44,3.92,-0.01,130,50960,卖盘
10:58:47,3.92,0.0,328,128577,卖盘
10:58:50,3.92,0.0,520,204290,买盘
10:58:53,3.92,0.0,9,3530,卖盘
10:58:56,3.92,0.0,70,27440,卖盘
10:59:02,3.92,0.0,1,392,买盘
10:59:05,3.91,-0.01,358,140098,卖盘
10:59:08,3.91,0.0,111,43401,卖盘
10:59:11,3.92,0.01,367,143745,买盘
10:59:14,3.92,0.0,376,147056,买盘
10:59:17,3.91,-0.01,14,5484,卖盘
10:59:20,3.91,0.0,5159,2038754,卖盘
10:59:23,3.92,0.01,7,2743,中性盘
10:59:26,3.92,0.0,72,28291,卖盘
10:59:29,3.91,-0.01,86,33650,卖盘
10:59:32,3.92,0.01,59,23099,买盘
10:59:35,3.91,-0.01,414,161925,卖盘
10:59:38,3.91,0.0,176,68819,卖盘
10:59:41,3.92,0.01,197,77224,买盘
10:59:44,3.92,0.0,3,1176,买盘
10:59:47,3.92,0.0,50,19563,买盘
10:59:50,3.92,0.0,114,44585,中性盘
10:59:53,3.91,-0.01,24,9400,卖盘
10:59:56,3.91,0.0,312,121992,卖盘
10:59:59,3.93,0.02,395,155195,买盘
11:00:02,3.93,0.0,229,89997,卖盘
11:00:05,3.93,0.0,1,393,卖盘
11:00:08,3.94,0.01,245,96530,买盘
11:00:11,3.94,0.0,81,31901,买盘
11:00:14,3.93,-0.01,215,84586,卖盘
11:00:17,3.93,0.0,396,155632,卖盘
11:00:20,3.94,0.01,2395,942583,买盘
11:00:23,3.93,-0.01,155,61058,卖盘
11:00:26,3.93,0.0,4,1572,卖盘
11:00:29,3.93,0.0,197,77453,卖盘
11:00:32,3.93,0.0,10,3938,卖盘
11:00:35,3.94,0.01,77,30337,买盘
11:00:38,3.93,-0.01,216,84898,卖盘
11:00:41,3.94,0.01,1139,448513,买盘
11:00:44,3.94,0.0,237,93378,卖盘
11:00:47,3.94,0.0,472,185987,买盘
11:00:50,3.93,-0.01,532,209356,卖盘
11:00:53,3.95,0.02,96,37828,买盘
11:00:56,3.95,0.0,13,5134,买盘
11:00:59,3.94,-0.01,80,31595,卖盘
11:01:05,3.94,0.0,136,53490,买盘
11:01:08,3.94,0.0,636,250207,买盘
11:01:11,3.95,0.01,377,148617,买盘
11:01:14,3.94,-0.01,35,13791,卖盘
11:01:17,3.94,0.0,1,394,卖盘
11:01:20,3.95,0.01,203,79995,买盘
11:01:23,3.94,-0.01,235,92704,中性盘
11:01:26,3.94,0.0,183,72202,卖盘
11:01:29,3.95,0.01,193,76093,买盘
11:01:32,3.93,-0.02,191,75370,卖盘
11:01:35,3.95,0.02,154,60794,买盘
11:01:38,3.94,-0.01,499,196329,买盘
11:01:41,3.95,0.01,68,26860,买盘
11:01:47,3.95,0.0,39,15402,买盘
11:01:50,3.95,0.0,147,58065,买盘
11:01:53,3.95,0.0,220,86900,卖盘
11:01:56,3.94,-0.01,66,26004,卖盘
11:01:59,3.95,0.01,503,198350,买盘
11:02:02,3.97,0.02,1180,467038,买盘
11:02:05,3.97,0.0,54,21438,卖盘
11:02:08,3.97,0.0,263,104491,卖盘
11:02:11,3.97,0.0,651,258507,卖盘
11:02:14,3.98,0.01,304,120664,买盘
11:02:17,3.96,-0.02,286,113269,卖盘
11:02:20,3.98,0.02,285,113234,买盘
11:02:23,3.97,-0.01,300,119090,中性盘
11:02:26,3.96,-0.01,386,152895,卖盘
11:02:29,3.95,-0.01,264,104302,卖盘
11:02:32,3.96,0.01,86,34054,买盘
11:02:35,3.96,0.0,9,3562,买盘
11:02:38,3.96,0.0,220,86977,买盘
11:02:41,3.95,-0.01,240,94855,卖盘
11:02:44,3.95,0.0,557,220776,卖盘
11:02:47,3.94,-0.01,179,70565,卖盘
11:02:50,3.94,0.0,139,54648,买盘
11:02:53,3.98,0.04,2003,795837,买盘
11:02:56,3.94,-0.04,34,13528,卖盘
11:02:59,3.94,0.0,30,11820,卖盘
11:03:02,3.94,0.0,149,58830,卖盘
11:03:05,3.95,0.01,67,26465,中性盘
11:03:08,3.95,0.0,361,142598,卖盘
11:03:11,3.95,0.0,138,54570,卖盘
11:03:14,3.95,0.0,120,47624,卖盘
11:03:17,3.94,-0.01,73,28834,卖盘
11:03:20,3.95,0.01,37,14615,买盘
11:03:23,3.94,-0.01,28,11046,卖盘
11:03:26,3.95,0.01,53,20933,买盘
11:03:29,3.94,-0.01,407,160503,卖盘
11:03:32,3.95,0.01,32,12640,卖盘
11:03:35,3.95,0.0,412,162740,卖盘
11:03:38,3.95,0.0,36,14205,买盘
11:03:41,3.94,-0.01,264,104162,卖盘
11:03:44,3.97,0.03,22,8714,买盘
11:03:47,3.98,0.01,981,389884,买盘
11:03:50,3.98,0.0,429,170742,卖盘
11:03:53,3.98,0.0,292,116216,卖盘
11:03:56,3.96,-0.02,372,147908,卖盘
11:03:59,3.94,-0.02,27,10656,卖盘
11:04:02,3.96,0.02,3,1188,买盘
11:04:05,3.96,0.0,81,32076,买盘
11:04:08,3.95,-0.01,177,69915,卖盘
11:04:11,3.96,0.01,207,81908,买盘
11:04:14,3.97,0.01,2,794,买盘
11:04:17,3.96,-0.01,133,52668,卖盘
11:04:20,3.96,0.0,64,25374,卖盘
11:04:23,3.97,0.01,284,112664,买盘
11:04:26,3.97,0.0,47,18659,卖盘
11:04:29,3.97,0.0,268,106186,买盘
11:04:32,3.96,-0.01,126,50021,卖盘
11:04:35,3.96,0.0,22,8732,卖盘
11:04:38,3.97,0.01,1,397,买盘
11:04:41,3.97,0.0,211,83619,买盘
11:04:44,3.96,-0.01,439,173925,卖盘
11:04:47,3.97,0.01,123,48734,买盘
11:04:50,3.97,0.0,268,106153,买盘
11:04:53,3.96,-0.01,108,42868,卖盘
11:04:56,3.96,0.0,104,41284,卖盘
11:04:59,3.97,0.01,554,219996,买盘
11:05:02,3.97,0.0,153,60638,买盘
11:05:05,3.97,0.0,77,30516,买盘
11:05:08,3.96,-0.01,1521,603331,卖盘
11:05:11,3.96,0.0,139,55044,卖盘
11:05:14,3.97,0.01,181,71853,买盘
11:05:17,3.96,-0.01,41,16272,卖盘
11:05:20,3.97,0.01,36,14263,买盘
11:05:23,3.97,0.0,57,22618,买盘
11:05:26,3.97,0.0,5,1984,买盘
11:05:29,3.96,-0.01,417,165162,卖盘
11:05:32,3.97,0.01,282,111650,买盘
11:05:35,3.96,-0.01,419,165510,中性盘
11:05:38,3.95,-0.01,179,70731,卖盘
11:05:41,3.96,0.01,30,11880,买盘
11:05:44,3.95,-0.01,121,47895,卖盘
11:05:47,3.95,0.0,483,190785,卖盘
11:05:53,3.95,0.0,23,9085,卖盘
11:05:56,3.95,0.0,163,64385,卖盘
11:05:59,3.95,0.0,436,172220,卖盘
11:06:02,3.95,0.0,171,67545,卖盘
11:06:05,3.94,-0.01,498,196538,卖盘
11:06:08,3.96,0.02,291,115156,买盘
11:06:11,3.94,-0.02,34,13396,卖盘
11:06:14,3.95,0.01,154,60707,买盘
11:06:17,3.94,-0.01,90,35498,卖盘
11:06:20,3.95,0.01,446,175804,买盘
11:06:23,3.94,-0.01,1,394,卖盘
11:06:26,3.94,0.0,2055,808259,卖盘
11:06:29,3.94,0.0,249,97909,买盘
11:06:32,3.95,0.01,89,35067,买盘
11:06:35,3.95,0.0,40,15795,买盘
11:06:38,3.94,-0.01,125,49250,卖盘
11:06:41,3.94,0.0,103,40582,卖盘
11:06:44,3.95,0.01,109,42930,买盘
11:06:50,3.93,-0.02,29,11397,卖盘
11:06:53,3.93,0.0,191,75063,卖盘
11:06:56,3.93,0.0,60,23582,卖盘
11:06:59,3.93,0.0,272,106896,卖盘
11:07:02,3.93,0.0,25,9825,卖盘
11:07:05,3.92,-0.01,45,17683,卖盘
11:07:08,3.93,0.01,10,3930,买盘
11:07:11,3.92,-0.01,105,41160,卖盘
11:07:14,3.92,0.0,29,11368,卖盘
11:07:17,3.92,0.0,198,77616,卖盘
11:07:20,3.92,0.0,8,3136,卖盘
11:07:23,3.92,0.0,80,31360,卖盘
11:07:26,3.92,0.0,1,392,卖盘
11:07:29,3.92,0.0,170,66640,卖盘
11:07:32,3.92,0.0,166,65077,卖盘
11:07:35,3.92,0.0,3,1178,卖盘
11:07:38,3.92,0.0,454,177984,卖盘
11:07:41,3.92,0.0,97,38024,买盘
11:07:47,3.92,0.0,1,392,买盘
11:07:50,3.91,-0.01,207,80987,卖盘
11:07:53,3.91,0.0,145,56696,卖盘
11:07:56,3.91,0.0,50,19561,卖盘
11:07:59,3.91,0.0,418,163438,卖盘
11:08:02,3.91,0.0,235,91885,卖盘
11:08:05,3.91,0.0,147,57477,卖盘
11:08:08,3.91,0.0,250,97750,卖盘
11:08:11,3.91,0.0,2807,1097408,卖盘
11:08:14,3.9,-0.01,195,76080,卖盘
11:08:17,3.9,0.0,61,23812,卖盘
11:08:20,3.9,0.0,396,154440,卖盘
11:08:23,3.9,0.0,83,32370,卖盘
11:08:26,3.9,0.0,24,9360,卖盘
11:08:29,3.91,0.01,679,264820,买盘
11:08:32,3.9,-0.01,1,390,卖盘
11:08:35,3.9,0.0,58,22677,卖盘
11:08:38,3.91,0.01,62,24200,买盘
11:08:41,3.91,0.0,177,69035,买盘
11:08:44,3.89,-0.02,289,112724,卖盘
11:08:47,3.89,0.0,19,7397,卖盘
11:08:50,3.9,0.01,162,63022,买盘
11:08:53,3.9,0.0,76,29639,买盘
11:08:56,3.9,0.0,70,27300,买盘
11:08:59,3.9,0.0,96,37455,买盘
11:09:02,3.9,0.0,168,65454,卖盘
11:09:05,3.9,0.0,46,17940,卖盘
11:09:08,3.9,0.0,185,72150,卖盘
11:09:11,3.91,0.01,114,44470,买盘
11:09:14,3.9,-0.01,340,132600,卖盘
11:09:17,3.9,0.0,131,51090,卖盘
11:09:23,3.9,0.0,1,390,卖盘
11:09:26,3.9,0.0,21,8190,卖盘
11:09:29,3.9,0.0,457,178235,卖盘
11:09:32,3.9,0.0,205,79948,卖盘
11:09:35,3.89,-0.01,165,64255,卖盘
11:09:38,3.9,0.01,264,102765,买盘
11:09:41,3.91,0.01,3,1290,买盘
11:09:44,3.9,-0.01,121,47233,卖盘
11:09:47,3.9,0.0,20,7801,卖盘
11:09:50,3.9,0.0,138,53820,卖盘
11:09:53,3.9,0.0,40,15600,卖盘
11:09:56,3.9,0.0,93,36270,卖盘
11:09:59,3.9,0.0,329,128193,卖盘
11:10:02,3.89,-0.01,163,63407,卖盘
11:10:05,3.9,0.01,170,66300,买盘
11:10:08,3.89,-0.01,111,43179,卖盘
11:10:11,3.89,0.0,49,19071,卖盘
11:10:14,3.9,0.01,188,73319,买盘
11:10:17,3.88,-0.02,2953,1147657,卖盘
11:10:20,3.89,0.01,58,22526,买盘
11:10:23,3.88,-0.01,1719,666989,卖盘
11:10:26,3.88,0.0,25,9697,买盘
11:10:29,3.87,-0.01,3925,1518507,卖盘
11:10:32,3.87,0.0,104,40247,买盘
11:10:35,3.88,0.01,54,20900,买盘
11:10:38,3.87,-0.01,80,30960,卖盘
11:10:41,3.87,0.0,162,62698,卖盘
11:10:44,3.87,0.0,215,83205,卖盘
11:10:47,3.88,0.01,95,36741,买盘
11:10:50,3.87,-0.01,39,15093,买盘
11:10:53,3.88,0.01,47,18201,买盘
11:10:56,3.87,-0.01,124,47988,卖盘
11:10:59,3.87,0.0,65,25114,买盘
11:11:02,3.87,0.0,36,13932,买盘
11:11:05,3.87,0.0,300,115977,买盘
11:11:08,3.87,0.0,220,85140,卖盘
11:11:11,3.86,-0.01,325,125463,卖盘
11:11:14,3.87,0.01,1,387,卖盘
11:11:17,3.87,0.0,228,88236,卖盘
11:11:20,3.87,0.0,295,114164,卖盘
11:11:23,3.87,0.0,104,40247,买盘
11:11:26,3.86,-0.01,489,188754,卖盘
11:11:29,3.87,0.01,124,47865,买盘
11:11:32,3.87,0.0,157,60612,买盘
11:11:35,3.86,-0.01,210,81065,卖盘
11:11:38,3.87,0.01,227,87633,买盘
11:11:41,3.87,0.0,69,26661,买盘
11:11:44,3.87,0.0,328,126628,买盘
11:11:47,3.86,-0.01,60,23160,卖盘
11:11:50,3.87,0.01,129,49800,买盘
11:11:53,3.87,0.0,90,34788,买盘
11:11:56,3.87,0.0,80,30959,买盘
11:11:59,3.87,0.0,127,49031,买盘
11:12:02,3.86,-0.01,507,195712,卖盘
11:12:05,3.86,0.0,105,40543,卖盘
11:12:08,3.86,0.0,5,1931,卖盘
11:12:11,3.87,0.01,73,28250,买盘
11:12:14,3.87,0.0,469,181355,买盘
11:12:17,3.86,-0.01,52,20072,卖盘
11:12:20,3.86,0.0,827,319320,卖盘
11:12:23,3.86,0.0,74,28588,卖盘
11:12:26,3.86,0.0,219,84534,卖盘
11:12:29,3.87,0.01,22,8503,买盘
11:12:32,3.86,-0.01,116,44781,卖盘
11:12:35,3.87,0.01,193,74638,买盘
11:12:38,3.87,0.0,15,5805,买盘
11:12:41,3.86,-0.01,156,60216,卖盘
11:12:44,3.86,0.0,281,108466,卖盘
11:12:47,3.86,0.0,47,18131,买盘
11:12:50,3.87,0.01,112,43237,买盘
11:12:53,3.87,0.0,207,79903,买盘
11:12:56,3.87,0.0,5,1934,买盘
11:12:59,3.87,0.0,54,20847,买盘
11:13:02,3.87,0.0,7,2709,买盘
11:13:05,3.86,-0.01,134,51724,卖盘
11:13:08,3.86,0.0,233,89955,卖盘
11:13:11,3.86,0.0,163,62815,买盘
11:13:14,3.85,-0.01,164,63140,卖盘
11:13:17,3.86,0.01,346,133536,买盘
11:13:20,3.86,0.0,72,27783,买盘
11:13:23,3.85,-0.01,414,159711,卖盘
11:13:26,3.85,0.0,60,23104,卖盘
11:13:29,3.86,0.01,184,70914,买盘
11:13:32,3.85,-0.01,36,13894,卖盘
11:13:35,3.86,0.01,228,87793,买盘
11:13:38,3.85,-0.01,320,123219,卖盘
11:13:41,3.85,0.0,8,3085,卖盘
11:13:44,3.85,0.0,3944,1518440,卖盘
11:13:47,3.85,0.0,422,162470,卖盘
11:13:50,3.86,0.01,190,73179,买盘
11:13:53,3.86,0.0,159,61266,买盘
11:13:56,3.86,0.0,391,150721,买盘
11:13:59,3.86,0.0,473,182179,买盘
11:14:02,3.86,0.0,318,122701,买盘
11:14:05,3.84,-0.02,253,97230,卖盘
11:14:08,3.85,0.01,11,4236,卖盘
11:14:11,3.85,0.0,50,19250,卖盘
11:14:14,3.85,0.0,100,38500,卖盘
11:14:17,3.85,0.0,2389,917444,买盘
11:14:20,3.85,0.0,327,125591,买盘
11:14:23,3.87,0.02,273,105439,买盘
11:14:26,3.85,-0.02,217,83439,卖盘
11:14:29,3.85,0.0,346,133230,卖盘
11:14:32,3.85,0.0,42,16170,买盘
11:14:35,3.85,0.0,37,14246,卖盘
11:14:38,3.85,0.0,374,144486,卖盘
11:14:44,3.87,0.02,112,43147,买盘
11:14:47,3.86,-0.01,1,386,中性盘
11:14:50,3.86,0.0,54,20844,卖盘
11:14:53,3.86,0.0,28,10808,买盘
11:14:56,3.86,0.0,173,66777,买盘
11:14:59,3.86,0.0,10,3860,买盘
11:15:02,3.86,0.0,2,772,买盘
11:15:05,3.85,-0.01,140,53900,卖盘
11:15:08,3.85,0.0,340,130900,卖盘
11:15:11,3.86,0.01,502,193772,买盘
11:15:17,3.86,0.0,252,97041,买盘
11:15:20,3.86,0.0,20,7720,买盘
11:15:23,3.85,-0.01,28,10805,卖盘
11:15:26,3.85,0.0,248,95718,卖盘
11:15:29,3.86,0.01,113,43620,卖盘
11:15:32,3.86,0.0,352,135872,卖盘
11:15:35,3.86,0.0,297,114911,买盘
11:15:38,3.86,0.0,12,4632,买盘
11:15:41,3.86,0.0,132,50952,卖盘
11:15:44,3.87,0.01,12,4644,买盘
11:15:50,3.87,0.0,715,276079,买盘
11:15:53,3.87,0.0,131,50688,买盘
11:15:56,3.86,-0.01,290,111965,卖盘
11:15:59,3.86,0.0,93,35898,卖盘
11:16:02,3.86,0.0,198,76428,卖盘
11:16:08,3.86,0.0,7,2702,卖盘
11:16:14,3.86,0.0,31,11991,卖盘
11:16:17,3.86,0.0,180,69480,卖盘
11:16:20,3.86,0.0,359,138574,卖盘
11:16:23,3.86,0.0,48,18527,买盘
11:16:26,3.86,0.0,241,93076,卖盘
11:16:29,3.87,0.01,3,1161,买盘
11:16:32,3.86,-0.01,2,888,卖盘
11:16:35,3.87,0.01,82,31732,买盘
11:16:38,3.86,-0.01,62,23932,卖盘
11:16:41,3.87,0.01,115,44391,买盘
11:16:44,3.87,0.0,1,387,买盘
11:16:47,3.86,-0.01,447,172550,卖盘
11:16:50,3.87,0.01,35,13545,买盘
11:16:53,3.86,-0.01,463,178999,卖盘
11:16:56,3.87,0.01,13,5029,买盘
11:16:59,3.87,0.0,24,9288,买盘
11:17:02,3.87,0.0,440,170142,买盘
11:17:05,3.87,0.0,184,71208,买盘
11:17:08,3.87,0.0,81,31347,买盘
11:17:11,3.87,0.0,305,117766,买盘
11:17:14,3.87,0.0,422,163207,买盘
11:17:17,3.86,-0.01,237,91506,卖盘
11:17:20,3.87,0.01,5,1935,买盘
11:17:23,3.86,-0.01,35,13543,卖盘
11:17:26,3.86,0.0,175,67556,卖盘
11:17:32,3.86,0.0,124,47864,卖盘
11:17:35,3.87,0.01,261,100754,买盘
11:17:38,3.86,-0.01,126,48636,卖盘
11:17:41,3.86,0.0,368,142252,卖盘
11:17:47,3.87,0.01,4,1548,买盘
11:17:50,3.87,0.0,346,133896,买盘
11:17:53,3.86,-0.01,235,90788,卖盘
11:17:56,3.86,0.0,303,117037,卖盘
11:17:59,3.86,0.0,171,66081,卖盘
11:18:02,3.87,0.01,309,119275,买盘
11:18:05,3.87,0.0,120,46439,买盘
11:18:08,3.87,0.0,270,104276,买盘
11:18:11,3.87,0.0,9,3483,买盘
11:18:14,3.87,0.0,246,95078,买盘
11:18:17,3.86,-0.01,14,5404,卖盘
11:18:20,3.86,0.0,4,1544,卖盘
11:18:23,3.86,0.0,491,189790,卖盘
11:18:26,3.86,0.0,315,121594,卖盘
11:18:29,3.87,0.01,20,7740,买盘
11:18:32,3.86,-0.01,211,81446,卖盘
11:18:35,3.86,0.0,121,46824,卖盘
11:18:38,3.87,0.01,150,57929,买盘
11:18:41,3.86,-0.01,888,342652,卖盘
11:18:44,3.85,-0.01,234,90226,卖盘
11:18:47,3.86,0.01,66,25476,买盘
11:18:50,3.85,-0.01,809,312002,卖盘
11:18:53,3.85,0.0,206,79310,卖盘
11:19:02,3.86,0.01,26,10036,买盘
11:19:05,3.86,0.0,373,143610,买盘
11:19:08,3.86,0.0,444,171028,买盘
11:19:11,3.86,0.0,153,58922,买盘
11:19:14,3.85,-0.01,160,61601,卖盘
11:19:17,3.86,0.01,15,5780,买盘
11:19:20,3.86,0.0,40,15420,买盘
11:19:23,3.86,0.0,245,94582,买盘
11:19:26,3.86,0.0,20,7720,卖盘
11:19:29,3.86,0.0,150,57900,卖盘
11:19:32,3.86,0.0,77,29721,卖盘
11:19:35,3.85,-0.01,129,49665,卖盘
11:19:38,3.85,0.0,380,146474,卖盘
11:19:41,3.86,0.01,25,9650,买盘
11:19:44,3.86,0.0,3,1158,买盘
11:19:47,3.86,0.0,225,86850,买盘
11:19:50,3.86,0.0,256,98816,卖盘
11:19:53,3.86,0.0,51,19678,买盘
11:19:56,3.86,0.0,227,87634,卖盘
11:19:59,3.86,0.0,130,50055,买盘
11:20:02,3.86,0.0,17,6562,买盘
11:20:05,3.85,-0.01,230,88552,卖盘
11:20:08,3.86,0.01,156,60216,买盘
11:20:11,3.86,0.0,51,19686,买盘
11:20:17,3.86,0.0,318,122608,买盘
11:20:20,3.86,0.0,319,122841,买盘
11:20:23,3.85,-0.01,110,42350,卖盘
11:20:26,3.85,0.0,28,10785,卖盘
11:20:29,3.86,0.01,44,16984,买盘
11:20:32,3.86,0.0,349,134454,买盘
11:20:35,3.86,0.0,26,10035,买盘
11:20:38,3.86,0.0,68,26248,买盘
11:20:41,3.85,-0.01,155,59675,卖盘
11:20:44,3.86,0.01,155,59709,买盘
11:20:47,3.85,-0.01,359,138321,卖盘
11:20:50,3.85,0.0,123,47355,卖盘
11:20:53,3.86,0.01,23,8878,买盘
11:20:56,3.85,-0.01,109,42019,卖盘
11:21:02,3.86,0.01,149,57387,买盘
11:21:05,3.86,0.0,111,42845,买盘
11:21:08,3.86,0.0,174,67030,买盘
11:21:11,3.86,0.0,37,14282,卖盘
11:21:14,3.86,0.0,502,193772,卖盘
11:21:20,3.86,0.0,12,4637,卖盘
11:21:23,3.86,0.0,11,4246,卖盘
11:21:26,3.86,0.0,20,7720,卖盘
11:21:29,3.86,0.0,181,69886,卖盘
11:21:32,3.87,0.01,4,1547,买盘
11:21:35,3.86,-0.01,554,213950,卖盘
11:21:38,3.87,0.01,17,6575,买盘
11:21:41,3.86,-0.01,207,79903,卖盘
11:21:44,3.87,0.01,11,4257,买盘
11:21:47,3.87,0.0,5,1935,买盘
11:21:50,3.87,0.0,242,93770,买盘
11:21:53,3.87,0.0,27,10333,卖盘
11:21:56,3.87,0.0,217,83859,买盘
11:21:59,3.87,0.0,399,154413,买盘
11:22:02,3.87,0.0,3,1161,买盘
11:22:05,3.87,0.0,46,17802,买盘
11:22:08,3.87,0.0,252,97297,买盘
11:22:11,3.87,0.0,3,1161,买盘
11:22:17,3.87,0.0,159,61396,买盘
11:22:20,3.87,0.0,3,1161,买盘
11:22:23,3.87,0.0,367,141792,买盘
11:22:26,3.86,-0.01,335,129310,卖盘
11:22:29,3.86,0.0,14,5404,卖盘
11:22:32,3.87,0.01,305,118034,买盘
11:22:35,3.87,0.0,13,5029,买盘
11:22:41,3.87,0.0,134,51858,卖盘
11:22:44,3.87,0.0,102,39474,买盘
11:22:47,3.86,-0.01,44,17026,卖盘
11:22:50,3.87,0.01,129,49803,买盘
11:22:53,3.86,-0.01,253,97713,卖盘
11:22:56,3.87,0.01,20,7740,买盘
11:22:59,3.86,-0.01,107,41302,卖盘
11:23:02,3.86,0.0,127,49022,卖盘
11:23:05,3.87,0.01,5,1935,买盘
11:23:08,3.87,0.0,25,9669,买盘
11:23:11,3.86,-0.01,166,64105,卖盘
11:23:14,3.86,0.0,422,162892,卖盘
11:23:17,3.87,0.01,23,8901,买盘
11:23:20,3.86,-0.01,150,58020,卖盘
11:23:23,3.86,0.0,2,772,卖盘
11:23:26,3.86,0.0,162,62537,卖盘
11:23:32,3.87,0.01,339,130923,买盘
11:23:35,3.86,-0.01,109,42074,卖盘
11:23:41,3.87,0.01,73,28251,买盘
11:23:44,3.87,0.0,185,71415,买盘
11:23:50,3.86,-0.01,170,65625,卖盘
11:23:53,3.87,0.01,21,8110,买盘
11:23:56,3.86,-0.01,703,271711,卖盘
11:23:59,3.86,0.0,45,17370,买盘
11:24:02,3.86,0.0,327,125969,买盘
11:24:05,3.85,-0.01,1,385,卖盘
11:24:08,3.86,0.01,188,72415,买盘
11:24:11,3.86,0.0,453,174858,卖盘
11:24:14,3.85,-0.01,207,79740,卖盘
11:24:17,3.86,0.01,2,772,买盘
11:24:20,3.85,-0.01,374,143990,卖盘
11:24:23,3.85,0.0,2,770,卖盘
11:24:26,3.85,0.0,150,57750,卖盘
11:24:29,3.85,0.0,211,81260,卖盘
11:24:32,3.85,0.0,8,3083,卖盘
11:24:35,3.85,0.0,64,24652,卖盘
11:24:38,3.86,0.01,2,772,买盘
11:24:41,3.85,-0.01,151,58135,卖盘
11:24:44,3.85,0.0,14,5390,卖盘
11:24:47,3.84,-0.01,4815,1853760,卖盘
11:24:53,3.84,0.0,47,18093,卖盘
11:24:56,3.85,0.01,252,96787,买盘
11:24:59,3.85,0.0,77,29605,买盘
11:25:02,3.84,-0.01,36,13859,卖盘
11:25:05,3.85,0.01,130,49924,买盘
11:25:08,3.84,-0.01,181,69504,卖盘
11:25:11,3.85,0.01,246,94468,买盘
11:25:14,3.85,0.0,32,12320,买盘
11:25:17,3.84,-0.01,320,122992,卖盘
11:25:20,3.85,0.01,13,5005,买盘
11:25:23,3.84,-0.01,31,11933,卖盘
11:25:26,3.84,0.0,244,93727,卖盘
11:25:29,3.85,0.01,3,1155,买盘
11:25:32,3.85,0.0,1,385,买盘
11:25:35,3.85,0.0,548,210534,买盘
11:25:38,3.84,-0.01,345,132501,卖盘
11:25:41,3.84,0.0,95,36565,卖盘
11:25:44,3.84,0.0,22,8450,卖盘
11:25:47,3.84,0.0,6,2306,卖盘
11:25:50,3.85,0.01,75,28863,买盘
11:25:53,3.84,-0.01,567,217764,卖盘
11:25:56,3.84,0.0,2,768,卖盘
11:25:59,3.84,0.0,444,170566,卖盘
11:26:02,3.85,0.01,264,101482,买盘
11:26:05,3.84,-0.01,1,384,卖盘
11:26:08,3.85,0.01,66,25390,买盘
11:26:11,3.85,0.0,2,770,买盘
11:26:14,3.85,0.0,166,63910,买盘
11:26:17,3.85,0.0,337,129590,买盘
11:26:20,3.85,0.0,5,1925,买盘
11:26:23,3.84,-0.01,460,176690,卖盘
11:26:26,3.84,0.0,1602,615184,卖盘
11:26:29,3.84,0.0,627,240776,卖盘
11:26:32,3.85,0.01,57,21896,买盘
11:26:35,3.85,0.0,20,7698,买盘
11:26:38,3.85,0.0,33,12685,买盘
11:26:41,3.85,0.0,175,67163,买盘
11:26:44,3.84,-0.01,242,92844,中性盘
11:26:47,3.84,0.0,364,139547,买盘
11:26:50,3.84,0.0,69,26471,买盘
11:26:53,3.84,0.0,228,87355,买盘
11:26:56,3.84,0.0,312,119814,买盘
11:26:59,3.84,0.0,55,21170,买盘
11:27:02,3.84,0.0,259,99456,卖盘
11:27:05,3.84,0.0,37,14207,买盘
11:27:08,3.83,-0.01,108,41448,卖盘
11:27:11,3.84,0.01,537,205767,买盘
11:27:14,3.83,-0.01,311,119117,卖盘
11:27:17,3.84,0.01,88,33764,买盘
11:27:20,3.83,-0.01,23,8820,卖盘
11:27:23,3.84,0.01,11,4223,买盘
11:27:26,3.83,-0.01,82,31468,卖盘
11:27:29,3.83,0.0,144,55152,卖盘
11:27:32,3.83,0.0,394,151169,卖盘
11:27:35,3.84,0.01,338,129501,买盘
11:27:38,3.84,0.0,212,81204,买盘
11:27:41,3.84,0.0,68,26055,买盘
11:27:44,3.84,0.0,66,25344,买盘
11:27:47,3.84,0.0,61,23424,买盘
11:27:50,3.84,0.0,130,49840,买盘
11:27:53,3.83,-0.01,962,368573,卖盘
11:27:56,3.84,0.01,312,119680,买盘
11:27:59,3.84,0.0,299,114542,买盘
11:28:02,3.84,0.0,481,184529,买盘
11:28:05,3.84,0.0,402,154033,买盘
11:28:08,3.84,0.0,221,84851,买盘
11:28:11,3.84,0.0,58,22272,买盘
11:28:14,3.85,0.01,27,10379,买盘
11:28:17,3.85,0.0,796,306250,买盘
11:28:20,3.84,-0.01,382,146688,卖盘
11:28:23,3.84,0.0,233,89344,买盘
11:28:26,3.84,0.0,486,186426,买盘
11:28:29,3.83,-0.01,80,30709,卖盘
11:28:32,3.84,0.01,95,36470,买盘
11:28:35,3.83,-0.01,14,5362,卖盘
11:28:38,3.84,0.01,387,148482,买盘
11:28:41,3.84,0.0,91,34944,买盘
11:28:44,3.83,-0.01,236,90481,卖盘
11:28:50,3.84,0.01,376,144188,买盘
11:28:53,3.83,-0.01,100,38300,卖盘
11:28:56,3.84,0.01,193,74104,买盘
11:28:59,3.85,0.01,701,268500,买盘
11:29:02,3.83,-0.02,65,24908,卖盘
11:29:05,3.84,0.01,37,14201,买盘
11:29:08,3.83,-0.01,188,72006,卖盘
11:29:11,3.84,0.01,1530,586010,买盘
11:29:14,3.84,0.0,366,140340,买盘
11:29:20,3.84,0.0,33,12672,买盘
11:29:23,3.83,-0.01,1287,492941,卖盘
11:29:26,3.83,0.0,457,175468,卖盘
11:29:29,3.83,0.0,363,139054,卖盘
11:29:32,3.83,0.0,277,106101,卖盘
11:29:35,3.83,0.0,133,50939,卖盘
11:29:38,3.84,0.01,79,30336,卖盘
11:29:41,3.84,0.0,73,27998,买盘
11:29:44,3.84,0.0,25,9576,买盘
11:29:50,3.84,0.0,264,101353,买盘
11:29:53,3.84,0.0,181,69494,卖盘
11:29:56,3.83,-0.01,138,52867,卖盘
11:29:59,3.83,0.0,240,91927,卖盘
11:30:02,3.84,0.01,14,5376,买盘
13:00:02,3.84,0.0,3134,1198591,买盘
13:00:05,3.84,0.0,3096,1184355,买盘
13:00:08,3.85,0.01,1579,606645,买盘
13:00:11,3.84,-0.01,3174,1217017,卖盘
13:00:14,3.82,-0.02,434,165874,卖盘
13:00:17,3.82,0.0,478,182345,买盘
13:00:20,3.81,-0.01,521,198506,卖盘
13:00:26,3.81,0.0,422,160787,卖盘
13:00:29,3.82,0.01,1511,576757,买盘
13:00:32,3.8,-0.02,9283,3532043,卖盘
13:00:35,3.81,0.01,190,72267,中性盘
13:00:38,3.81,0.0,28,10668,买盘
13:00:41,3.8,-0.01,16017,6074819,卖盘
13:00:44,3.8,0.0,522,197456,买盘
13:00:47,3.8,0.0,4470,1694498,买盘
13:00:50,3.8,0.0,357,135883,卖盘
13:00:53,3.8,0.0,4547,1719749,卖盘
13:00:56,3.78,-0.02,1077,407234,卖盘
13:00:59,3.79,0.01,131,49547,中性盘
13:01:02,3.79,0.0,126,47849,买盘
13:01:05,3.79,0.0,864,327466,卖盘
13:01:08,3.79,0.0,810,306516,买盘
13:01:11,3.79,0.0,833,315363,买盘
13:01:14,3.78,-0.01,628,237505,卖盘
13:01:17,3.79,0.01,1398,529770,买盘
13:01:20,3.79,0.0,130,49270,卖盘
13:01:23,3.8,0.01,96,36419,买盘
13:01:26,3.8,0.0,33,12540,买盘
13:01:29,3.8,0.0,285,108132,买盘
13:01:32,3.81,0.01,29,11049,买盘
13:01:35,3.8,-0.01,343,130336,卖盘
13:01:38,3.8,0.0,607,230469,买盘
13:01:41,3.8,0.0,93,35339,买盘
13:01:44,3.8,0.0,42,15960,买盘
13:01:47,3.8,0.0,449,170620,买盘
13:01:50,3.8,0.0,304,115520,卖盘
13:01:53,3.8,0.0,492,186959,买盘
13:01:56,3.79,-0.01,807,306021,卖盘
13:01:59,3.79,0.0,357,135488,卖盘
13:02:02,3.8,0.01,1091,414569,买盘
13:02:05,3.79,-0.01,464,176026,卖盘
13:02:08,3.79,0.0,156,59231,卖盘
13:02:11,3.8,0.01,1457,552257,买盘
13:02:14,3.79,-0.01,669,253751,卖盘
13:02:17,3.8,0.01,236,89630,买盘
13:02:20,3.8,0.0,35,13300,买盘
13:02:23,3.8,0.0,492,186494,买盘
13:02:26,3.79,-0.01,463,175722,卖盘
13:02:29,3.8,0.01,10,3800,买盘
13:02:32,3.8,0.0,1,380,买盘
13:02:35,3.79,-0.01,99,37531,卖盘
13:02:38,3.8,0.01,58,21993,买盘
13:02:41,3.79,-0.01,280,106150,卖盘
13:02:44,3.79,0.0,297,112695,卖盘
13:02:47,3.79,0.0,299,113369,卖盘
13:02:50,3.8,0.01,250,94813,买盘
13:02:53,3.79,-0.01,240,90987,卖盘
13:02:56,3.8,0.01,100,37906,买盘
13:02:59,3.79,-0.01,528,200332,卖盘
13:03:02,3.8,0.01,270,102438,买盘
13:03:05,3.79,-0.01,71,26952,卖盘
13:03:08,3.79,0.0,396,150163,卖盘
13:03:11,3.8,0.01,296,112244,买盘
13:03:14,3.79,-0.01,434,164649,卖盘
13:03:17,3.79,0.0,7543,2852464,卖盘
13:03:20,3.79,0.0,191,72406,买盘
13:03:23,3.79,0.0,239,90581,买盘
13:03:26,3.79,0.0,90,34113,买盘
13:03:29,3.79,0.0,86,32594,卖盘
13:03:32,3.79,0.0,784,297136,卖盘
13:03:35,3.79,0.0,393,148993,卖盘
13:03:38,3.8,0.01,102,38681,买盘
13:03:41,3.79,-0.01,126,47833,卖盘
13:03:44,3.79,0.0,356,134924,卖盘
13:03:47,3.79,0.0,215,81428,买盘
13:03:50,3.79,0.0,242,91718,买盘
13:03:53,3.79,0.0,272,103088,买盘
13:03:56,3.79,0.0,2018,762904,买盘
13:03:59,3.79,0.0,350,132375,买盘
13:04:02,3.79,0.0,221,83611,买盘
13:04:05,3.79,0.0,114,43186,买盘
13:04:08,3.79,0.0,46,17408,买盘
13:04:11,3.79,0.0,665,251448,买盘
13:04:14,3.78,-0.01,201,76178,卖盘
13:04:17,3.78,0.0,8,3031,卖盘
13:04:20,3.79,0.01,309,116839,买盘
13:04:23,3.79,0.0,316,119633,买盘
13:04:26,3.79,0.0,646,244323,买盘
13:04:29,3.79,0.0,182,68978,卖盘
13:04:32,3.79,0.0,85,32215,卖盘
13:04:35,3.78,-0.01,157,59500,卖盘
13:04:38,3.79,0.01,134,50876,买盘
13:04:41,3.79,0.0,140,53154,卖盘
13:04:44,3.79,0.0,333,126382,卖盘
13:04:47,3.79,0.0,773,292579,卖盘
13:04:50,3.78,-0.01,412,156403,卖盘
13:04:53,3.78,0.0,534,202014,卖盘
13:04:56,3.8,0.02,92,34880,买盘
13:05:02,3.8,0.0,73,27700,买盘
13:05:05,3.8,0.0,175,66456,买盘
13:05:08,3.79,-0.01,116,43964,中性盘
13:05:11,3.79,0.0,225,85057,买盘
13:05:14,3.78,-0.01,6,2272,卖盘
13:05:17,3.8,0.02,871,329469,买盘
13:05:20,3.78,-0.02,212,80188,卖盘
13:05:23,3.79,0.01,109,41311,买盘
13:05:26,3.79,0.0,167,63306,卖盘
13:05:29,3.79,0.0,28,10612,卖盘
13:05:32,3.79,0.0,198,75019,卖盘
13:05:35,3.78,-0.01,221,83756,卖盘
13:05:38,3.79,0.01,340,128562,买盘
13:05:41,3.79,0.0,361,136491,买盘
13:05:44,3.78,-0.01,412,156032,卖盘
13:05:47,3.78,0.0,72,27248,卖盘
13:05:50,3.78,0.0,891,336913,卖盘
13:05:53,3.79,0.01,35,13245,买盘
13:05:56,3.78,-0.01,85,32167,卖盘
13:05:59,3.78,0.0,614,232156,卖盘
13:06:02,3.78,0.0,9,3406,卖盘
13:06:05,3.79,0.01,159,60103,买盘
13:06:08,3.79,0.0,178,67352,买盘
13:06:11,3.79,0.0,210,79590,买盘
13:06:14,3.78,-0.01,104,39415,卖盘
13:06:17,3.78,0.0,180,68044,卖盘
13:06:20,3.78,0.0,295,111518,卖盘
13:06:23,3.78,0.0,47,17787,卖盘
13:06:26,3.78,0.0,454,171956,卖盘
13:06:29,3.78,0.0,221,83609,卖盘
13:06:32,3.78,0.0,289,109284,卖盘
13:06:35,3.79,0.01,1891,715251,买盘
13:06:38,3.79,0.0,11,4169,卖盘
13:06:44,3.8,0.01,32,12152,买盘
13:06:47,3.79,-0.01,343,130007,卖盘
13:06:50,3.79,0.0,9,3418,卖盘
13:06:53,3.8,0.01,10,3800,买盘
13:06:56,3.8,0.0,367,139154,买盘
13:06:59,3.79,-0.01,71,26922,卖盘
13:07:02,3.8,0.01,108,41040,买盘
13:07:05,3.8,0.0,19,7216,买盘
13:07:08,3.79,-0.01,1084,410837,卖盘
13:07:11,3.78,-0.01,304,114990,卖盘
13:07:14,3.79,0.01,176,66702,买盘
13:07:17,3.79,0.0,181,68516,买盘
13:07:20,3.79,0.0,510,192991,买盘
13:07:23,3.79,0.0,224,84885,买盘
13:07:26,3.79,0.0,385,145767,买盘
13:07:29,3.78,-0.01,326,123328,卖盘
13:07:32,3.78,0.0,1338,505827,卖盘
13:07:35,3.78,0.0,373,141099,卖盘
13:07:38,3.79,0.01,73,27667,买盘
13:07:41,3.78,-0.01,396,149876,卖盘
13:07:44,3.79,0.01,466,176264,买盘
13:07:47,3.78,-0.01,549,207966,卖盘
13:07:50,3.79,0.01,40,15160,卖盘
13:07:56,3.79,0.0,21,7959,卖盘
13:07:59,3.79,0.0,215,81487,卖盘
13:08:02,3.8,0.01,523,198417,买盘
13:08:05,3.79,-0.01,193,73147,卖盘
13:08:08,3.8,0.01,31,11780,买盘
13:08:11,3.79,-0.01,91,34548,卖盘
13:08:14,3.8,0.01,68,25840,买盘
13:08:17,3.79,-0.01,365,138391,卖盘
13:08:20,3.8,0.01,280,106138,买盘
13:08:23,3.79,-0.01,229,86791,卖盘
13:08:26,3.8,0.01,3,1138,买盘
13:08:29,3.79,-0.01,370,140389,卖盘
13:08:32,3.8,0.01,102,38673,买盘
13:08:35,3.79,-0.01,156,59187,卖盘
13:08:38,3.79,0.0,236,89494,卖盘
13:08:41,3.8,0.01,97,36850,买盘
13:08:47,3.79,-0.01,359,136096,卖盘
13:08:50,3.8,0.01,195,73920,买盘
13:08:53,3.8,0.0,156,59254,买盘
13:08:56,3.79,-0.01,211,80178,卖盘
13:08:59,3.79,0.0,539,204760,卖盘
13:09:02,3.8,0.01,50,18990,买盘
13:09:05,3.8,0.0,12,4559,买盘
13:09:08,3.8,0.0,528,200626,买盘
13:09:11,3.79,-0.01,375,142179,卖盘
13:09:14,3.79,0.0,340,128955,卖盘
13:09:17,3.79,0.0,1,379,卖盘
13:09:20,3.79,0.0,23,8739,卖盘
13:09:23,3.8,0.01,95,36096,买盘
13:09:26,3.8,0.0,138,52394,买盘
13:09:29,3.8,0.0,29,11020,买盘
13:09:32,3.8,0.0,640,242799,买盘
13:09:35,3.8,0.0,505,191643,买盘
13:09:38,3.8,0.0,334,126767,买盘
13:09:41,3.8,0.0,140,53200,买盘
13:09:44,3.8,0.0,17,6460,买盘
13:09:47,3.8,0.0,160,60800,买盘
13:09:50,3.81,0.01,89,33822,买盘
13:09:53,3.81,0.0,2,762,买盘
13:09:56,3.81,0.0,92,35052,买盘
13:09:59,3.8,-0.01,19,7221,卖盘
13:10:02,3.81,0.01,348,132253,买盘
13:10:05,3.81,0.0,227,86588,卖盘
13:10:08,3.83,0.02,23,8809,买盘
13:10:11,3.83,0.0,194,74302,买盘
13:10:14,3.83,0.0,22,8426,买盘
13:10:17,3.83,0.0,263,100729,卖盘
13:10:20,3.83,0.0,36,13788,买盘
13:10:23,3.82,-0.01,96,36748,卖盘
13:10:26,3.82,0.0,179,68378,买盘
13:10:29,3.82,0.0,31,11842,买盘
13:10:32,3.82,0.0,51,19482,买盘
13:10:35,3.81,-0.01,72,27500,卖盘
13:10:38,3.82,0.01,120,45840,买盘
13:10:41,3.82,0.0,98,37436,买盘
13:10:44,3.83,0.01,336,128397,买盘
13:10:47,3.83,0.0,191,73153,买盘
13:10:50,3.83,0.0,29,11083,买盘
13:10:53,3.84,0.01,65,24900,买盘
13:10:56,3.84,0.0,372,142473,买盘
13:10:59,3.84,0.0,18,6912,买盘
13:11:02,3.84,0.0,34,13056,买盘
13:11:05,3.84,0.0,123,47232,买盘
13:11:08,3.83,-0.01,262,100356,卖盘
13:11:11,3.84,0.01,84,32244,买盘
13:11:14,3.83,-0.01,138,52989,卖盘
13:11:17,3.83,0.0,183,70091,卖盘
13:11:20,3.83,0.0,375,143625,卖盘
13:11:23,3.83,0.0,174,66642,买盘
13:11:26,3.83,0.0,133,50939,买盘
13:11:29,3.82,-0.01,57,21810,卖盘
13:11:32,3.83,0.01,1,383,买盘
13:11:35,3.82,-0.01,127,48635,卖盘
13:11:38,3.82,0.0,171,65324,卖盘
13:11:41,3.83,0.01,23,8809,买盘
13:11:44,3.82,-0.01,40,15300,卖盘
13:11:47,3.83,0.01,74,28341,买盘
13:11:50,3.83,0.0,63,24124,买盘
13:11:53,3.83,0.0,3,1149,买盘
13:11:56,3.83,0.0,11,4213,买盘
13:11:59,3.82,-0.01,288,110016,卖盘
13:12:02,3.81,-0.01,482,184074,卖盘
13:12:08,3.82,0.01,10,3820,买盘
13:12:11,3.82,0.0,17,6494,买盘
13:12:14,3.81,-0.01,1,381,卖盘
13:12:17,3.81,0.0,121,46221,卖盘
13:12:20,3.82,0.01,7,2673,买盘
13:12:23,3.82,0.0,785,299870,买盘
13:12:26,3.82,0.0,495,188839,卖盘
13:12:29,3.82,0.0,41,15662,卖盘
13:12:32,3.82,0.0,10,3820,买盘
13:12:35,3.81,-0.01,6,2289,卖盘
13:12:41,3.82,0.01,60,22920,买盘
13:12:44,3.82,0.0,88,33580,买盘
13:12:47,3.82,0.0,8,3056,买盘
13:12:50,3.82,0.0,463,176618,买盘
13:12:53,3.81,-0.01,267,101727,卖盘
13:12:56,3.82,0.01,32,12224,卖盘
13:12:59,3.82,0.0,22,8404,卖盘
13:13:02,3.82,0.0,25,9550,买盘
13:13:05,3.82,0.0,1,382,买盘
13:13:08,3.82,0.0,484,184584,买盘
13:13:11,3.81,-0.01,76,28956,卖盘
13:13:14,3.81,0.0,12,4582,卖盘
13:13:17,3.83,0.02,295,112489,买盘
13:13:20,3.81,-0.02,18,6858,卖盘
13:13:23,3.81,0.0,64,24390,卖盘
13:13:26,3.82,0.01,71,27121,买盘
13:13:29,3.81,-0.01,2,762,卖盘
13:13:32,3.81,0.0,336,128037,卖盘
13:13:35,3.81,0.0,317,120834,卖盘
13:13:38,3.82,0.01,93,35522,买盘
13:13:41,3.81,-0.01,400,152403,卖盘
13:13:44,3.81,0.0,43,16379,卖盘
13:13:47,3.8,-0.01,107,40680,卖盘
13:13:50,3.8,0.0,134,50981,卖盘
13:13:53,3.81,0.01,60,22854,买盘
13:13:56,3.8,-0.01,423,160770,卖盘
13:13:59,3.81,0.01,3,1143,买盘
13:14:02,3.8,-0.01,71,27000,卖盘
13:14:05,3.81,0.01,20,7602,买盘
13:14:08,3.8,-0.01,539,204872,卖盘
13:14:14,3.81,0.01,198,75426,买盘
13:14:17,3.81,0.0,211,80334,卖盘
13:14:20,3.81,0.0,15,5715,卖盘
13:14:23,3.81,0.0,163,62103,卖盘
13:14:26,3.8,-0.01,72,27410,卖盘
13:14:29,3.81,0.01,20,7620,买盘
13:14:32,3.81,0.0,313,118984,买盘
13:14:35,3.8,-0.01,65,24761,卖盘
13:14:38,3.8,0.0,224,85120,卖盘
13:14:44,3.8,0.0,42,15960,卖盘
13:14:47,3.81,0.01,324,123133,买盘
13:14:50,3.8,-0.01,29,11036,卖盘
13:14:56,3.81,0.01,688,261843,买盘
13:14:59,3.81,0.0,72,27374,买盘
13:15:02,3.81,0.0,36,13716,卖盘
13:15:05,3.8,-0.01,216,82080,卖盘
13:15:08,3.8,0.0,524,199120,卖盘
13:15:11,3.81,0.01,5,1905,买盘
13:15:14,3.81,0.0,2,762,买盘
13:15:17,3.81,0.0,11,4189,买盘
13:15:23,3.81,0.0,665,252886,买盘
13:15:26,3.81,0.0,51,19431,买盘
13:15:29,3.81,0.0,339,129159,卖盘
13:15:32,3.81,0.0,10,3810,买盘
13:15:35,3.8,-0.01,104,39622,卖盘
13:15:38,3.81,0.01,5,1902,买盘
13:15:41,3.8,-0.01,93,35340,卖盘
13:15:44,3.8,0.0,235,89301,卖盘
13:15:47,3.81,0.01,185,70485,买盘
13:15:50,3.8,-0.01,3,1140,卖盘
13:15:53,3.8,0.0,180,68405,卖盘
13:15:56,3.8,0.0,1,380,卖盘
13:15:59,3.81,0.01,22,8380,买盘
13:16:05,3.81,0.0,1,381,买盘
13:16:08,3.8,-0.01,12,4566,卖盘
13:16:11,3.81,0.01,238,90446,买盘
13:16:14,3.8,-0.01,263,99940,卖盘
13:16:17,3.81,0.01,3,1143,买盘
13:16:20,3.8,-0.01,5,1900,卖盘
13:16:23,3.8,0.0,24,9120,卖盘
13:16:26,3.81,0.01,51,19429,买盘
13:16:29,3.8,-0.01,24,9120,卖盘
13:16:35,3.8,0.0,449,170627,卖盘
13:16:38,3.81,0.01,302,114854,买盘
13:16:41,3.8,-0.01,25,9500,卖盘
13:16:44,3.81,0.01,10,3810,买盘
13:16:47,3.81,0.0,6,2286,买盘
13:16:53,3.8,-0.01,26,9880,卖盘
13:16:56,3.8,0.0,91,34660,卖盘
13:16:59,3.8,0.0,268,101840,卖盘
13:17:02,3.81,0.01,21,8001,买盘
13:17:05,3.8,-0.01,258,98040,卖盘
13:17:08,3.81,0.01,132,50292,买盘
13:17:11,3.8,-0.01,62,23560,卖盘
13:17:14,3.8,0.0,17,6472,卖盘
13:17:17,3.8,0.0,18,6843,卖盘
13:17:20,3.8,0.0,1,380,卖盘
13:17:23,3.8,0.0,327,124369,卖盘
13:17:29,3.8,0.0,128,48660,卖盘
13:17:32,3.81,0.01,480,182600,买盘
13:17:35,3.8,-0.01,278,105640,卖盘
13:17:38,3.81,0.01,26,9906,买盘
13:17:41,3.81,0.0,12,4562,买盘
13:17:44,3.81,0.0,371,140985,买盘
13:17:47,3.81,0.0,132,50292,买盘
13:17:50,3.8,-0.01,3,1140,卖盘
13:17:53,3.81,0.01,89,33909,买盘
13:17:56,3.8,-0.01,278,105640,卖盘
13:17:59,3.81,0.01,2,762,买盘
13:18:02,3.8,-0.01,60,22800,卖盘
13:18:05,3.8,0.0,1,380,卖盘
13:18:08,3.81,0.01,303,115191,买盘
13:18:11,3.81,0.0,20,7620,买盘
13:18:14,3.8,-0.01,10,3808,卖盘
13:18:17,3.8,0.0,252,95795,卖盘
13:18:20,3.81,0.01,108,41140,买盘
13:18:23,3.8,-0.01,1,380,卖盘
13:18:29,3.81,0.01,21,7981,买盘
13:18:35,3.8,-0.01,2,760,卖盘
13:18:38,3.8,0.0,443,168340,卖盘
13:18:41,3.8,0.0,128,48640,卖盘
13:18:44,3.8,0.0,17,6461,卖盘
13:18:47,3.81,0.01,10,3802,买盘
13:18:50,3.81,0.0,72,27405,买盘
13:18:53,3.8,-0.01,180,68476,卖盘
13:18:56,3.81,0.01,32,12190,买盘
13:18:59,3.81,0.0,363,137980,买盘
13:19:02,3.8,-0.01,263,99940,卖盘
13:19:05,3.81,0.01,2,762,买盘
13:19:11,3.81,0.0,30,11430,买盘
13:19:14,3.8,-0.01,14,5333,卖盘
13:19:17,3.8,0.0,50,19031,卖盘
13:19:20,3.8,0.0,1,380,卖盘
13:19:26,3.8,0.0,462,175560,卖盘
13:19:29,3.8,0.0,83,31469,买盘
13:19:32,3.8,0.0,55,20897,买盘
13:19:35,3.79,-0.01,55,20897,卖盘
13:19:38,3.8,0.01,15,5700,买盘
13:19:41,3.79,-0.01,11,4169,卖盘
13:19:44,3.79,0.0,29,10991,卖盘
13:19:47,3.79,0.0,84,31836,卖盘
13:19:50,3.8,0.01,333,126293,买盘
13:19:53,3.79,-0.01,283,107295,卖盘
13:19:56,3.79,0.0,52,19747,卖盘
13:19:59,3.79,0.0,1778,673982,卖盘
13:20:02,3.8,0.01,519,196748,买盘
13:20:05,3.8,0.0,28,10638,买盘
13:20:08,3.79,-0.01,140,53060,卖盘
13:20:11,3.79,0.0,268,101572,卖盘
13:20:14,3.79,0.0,193,73157,卖盘
13:20:17,3.79,0.0,55,20850,卖盘
13:20:20,3.8,0.01,30,11400,买盘
13:20:26,3.8,0.0,18,6837,买盘
13:20:29,3.8,0.0,11,4180,买盘
13:20:32,3.79,-0.01,490,185852,卖盘
13:20:35,3.79,0.0,55,20898,卖盘
13:20:38,3.8,0.01,50,18965,买盘
13:20:41,3.79,-0.01,240,90969,卖盘
13:20:44,3.8,0.01,1012,384560,买盘
13:20:47,3.79,-0.01,1420,538180,卖盘
13:20:53,3.8,0.01,568,215729,买盘
13:20:56,3.79,-0.01,244,92476,卖盘
13:20:59,3.79,0.0,290,109910,卖盘
13:21:02,3.79,0.0,264,100081,卖盘
13:21:05,3.8,0.01,17,6459,买盘
13:21:08,3.79,-0.01,1,379,卖盘
13:21:11,3.8,0.01,164,62298,买盘
13:21:14,3.79,-0.01,2355,892567,卖盘
13:21:17,3.79,0.0,56,21250,卖盘
13:21:20,3.79,0.0,355,134575,卖盘
13:21:23,3.79,0.0,146,55397,卖盘
13:21:26,3.79,0.0,6941,2630639,卖盘
13:21:29,3.8,0.01,519,196816,买盘
13:21:32,3.8,0.0,1501,568880,买盘
13:21:35,3.8,0.0,2364,896035,买盘
13:21:38,3.8,0.0,10,3797,买盘
13:21:41,3.8,0.0,116,44071,买盘
13:21:44,3.79,-0.01,64,24299,卖盘
13:21:47,3.78,-0.01,128,48394,卖盘
13:21:50,3.79,0.01,1477,559488,买盘
13:21:53,3.78,-0.01,387,146652,卖盘
13:21:56,3.78,0.0,229,86572,卖盘
13:21:59,3.79,0.01,64,24211,买盘
13:22:02,3.78,-0.01,218,82404,卖盘
13:22:05,3.78,0.0,281,106323,卖盘
13:22:08,3.78,0.0,1055,398790,卖盘
13:22:11,3.79,0.01,28,10611,买盘
13:22:14,3.78,-0.01,729,275562,卖盘
13:22:17,3.78,0.0,345,130489,卖盘
13:22:20,3.78,0.0,227,85806,卖盘
13:22:23,3.78,0.0,40,15120,卖盘
13:22:26,3.79,0.01,175,66153,买盘
13:22:29,3.78,-0.01,42,15876,卖盘
13:22:32,3.79,0.01,341,128912,买盘
13:22:35,3.78,-0.01,89,33672,卖盘
13:22:38,3.79,0.01,175,66175,买盘
13:22:41,3.79,0.0,170,64279,买盘
13:22:44,3.78,-0.01,342,129289,卖盘
13:22:47,3.79,0.01,14,5306,买盘
13:22:50,3.78,-0.01,217,82061,卖盘
13:22:53,3.79,0.01,23,8717,买盘
13:22:56,3.78,-0.01,529,199962,卖盘
13:22:59,3.79,0.01,19,7200,买盘
13:23:02,3.78,-0.01,456,172423,卖盘
13:23:05,3.78,0.0,44,16632,卖盘
13:23:08,3.78,0.0,11,4158,卖盘
13:23:14,3.79,0.01,2,758,买盘
13:23:17,3.78,-0.01,77,29167,卖盘
13:23:20,3.79,0.01,76,28774,买盘
13:23:23,3.79,0.0,467,176616,买盘
13:23:26,3.79,0.0,220,83190,买盘
13:23:32,3.79,0.0,20,7580,买盘
13:23:35,3.78,-0.01,7,2650,卖盘
13:23:38,3.79,0.01,19,7201,买盘
13:23:41,3.78,-0.01,23,8698,卖盘
13:23:44,3.78,0.0,2100,793813,卖盘
13:23:47,3.78,0.0,42,15882,卖盘
13:23:50,3.78,0.0,100,37800,卖盘
13:23:53,3.79,0.01,255,96395,买盘
13:23:56,3.78,-0.01,109,41202,卖盘
13:23:59,3.79,0.01,67,25336,买盘
13:24:02,3.78,-0.01,288,108864,卖盘
13:24:05,3.78,0.0,48,18149,卖盘
13:24:08,3.78,0.0,643,243421,卖盘
13:24:11,3.79,0.01,213,80643,买盘
13:24:14,3.79,0.0,63,23877,买盘
13:24:17,3.78,-0.01,199,75222,卖盘
13:24:20,3.78,0.0,55,20790,卖盘
13:24:23,3.79,0.01,90,34110,买盘
13:24:26,3.79,0.0,21,7956,买盘
13:24:29,3.78,-0.01,452,170856,卖盘
13:24:35,3.78,0.0,243,91874,卖盘
13:24:38,3.78,0.0,1599,605991,卖盘
13:24:41,3.79,0.01,3129,1185885,买盘
13:24:44,3.79,0.0,99,37521,买盘
13:24:47,3.78,-0.01,3352,1267575,卖盘
13:24:50,3.78,0.0,134,50652,买盘
13:24:53,3.78,0.0,223,84274,买盘
13:24:56,3.78,0.0,88,33246,买盘
13:24:59,3.77,-0.01,200,75400,卖盘
13:25:02,3.78,0.01,330,124724,买盘
13:25:05,3.78,0.0,305,115267,买盘
13:25:08,3.78,0.0,368,138903,买盘
13:25:11,3.77,-0.01,254,95783,卖盘
13:25:14,3.78,0.01,62,23436,买盘
13:25:17,3.78,0.0,56,21163,买盘
13:25:20,3.78,0.0,38,14364,买盘
13:25:23,3.77,-0.01,889,335170,卖盘
13:25:26,3.78,0.01,109,41170,买盘
13:25:29,3.78,0.0,278,105024,买盘
13:25:32,3.78,0.0,179,67644,买盘
13:25:35,3.78,0.0,49,18511,买盘
13:25:38,3.78,0.0,69,26082,卖盘
13:25:44,3.78,0.0,111,42058,卖盘
13:25:47,3.78,0.0,97,36679,卖盘
13:25:50,3.79,0.01,1,379,买盘
13:25:53,3.78,-0.01,110,41674,卖盘
13:25:56,3.79,0.01,38,14386,买盘
13:25:59,3.79,0.0,5,1895,买盘
13:26:02,3.79,0.0,191,72349,卖盘
13:26:05,3.79,0.0,3,1137,卖盘
13:26:08,3.8,0.01,349,132620,买盘
13:26:11,3.8,0.0,10,3800,卖盘
13:26:14,3.8,0.0,31,11780,卖盘
13:26:17,3.8,0.0,2,760,卖盘
13:26:20,3.81,0.01,117,44577,买盘
13:26:23,3.81,0.0,70,26610,买盘
13:26:26,3.81,0.0,3,1143,买盘
13:26:29,3.81,0.0,49,18668,买盘
13:26:35,3.8,-0.01,165,62852,卖盘
13:26:38,3.81,0.01,10,3810,买盘
13:26:41,3.81,0.0,145,55135,买盘
13:26:44,3.81,0.0,14,5334,买盘
13:26:47,3.81,0.0,11,4191,买盘
13:26:50,3.8,-0.01,29,11037,卖盘
13:26:53,3.81,0.01,8,3048,买盘
13:26:56,3.81,0.0,24,9144,买盘
13:27:02,3.81,0.0,15,5715,买盘
13:27:05,3.8,-0.01,8,3040,卖盘
13:27:08,3.8,0.0,36,13680,卖盘
13:27:11,3.81,0.01,59,22429,买盘
13:27:14,3.8,-0.01,2,761,卖盘
13:27:17,3.8,0.0,12,4560,卖盘
13:27:20,3.8,0.0,187,71123,卖盘
13:27:23,3.8,0.0,13,4942,卖盘
13:27:26,3.81,0.01,54,20573,买盘
13:27:29,3.8,-0.01,96,36480,卖盘
13:27:32,3.8,0.0,49,18608,买盘
13:27:35,3.8,0.0,434,164920,买盘
13:27:38,3.8,0.0,126,47880,卖盘
13:27:44,3.81,0.01,40,15240,买盘
13:27:47,3.81,0.0,1,381,买盘
13:27:53,3.81,0.0,20,7620,买盘
13:27:56,3.81,0.0,3,1141,买盘
13:27:59,3.81,0.0,45,17145,买盘
13:28:02,3.81,0.0,254,96774,买盘
13:28:05,3.81,0.0,25,9501,买盘
13:28:08,3.81,0.0,21,8000,买盘
13:28:11,3.81,0.0,24,9144,买盘
13:28:14,3.81,0.0,58,22041,买盘
13:28:20,3.8,-0.01,7,2660,卖盘
13:28:29,3.81,0.01,131,49856,买盘
13:28:32,3.81,0.0,24,9144,卖盘
13:28:35,3.8,-0.01,53,20190,卖盘
13:28:38,3.8,0.0,1,380,卖盘
13:28:41,3.8,0.0,1977,751394,卖盘
13:28:44,3.8,0.0,45,17100,买盘
13:28:47,3.79,-0.01,530,201007,卖盘
13:28:50,3.8,0.01,5,1900,卖盘
13:28:53,3.79,-0.01,10,3790,卖盘
13:28:56,3.79,0.0,3,1137,卖盘
13:28:59,3.8,0.01,54,20476,买盘
13:29:02,3.8,0.0,21,7980,买盘
13:29:08,3.8,0.0,261,99048,买盘
13:29:11,3.79,-0.01,20,7580,卖盘
13:29:14,3.79,0.0,31,11773,卖盘
13:29:20,3.79,0.0,19,7211,卖盘
13:29:26,3.79,0.0,244,92516,卖盘
13:29:32,3.8,0.01,5,1900,买盘
13:29:35,3.79,-0.01,9,3411,卖盘
13:29:38,3.8,0.01,219,83211,买盘
13:29:41,3.8,0.0,1,380,买盘
13:29:44,3.8,0.0,35,13295,买盘
13:29:47,3.8,0.0,32,12160,买盘
13:29:50,3.8,0.0,115,43677,买盘
13:29:53,3.8,0.0,101,38380,卖盘
13:29:59,3.8,0.0,20,7600,卖盘
13:30:08,3.8,0.0,9,3420,卖盘
13:30:11,3.81,0.01,36,13690,买盘
13:30:14,3.8,-0.01,10,3808,卖盘
13:30:20,3.8,0.0,2,760,卖盘
13:30:23,3.8,0.0,11,4180,卖盘
13:30:26,3.8,0.0,5,1900,卖盘
13:30:29,3.8,0.0,1,380,卖盘
13:30:32,3.8,0.0,118,44860,卖盘
13:30:35,3.8,0.0,33,12540,卖盘
13:30:38,3.81,0.01,13,4953,买盘
13:30:41,3.81,0.0,1,381,买盘
13:30:44,3.81,0.0,61,23241,买盘
13:30:56,3.81,0.0,24,9142,买盘
13:30:59,3.8,-0.01,54,20565,卖盘
13:31:02,3.81,0.01,2,762,买盘
13:31:05,3.81,0.0,5,1905,买盘
13:31:08,3.8,-0.01,1,380,卖盘
13:31:11,3.81,0.01,25,9525,买盘
13:31:14,3.8,-0.01,17,6476,卖盘
13:31:20,3.81,0.01,3,1143,买盘
13:31:23,3.81,0.0,51,19431,买盘
13:31:26,3.81,0.0,3,1141,买盘
13:31:32,3.81,0.0,123,46855,买盘
13:31:35,3.8,-0.01,4,1521,卖盘
13:31:41,3.81,0.01,48,18288,买盘
13:31:44,3.81,0.0,103,39174,买盘
13:31:47,3.81,0.0,290,110490,买盘
13:31:53,3.81,0.0,45,17145,买盘
13:31:56,3.81,0.0,63,24003,买盘
13:31:59,3.81,0.0,50,19050,买盘
13:32:02,3.81,0.0,49,18639,买盘
13:32:05,3.8,-0.01,35,13305,卖盘
13:32:08,3.81,0.01,11,4191,买盘
13:32:11,3.81,0.0,57,21717,买盘
13:32:14,3.8,-0.01,35,13300,卖盘
13:32:17,3.8,0.0,99,37718,卖盘
13:32:20,3.8,0.0,2,761,卖盘
13:32:23,3.81,0.01,57,21717,买盘
13:32:26,3.81,0.0,76,28956,卖盘
13:32:29,3.81,0.0,74,28198,卖盘
13:32:32,3.81,0.0,11,4191,买盘
13:32:35,3.8,-0.01,31,11808,卖盘
13:32:38,3.8,0.0,6,2280,卖盘
13:32:41,3.8,0.0,35,13300,卖盘
13:32:44,3.8,0.0,161,61180,卖盘
13:32:47,3.81,0.01,1,381,买盘
13:32:53,3.81,0.0,131,49911,买盘
13:32:56,3.81,0.0,7,2665,买盘
13:32:59,3.81,0.0,99,37718,买盘
13:33:02,3.8,-0.01,14,5320,卖盘
13:33:08,3.8,0.0,57,21714,卖盘
13:33:14,3.8,0.0,1,380,卖盘
13:33:20,3.82,0.02,47,17909,买盘
13:33:23,3.81,-0.01,100,38100,中性盘
13:33:26,3.81,0.0,6,2286,买盘
13:33:32,3.8,-0.01,10,3800,卖盘
13:33:35,3.8,0.0,4,1520,卖盘
13:33:38,3.81,0.01,50,19050,买盘
13:33:41,3.81,0.0,1,381,买盘
13:33:44,3.81,0.0,90,34290,买盘
13:33:47,3.81,0.0,7,2667,买盘
13:33:50,3.8,-0.01,10,3800,卖盘
13:33:53,3.81,0.01,88,33528,买盘
13:33:56,3.81,0.0,68,25908,卖盘
13:33:59,3.8,-0.01,13,4952,卖盘
13:34:02,3.8,0.0,1,380,卖盘
13:34:08,3.81,0.01,5,1905,买盘
13:34:11,3.81,0.0,14,5334,买盘
13:34:14,3.81,0.0,141,53721,买盘
13:34:17,3.81,0.0,77,29335,买盘
13:34:20,3.81,0.0,4,1524,买盘
13:34:23,3.81,0.0,1,381,买盘
13:34:26,3.8,-0.01,40,15201,卖盘
13:34:29,3.81,0.01,102,38862,买盘
13:34:32,3.81,0.0,16,6090,买盘
13:34:35,3.8,-0.01,646,245667,卖盘
13:34:41,3.81,0.01,24,9142,买盘
13:34:44,3.8,-0.01,94,35730,卖盘
13:34:50,3.81,0.01,24,9144,买盘
13:34:53,3.8,-0.01,15,5700,卖盘
13:34:56,3.8,0.0,13,4950,卖盘
13:34:59,3.8,0.0,92,35051,卖盘
13:35:05,3.81,0.01,82,31242,买盘
13:35:08,3.81,0.0,2,762,买盘
13:35:11,3.8,-0.01,36,13680,卖盘
13:35:14,3.8,0.0,78,29717,卖盘
13:35:17,3.8,0.0,18,6857,卖盘
13:35:20,3.8,0.0,1,380,卖盘
13:35:23,3.81,0.01,182,69314,买盘
13:35:26,3.8,-0.01,640,243287,卖盘
13:35:29,3.8,0.0,60,22859,卖盘
13:35:32,3.81,0.01,256,97536,买盘
13:35:35,3.8,-0.01,167,63505,卖盘
13:35:38,3.81,0.01,233,88543,买盘
13:35:41,3.8,-0.01,18,6840,卖盘
13:35:44,3.8,0.0,1,380,卖盘
13:35:47,3.81,0.01,180,68580,买盘
13:35:50,3.8,-0.01,1175,446532,卖盘
13:35:53,3.81,0.01,50,19050,买盘
13:35:56,3.8,-0.01,71,27048,卖盘
13:36:05,3.81,0.01,18,6858,买盘
13:36:08,3.81,0.0,59,22462,买盘
13:36:11,3.81,0.0,3,1143,买盘
13:36:14,3.8,-0.01,89,33907,卖盘
13:36:20,3.81,0.01,65,24765,买盘
13:36:23,3.8,-0.01,3,1140,卖盘
13:36:26,3.81,0.01,1,381,买盘
13:36:29,3.81,0.0,58,22064,买盘
13:36:32,3.81,0.0,3,1143,买盘
13:36:35,3.79,-0.02,1869,710231,卖盘
13:36:38,3.79,0.0,6,2274,卖盘
13:36:44,3.8,0.01,40,15200,买盘
13:36:47,3.79,-0.01,9,3413,卖盘
13:36:50,3.8,0.01,40,15200,买盘
13:36:53,3.8,0.0,1,380,买盘
13:36:56,3.79,-0.01,9,3411,卖盘
13:36:59,3.79,0.0,1,379,卖盘
13:37:02,3.79,0.0,16,6064,卖盘
13:37:05,3.79,0.0,43,16335,卖盘
13:37:08,3.8,0.01,10,3800,买盘
13:37:14,3.8,0.0,109,41420,买盘
13:37:17,3.79,-0.01,2,758,卖盘
13:37:20,3.8,0.01,474,180028,买盘
13:37:23,3.8,0.0,99,37620,卖盘
13:37:26,3.79,-0.01,113,42827,卖盘
13:37:29,3.8,0.01,33,12540,买盘
13:37:32,3.79,-0.01,106,40185,卖盘
13:37:35,3.79,0.0,3,1137,卖盘
13:37:38,3.8,0.01,40,15200,买盘
13:37:41,3.79,-0.01,106,40184,卖盘
13:37:44,3.79,0.0,2,758,卖盘
13:37:47,3.8,0.01,2,760,买盘
13:37:53,3.8,0.0,9,3420,买盘
13:37:56,3.79,-0.01,2,758,卖盘
13:37:59,3.8,0.01,39,14820,买盘
13:38:08,3.8,0.0,6,2279,买盘
13:38:14,3.79,-0.01,328,124638,卖盘
13:38:17,3.79,0.0,115,43585,卖盘
13:38:20,3.8,0.01,24,9120,买盘
13:38:23,3.8,0.0,94,35631,买盘
13:38:26,3.79,-0.01,5,1895,卖盘
13:38:35,3.79,0.0,3,1138,卖盘
13:38:38,3.79,0.0,11,4179,卖盘
13:38:41,3.8,0.01,1,380,买盘
13:38:44,3.8,0.0,13,4938,买盘
13:38:47,3.8,0.0,120,45490,买盘
13:38:50,3.8,0.0,10,3800,买盘
13:38:53,3.8,0.0,53,20095,买盘
13:38:56,3.79,-0.01,1,379,卖盘
13:38:59,3.8,0.01,23,8736,买盘
13:39:02,3.79,-0.01,6,2274,卖盘
13:39:05,3.79,0.0,21,7979,卖盘
13:39:08,3.79,0.0,41,15559,卖盘
13:39:11,3.79,0.0,177,67083,卖盘
13:39:14,3.79,0.0,1,379,卖盘
13:39:17,3.79,0.0,28,10617,卖盘
13:39:20,3.79,0.0,157,59503,卖盘
13:39:26,3.79,0.0,32,12128,卖盘
13:39:29,3.8,0.01,270,102382,买盘
13:39:32,3.8,0.0,5,1900,买盘
13:39:35,3.79,-0.01,23,8737,卖盘
13:39:38,3.8,0.01,17,6460,买盘
13:39:44,3.79,-0.01,10,3790,卖盘
13:39:47,3.8,0.01,2,760,买盘
13:39:50,3.8,0.0,16,6080,买盘
13:39:53,3.8,0.0,13,4940,买盘
13:39:56,3.79,-0.01,2,758,卖盘
13:39:59,3.8,0.01,2,760,买盘
13:40:02,3.79,-0.01,147,55713,卖盘
13:40:05,3.79,0.0,24,9096,卖盘
13:40:08,3.8,0.01,3,1139,买盘
13:40:14,3.79,-0.01,8,3039,卖盘
13:40:17,3.79,0.0,170,64430,卖盘
13:40:20,3.79,0.0,809,306611,卖盘
13:40:23,3.79,0.0,92,34868,卖盘
13:40:26,3.79,0.0,2,758,卖盘
13:40:32,3.8,0.01,10,3798,买盘
13:40:35,3.79,-0.01,3,1137,卖盘
13:40:38,3.79,0.0,639,242181,卖盘
13:40:41,3.79,0.0,65,24635,买盘
13:40:44,3.78,-0.01,4,1512,卖盘
13:40:47,3.78,0.0,218,82577,卖盘
13:40:50,3.79,0.01,139,52681,买盘
13:40:53,3.78,-0.01,254,96120,卖盘
13:40:56,3.79,0.01,47,17816,买盘
13:40:59,3.79,0.0,13,4925,买盘
13:41:05,3.79,0.0,5,1895,买盘
13:41:08,3.79,0.0,172,65150,买盘
13:41:11,3.78,-0.01,6,2268,卖盘
13:41:14,3.78,0.0,82,30996,卖盘
13:41:17,3.78,0.0,2,756,卖盘
13:41:20,3.79,0.01,12,4546,买盘
13:41:23,3.78,-0.01,34,12854,卖盘
13:41:26,3.79,0.01,40,15160,买盘
13:41:29,3.79,0.0,104,39416,买盘
13:41:32,3.79,0.0,42,15918,买盘
13:41:35,3.78,-0.01,32,12124,卖盘
13:41:38,3.79,0.01,20,7580,买盘
13:41:41,3.78,-0.01,89,33642,卖盘
13:41:44,3.79,0.01,10,3790,买盘
13:41:47,3.79,0.0,57,21553,买盘
13:41:50,3.79,0.0,113,42825,买盘
13:41:53,3.79,0.0,140,53060,买盘
13:41:56,3.79,0.0,143,54194,买盘
13:41:59,3.79,0.0,10,3790,买盘
13:42:02,3.79,0.0,286,108129,买盘
13:42:05,3.79,0.0,1774,670598,买盘
13:42:08,3.79,0.0,14,5306,买盘
13:42:11,3.79,0.0,83,31457,买盘
13:42:14,3.78,-0.01,31,11733,卖盘
13:42:17,3.78,0.0,113,42754,卖盘
13:42:20,3.79,0.01,9,3411,买盘
13:42:23,3.79,0.0,46,17434,买盘
13:42:26,3.78,-0.01,175,66160,卖盘
13:42:29,3.79,0.01,15,5685,买盘
13:42:32,3.78,-0.01,370,140159,卖盘
13:42:35,3.78,0.0,34,12852,卖盘
13:42:38,3.79,0.01,66,25014,买盘
13:42:44,3.78,-0.01,52,19656,卖盘
13:42:50,3.79,0.01,26,9854,买盘
13:42:53,3.78,-0.01,29,10962,卖盘
13:42:56,3.78,0.0,103,39026,卖盘
13:42:59,3.79,0.01,153,57987,买盘
13:43:02,3.78,-0.01,60,22680,卖盘
13:43:05,3.78,0.0,2,757,卖盘
13:43:08,3.78,0.0,11,4168,卖盘
13:43:11,3.78,0.0,2,756,卖盘
13:43:14,3.78,0.0,2,756,卖盘
13:43:17,3.78,0.0,35,13264,卖盘
13:43:20,3.79,0.01,21,7942,买盘
13:43:23,3.79,0.0,208,78755,买盘
13:43:29,3.78,-0.01,132,49896,卖盘
13:43:32,3.79,0.01,32,12128,买盘
13:43:35,3.79,0.0,51,19326,买盘
13:43:41,3.79,0.0,13,4926,买盘
13:43:44,3.79,0.0,154,58366,买盘
13:43:50,3.79,0.0,63,23877,买盘
13:43:53,3.79,0.0,6,2274,买盘
13:43:56,3.78,-0.01,1,378,卖盘
13:43:59,3.79,0.01,56,21224,买盘
13:44:02,3.79,0.0,33,12507,买盘
13:44:05,3.79,0.0,598,226054,买盘
13:44:08,3.79,0.0,2,758,买盘
13:44:11,3.79,0.0,78,29562,买盘
13:44:14,3.78,-0.01,41,15508,卖盘
13:44:17,3.79,0.01,22,8338,买盘
13:44:20,3.78,-0.01,30,11340,卖盘
13:44:23,3.79,0.01,11,4169,买盘
13:44:26,3.79,0.0,11,4168,买盘
13:44:29,3.79,0.0,34,12886,买盘
13:44:35,3.78,-0.01,21,7951,卖盘
13:44:38,3.79,0.01,10,3790,买盘
13:44:41,3.78,-0.01,7,2652,卖盘
13:44:44,3.78,0.0,151,57183,卖盘
13:44:47,3.79,0.01,10,3790,买盘
13:44:50,3.79,0.0,34,12885,买盘
