成交时间,成交价格,价格变动,成交量,成交金额,性质
09:25:03,7.29,0.0,1726,1258254,卖盘
09:30:03,7.3,0.01,61,44514,买盘
09:30:06,7.3,0.0,622,452915,卖盘
09:30:09,7.32,0.02,787,574140,买盘
09:30:12,7.32,0.0,78,57032,卖盘
09:30:15,7.31,-0.01,185,135321,卖盘
09:30:18,7.34,0.03,169,124012,买盘
09:30:21,7.34,0.0,500,366371,买盘
09:30:24,7.35,0.01,720,526960,买盘
09:30:27,7.32,-0.03,163,119479,卖盘
09:30:30,7.32,0.0,219,160634,卖盘
09:30:33,7.3,-0.02,845,617540,卖盘
09:30:36,7.32,0.02,141,103176,买盘
09:30:39,7.3,-0.02,230,168356,卖盘
09:30:42,7.32,0.02,158,115634,买盘
09:30:45,7.34,0.02,375,274858,买盘
09:30:48,7.34,0.0,776,569707,买盘
09:30:51,7.35,0.01,269,197614,买盘
09:30:54,7.35,0.0,117,85938,卖盘
09:30:57,7.36,0.01,70,51454,买盘
09:31:00,7.35,-0.01,127,93365,买盘
09:31:03,7.36,0.01,126,92629,买盘
09:31:06,7.36,0.0,193,141772,买盘
09:31:09,7.35,-0.01,48,35280,卖盘
09:31:12,7.36,0.01,58,42650,买盘
09:31:15,7.35,-0.01,83,60961,卖盘
09:31:18,7.33,-0.02,273,200163,卖盘
09:31:21,7.33,0.0,59,43256,买盘
09:31:24,7.33,0.0,93,68291,卖盘
09:31:27,7.33,0.0,25,18310,买盘
09:31:30,7.33,0.0,208,152445,买盘
09:31:33,7.34,0.01,96,70410,买盘
09:31:36,7.33,-0.01,161,117836,买盘
09:31:39,7.32,-0.01,31,22687,中性盘
09:31:42,7.32,0.0,15,10980,买盘
09:31:45,7.32,0.0,509,372445,买盘
09:31:48,7.34,0.02,1035,757764,买盘
09:31:51,7.34,0.0,171,125666,中性盘
09:31:54,7.34,0.0,36,26418,卖盘
09:32:00,7.34,0.0,241,176878,买盘
09:32:03,7.34,0.0,33,24222,买盘
09:32:06,7.34,0.0,31,22744,买盘
09:32:09,7.33,-0.01,133,97489,卖盘
09:32:12,7.32,-0.01,438,320616,卖盘
09:32:15,7.31,-0.01,152,111124,卖盘
09:32:18,7.31,0.0,56,40936,买盘
09:32:21,7.3,-0.01,431,314665,卖盘
09:32:24,7.31,0.01,50,36501,买盘
09:32:27,7.3,-0.01,778,567955,卖盘
09:32:30,7.3,0.0,69,50320,买盘
09:32:33,7.3,0.0,274,199944,买盘
09:32:36,7.3,0.0,53,38686,买盘
09:32:39,7.29,-0.01,677,493546,卖盘
09:32:42,7.28,-0.01,1483,1081045,卖盘
09:32:45,7.27,-0.01,241,175178,卖盘
09:32:48,7.29,0.02,212,154285,买盘
09:32:51,7.29,0.0,248,180773,买盘
09:32:54,7.28,-0.01,56,40768,卖盘
09:32:57,7.28,0.0,85,61930,买盘
09:33:03,7.29,0.01,921,671072,买盘
09:33:06,7.28,-0.01,732,533626,卖盘
09:33:09,7.29,0.01,35,25516,卖盘
09:33:12,7.29,0.0,2,1458,卖盘
09:33:15,7.3,0.01,1,730,买盘
09:33:18,7.29,-0.01,26,18975,卖盘
09:33:21,7.3,0.01,311,227029,买盘
09:33:24,7.3,0.0,54,39420,卖盘
09:33:27,7.31,0.01,1,731,买盘
09:33:30,7.3,-0.01,39,28470,卖盘
09:33:33,7.31,0.01,337,245855,买盘
09:33:36,7.31,0.0,4,2924,卖盘
09:33:39,7.31,0.0,73,53377,卖盘
09:33:42,7.31,0.0,8,5848,买盘
09:33:45,7.3,-0.01,5,3654,卖盘
09:33:48,7.3,0.0,261,190568,卖盘
09:33:51,7.3,0.0,72,52560,买盘
09:33:54,7.3,0.0,13,9490,买盘
09:33:57,7.3,0.0,19,13870,买盘
09:34:00,7.3,0.0,206,150310,买盘
09:34:03,7.3,0.0,24,17520,买盘
09:34:06,7.29,-0.01,161,117380,卖盘
09:34:09,7.3,0.01,310,226295,买盘
09:34:12,7.32,0.02,780,570045,买盘
09:34:15,7.32,0.0,199,145669,卖盘
09:34:18,7.31,-0.01,41,29978,卖盘
09:34:21,7.33,0.02,36,26382,买盘
09:34:24,7.31,-0.02,1,731,卖盘
09:34:27,7.33,0.02,99,72477,买盘
09:34:30,7.33,0.0,140,102620,买盘
09:34:33,7.32,-0.01,71,51998,卖盘
09:34:36,7.34,0.02,6,4404,买盘
09:34:39,7.34,0.0,1,734,买盘
09:34:42,7.33,-0.01,102,74757,卖盘
09:34:45,7.33,0.0,4,2934,卖盘
09:34:48,7.34,0.01,14,10276,买盘
09:34:51,7.34,0.0,75,54996,买盘
09:34:54,7.33,-0.01,186,136485,卖盘
09:34:57,7.33,0.0,52,38167,卖盘
09:35:03,7.33,0.0,129,94559,卖盘
09:35:06,7.32,-0.01,134,98137,卖盘
09:35:09,7.33,0.01,8,5859,买盘
09:35:12,7.33,0.0,32,23456,买盘
09:35:15,7.34,0.01,1,734,买盘
09:35:18,7.33,-0.01,125,91617,卖盘
09:35:21,7.33,0.0,25,18325,买盘
09:35:24,7.32,-0.01,42,30752,卖盘
09:35:27,7.32,0.0,50,36643,卖盘
09:35:30,7.33,0.01,252,184622,卖盘
09:35:33,7.34,0.01,92,67505,买盘
09:35:36,7.33,-0.01,190,139321,卖盘
09:35:39,7.34,0.01,35,25691,中性盘
09:35:42,7.34,0.0,41,30094,卖盘
09:35:45,7.33,-0.01,39,28592,卖盘
09:35:48,7.34,0.01,39,28626,买盘
09:35:51,7.34,0.0,5,3670,买盘
09:35:54,7.34,0.0,55,40370,买盘
09:35:57,7.34,0.0,249,182766,买盘
09:36:00,7.35,0.01,108,79380,买盘
09:36:03,7.36,0.01,697,512309,买盘
09:36:06,7.37,0.01,410,301904,买盘
09:36:09,7.37,0.0,209,154028,买盘
09:36:12,7.37,0.0,15,11045,买盘
09:36:15,7.36,-0.01,265,195146,卖盘
09:36:18,7.37,0.01,159,117153,买盘
09:36:21,7.37,0.0,90,66330,买盘
09:36:24,7.37,0.0,406,299222,卖盘
09:36:27,7.37,0.0,115,84753,买盘
09:36:30,7.36,-0.01,453,333425,卖盘
09:36:33,7.36,0.0,200,147188,买盘
09:36:36,7.36,0.0,216,159000,买盘
09:36:39,7.35,-0.01,104,76516,卖盘
09:36:42,7.36,0.01,84,61771,买盘
09:36:45,7.36,0.0,96,70572,买盘
09:36:48,7.37,0.01,63,46390,买盘
09:36:51,7.35,-0.02,3,2206,卖盘
09:36:54,7.36,0.01,77,56630,买盘
09:36:57,7.35,-0.01,127,93348,卖盘
09:37:00,7.35,0.0,110,80804,买盘
09:37:03,7.34,-0.01,236,173468,卖盘
09:37:06,7.35,0.01,59,43323,买盘
09:37:09,7.35,0.0,74,54327,买盘
09:37:12,7.35,0.0,98,72014,买盘
09:37:15,7.35,0.0,110,80784,买盘
09:37:21,7.34,-0.01,27,19819,卖盘
09:37:24,7.35,0.01,559,411070,买盘
09:37:27,7.35,0.0,20,14700,卖盘
09:37:30,7.35,0.0,11,8085,卖盘
09:37:33,7.35,0.0,20,14700,卖盘
09:37:36,7.35,0.0,1,735,买盘
09:37:39,7.35,0.0,66,48486,买盘
09:37:42,7.36,0.01,24,17644,买盘
09:37:45,7.36,0.0,10,7360,买盘
09:37:48,7.35,-0.01,22,16172,卖盘
09:37:51,7.35,0.0,55,40425,卖盘
09:37:54,7.36,0.01,65,47830,买盘
09:37:57,7.36,0.0,76,55872,买盘
09:38:00,7.36,0.0,8,5888,卖盘
09:38:03,7.36,0.0,9,6624,买盘
09:38:06,7.36,0.0,77,56647,买盘
09:38:09,7.36,0.0,14,10300,买盘
09:38:12,7.36,0.0,24,17641,买盘
09:38:15,7.36,0.0,3,2208,买盘
09:38:18,7.36,0.0,105,77280,买盘
09:38:21,7.37,0.01,2,1474,买盘
09:38:24,7.37,0.0,157,115524,买盘
09:38:27,7.37,0.0,18,13266,买盘
09:38:30,7.36,-0.01,166,122252,卖盘
09:38:33,7.36,0.0,27,19879,卖盘
09:38:36,7.36,0.0,25,18401,卖盘
09:38:39,7.37,0.01,126,92852,买盘
09:38:42,7.37,0.0,48,35329,买盘
09:38:48,7.36,-0.01,67,49317,卖盘
09:38:51,7.37,0.01,53,39017,买盘
09:38:54,7.36,-0.01,20,14721,卖盘
09:38:57,7.36,0.0,82,60385,卖盘
09:39:00,7.37,0.01,15,11042,买盘
09:39:03,7.37,0.0,39,28743,买盘
09:39:06,7.37,0.0,10,7370,买盘
09:39:09,7.37,0.0,75,55234,买盘
09:39:12,7.36,-0.01,64,47122,卖盘
09:39:15,7.37,0.01,94,69253,买盘
09:39:18,7.36,-0.01,458,337088,卖盘
09:39:21,7.36,0.0,10,7360,买盘
09:39:24,7.35,-0.01,407,299108,卖盘
09:39:27,7.35,0.0,439,322619,买盘
09:39:30,7.35,0.0,165,121275,卖盘
09:39:33,7.34,-0.01,10,7340,卖盘
09:39:36,7.35,0.01,1,735,买盘
09:39:39,7.34,-0.01,4,2938,卖盘
09:39:42,7.35,0.01,21,15435,买盘
09:39:45,7.34,-0.01,4,2937,卖盘
09:39:48,7.35,0.01,11,8085,买盘
09:39:51,7.35,0.0,38,27915,买盘
09:39:54,7.35,0.0,182,133770,买盘
09:39:57,7.35,0.0,3,2205,买盘
09:40:00,7.35,0.0,49,36015,买盘
09:40:03,7.35,0.0,51,37485,买盘
09:40:06,7.35,0.0,51,37485,买盘
09:40:09,7.34,-0.01,27,19818,卖盘
09:40:12,7.34,0.0,145,106431,卖盘
09:40:15,7.35,0.01,15,11023,买盘
09:40:18,7.34,-0.01,2,1469,卖盘
09:40:24,7.34,0.0,72,52853,卖盘
09:40:27,7.34,0.0,59,43306,卖盘
09:40:30,7.34,0.0,1,734,买盘
09:40:33,7.33,-0.01,29,21273,卖盘
09:40:36,7.34,0.01,31,22750,买盘
09:40:39,7.33,-0.01,52,38126,卖盘
09:40:42,7.33,0.0,20,14661,卖盘
09:40:45,7.34,0.01,315,231062,买盘
09:40:48,7.33,-0.01,2,1467,卖盘
09:40:51,7.34,0.01,227,166618,买盘
09:40:54,7.35,0.01,679,499040,买盘
09:40:57,7.34,-0.01,14,10276,卖盘
09:41:00,7.34,0.0,16,11746,卖盘
09:41:03,7.35,0.01,40,29400,买盘
09:41:06,7.34,-0.01,11,8075,卖盘
09:41:09,7.34,0.0,21,15415,卖盘
09:41:12,7.34,0.0,21,15415,卖盘
09:41:15,7.34,0.0,9,6606,卖盘
09:41:18,7.34,0.0,11,8074,买盘
09:41:24,7.33,-0.01,46,33719,卖盘
09:41:27,7.33,0.0,12,8796,卖盘
09:41:30,7.33,0.0,2,1467,卖盘
09:41:33,7.33,0.0,13,9529,卖盘
09:41:36,7.33,0.0,42,30787,卖盘
09:41:39,7.34,0.01,374,274245,买盘
09:41:42,7.34,0.0,9,6610,卖盘
09:41:48,7.33,-0.01,44,32307,卖盘
09:41:54,7.34,0.01,13,9543,卖盘
09:41:57,7.34,0.0,48,35232,卖盘
09:42:00,7.34,0.0,46,33719,买盘
09:42:03,7.33,-0.01,12,8797,卖盘
09:42:06,7.34,0.01,12,8797,买盘
09:42:09,7.33,-0.01,18,13194,卖盘
09:42:12,7.33,0.0,63,46207,卖盘
09:42:15,7.34,0.01,25,18327,买盘
09:42:18,7.33,-0.01,880,645915,卖盘
09:42:21,7.33,0.0,42,30786,卖盘
09:42:24,7.33,0.0,3,2200,卖盘
09:42:27,7.33,0.0,38,27854,卖盘
09:42:30,7.34,0.01,24,17593,买盘
09:42:33,7.34,0.0,175,128433,买盘
09:42:36,7.34,0.0,6,4404,买盘
09:42:39,7.33,-0.01,65,47709,卖盘
09:42:42,7.34,0.01,11,8074,买盘
09:42:45,7.33,-0.01,34,24922,卖盘
09:42:48,7.34,0.01,13,9530,买盘
09:42:51,7.33,-0.01,314,230162,卖盘
09:42:54,7.34,0.01,36,26389,买盘
09:42:57,7.33,-0.01,45,32985,卖盘
09:43:00,7.34,0.01,49,35952,买盘
09:43:03,7.34,0.0,50,36651,买盘
09:43:06,7.35,0.01,186,136645,买盘
09:43:09,7.37,0.02,1322,972678,买盘
09:43:12,7.37,0.0,61,44957,买盘
09:43:15,7.36,-0.01,2,1472,卖盘
09:43:18,7.37,0.01,280,206329,买盘
09:43:21,7.38,0.01,191,140789,买盘
09:43:24,7.37,-0.01,10,7374,卖盘
09:43:27,7.38,0.01,131,96678,买盘
09:43:30,7.38,0.0,97,71586,买盘
09:43:33,7.38,0.0,64,47285,卖盘
09:43:36,7.39,0.01,586,433010,买盘
09:43:39,7.39,0.0,24,17722,买盘
09:43:42,7.39,0.0,44,32516,卖盘
09:43:45,7.39,0.0,75,55425,卖盘
09:43:48,7.4,0.01,50,36985,买盘
09:43:51,7.39,-0.01,5,3695,卖盘
09:43:54,7.39,0.0,155,114675,卖盘
09:43:57,7.4,0.01,73,53999,买盘
09:44:00,7.41,0.01,983,727751,买盘
09:44:03,7.4,-0.01,147,108907,卖盘
09:44:06,7.4,0.0,1312,971266,卖盘
09:44:09,7.39,-0.01,94,69497,卖盘
09:44:12,7.41,0.02,584,432253,买盘
09:44:15,7.4,-0.01,22,16280,卖盘
09:44:18,7.4,0.0,170,125873,卖盘
09:44:21,7.41,0.01,164,121511,买盘
09:44:24,7.41,0.0,15,11114,买盘
09:44:27,7.4,-0.01,143,105890,卖盘
09:44:30,7.41,0.01,2,1482,买盘
09:44:33,7.41,0.0,32,23711,买盘
09:44:36,7.41,0.0,6,4446,买盘
09:44:39,7.41,0.0,139,102999,买盘
09:44:42,7.42,0.01,408,302416,买盘
09:44:45,7.42,0.0,49,36354,买盘
09:44:48,7.42,0.0,76,56392,买盘
09:44:51,7.42,0.0,116,86030,买盘
09:44:54,7.42,0.0,51,37832,买盘
09:44:57,7.41,-0.01,60,44471,卖盘
09:45:00,7.42,0.01,17,12601,买盘
09:45:03,7.42,0.0,34,25220,买盘
09:45:06,7.42,0.0,516,382384,买盘
09:45:09,7.43,0.01,494,366992,买盘
09:45:12,7.44,0.01,47,34960,买盘
09:45:15,7.44,0.0,788,586341,买盘
09:45:18,7.45,0.01,196,145983,买盘
09:45:21,7.45,0.0,803,597792,买盘
09:45:24,7.44,-0.01,378,281232,卖盘
09:45:27,7.44,0.0,263,195652,买盘
09:45:30,7.44,0.0,244,181536,买盘
09:45:33,7.44,0.0,103,76632,买盘
09:45:36,7.44,0.0,548,407702,买盘
09:45:39,7.44,0.0,193,143592,买盘
09:45:42,7.43,-0.01,1490,1107322,卖盘
09:45:45,7.45,0.02,65,48407,买盘
09:45:48,7.44,-0.01,145,107905,卖盘
09:45:51,7.45,0.01,257,191382,买盘
09:45:54,7.44,-0.01,171,127209,卖盘
09:45:57,7.45,0.01,190,141434,买盘
09:46:00,7.45,0.0,145,108016,买盘
09:46:03,7.45,0.0,191,142140,买盘
09:46:06,7.44,-0.01,89,66216,买盘
09:46:09,7.45,0.01,220,163855,买盘
09:46:12,7.45,0.0,163,121361,买盘
09:46:15,7.45,0.0,692,515554,买盘
09:46:18,7.45,0.0,281,209575,卖盘
09:46:21,7.44,-0.01,3192,2378904,卖盘
09:46:24,7.46,0.02,707,526098,买盘
09:46:27,7.45,-0.01,164,122180,卖盘
09:46:30,7.45,0.0,113,84087,卖盘
09:46:33,7.45,0.0,42,31290,买盘
09:46:36,7.45,0.0,51,38004,买盘
09:46:39,7.44,-0.01,59,43928,卖盘
09:46:42,7.45,0.01,22,16390,买盘
09:46:45,7.45,0.0,105,78225,买盘
09:46:48,7.45,0.0,98,73010,买盘
09:46:51,7.44,-0.01,573,426347,卖盘
09:46:54,7.44,0.0,327,243360,卖盘
09:47:00,7.43,-0.01,83,61713,卖盘
09:47:03,7.43,0.0,538,399756,卖盘
09:47:06,7.43,0.0,276,205125,卖盘
09:47:09,7.46,0.03,3310,2462790,买盘
09:47:12,7.46,0.0,45,33565,买盘
09:47:15,7.46,0.0,29,21615,买盘
09:47:18,7.45,-0.01,227,169275,卖盘
09:47:21,7.46,0.01,110,82012,买盘
09:47:24,7.46,0.0,88,65633,买盘
09:47:27,7.46,0.0,4,2984,买盘
09:47:30,7.46,0.0,434,323763,买盘
09:47:33,7.46,0.0,35,26110,买盘
09:47:36,7.46,0.0,8,5963,买盘
09:47:39,7.45,-0.01,130,96952,卖盘
09:47:42,7.45,0.0,41,30549,买盘
09:47:45,7.45,0.0,290,216050,买盘
09:47:48,7.45,0.0,31,23105,卖盘
09:47:51,7.45,0.0,31,23095,卖盘
09:47:54,7.45,0.0,5,3725,买盘
09:47:57,7.45,0.0,196,146020,买盘
09:48:00,7.45,0.0,84,62580,卖盘
09:48:03,7.45,0.0,212,157940,卖盘
09:48:06,7.45,0.0,89,66305,买盘
09:48:09,7.45,0.0,24,17880,买盘
09:48:12,7.44,-0.01,313,233034,卖盘
09:48:15,7.44,0.0,40,29767,卖盘
09:48:18,7.44,0.0,56,41668,卖盘
09:48:21,7.44,0.0,75,55801,卖盘
09:48:24,7.44,0.0,206,153265,卖盘
09:48:27,7.45,0.01,368,273801,买盘
09:48:30,7.45,0.0,60,44671,买盘
09:48:33,7.45,0.0,173,128752,买盘
09:48:36,7.45,0.0,51,37955,买盘
09:48:39,7.45,0.0,39,29028,买盘
09:48:42,7.45,0.0,33,24585,买盘
09:48:45,7.46,0.01,1539,1146611,买盘
09:48:48,7.46,0.0,86,64112,买盘
09:48:51,7.45,-0.01,101,75318,卖盘
09:48:54,7.46,0.01,42,31332,买盘
09:48:57,7.46,0.0,94,70123,买盘
09:49:00,7.46,0.0,25,18650,买盘
09:49:03,7.46,0.0,153,114138,买盘
09:49:06,7.46,0.0,49,36554,买盘
09:49:09,7.46,0.0,689,513999,买盘
09:49:12,7.46,0.0,102,76094,卖盘
09:49:15,7.46,0.0,269,200678,卖盘
09:49:18,7.46,0.0,126,94039,买盘
09:49:21,7.45,-0.01,5,3725,卖盘
09:49:24,7.45,0.0,218,162411,卖盘
09:49:27,7.45,0.0,41,30545,买盘
09:49:30,7.45,0.0,10,7450,买盘
09:49:33,7.45,0.0,48,35760,买盘
09:49:36,7.45,0.0,5,3725,买盘
09:49:39,7.44,-0.01,47,34975,卖盘
09:49:42,7.45,0.01,275,204614,买盘
09:49:45,7.44,-0.01,20,14880,卖盘
09:49:48,7.44,0.0,75,55822,卖盘
09:49:51,7.45,0.01,226,168282,买盘
09:49:54,7.45,0.0,6,4467,买盘
09:50:00,7.45,0.0,15,11170,买盘
09:50:03,7.45,0.0,9,6701,买盘
09:50:06,7.44,-0.01,61,45405,卖盘
09:50:09,7.44,0.0,104,77376,卖盘
09:50:12,7.44,0.0,50,37204,卖盘
09:50:15,7.45,0.01,63,46935,买盘
09:50:18,7.44,-0.01,19,14136,卖盘
09:50:21,7.45,0.01,85,63298,买盘
09:50:24,7.44,-0.01,2,1488,卖盘
09:50:27,7.45,0.01,138,102727,买盘
09:50:30,7.44,-0.01,343,255192,卖盘
09:50:33,7.44,0.0,21,15624,卖盘
09:50:36,7.44,0.0,22,16368,卖盘
09:50:39,7.45,0.01,1059,788883,买盘
09:50:42,7.45,0.0,116,86422,卖盘
09:50:45,7.45,0.0,534,397854,卖盘
09:50:48,7.45,0.0,407,303257,买盘
09:50:51,7.45,0.0,143,106636,卖盘
09:50:54,7.45,0.0,181,134876,卖盘
09:50:57,7.45,0.0,83,61836,卖盘
09:51:00,7.46,0.01,149,111056,买盘
09:51:03,7.45,-0.01,1187,884315,中性盘
09:51:06,7.47,0.02,1560,1163758,买盘
09:51:09,7.47,0.0,905,676030,买盘
09:51:12,7.47,0.0,4,2988,卖盘
09:51:15,7.47,0.0,344,257295,卖盘
09:51:18,7.47,0.0,20,14940,卖盘
09:51:21,7.47,0.0,332,248004,卖盘
09:51:24,7.47,0.0,123,91881,买盘
09:51:27,7.47,0.0,710,530370,买盘
09:51:30,7.48,0.01,342,255532,买盘
09:51:33,7.47,-0.01,32,23906,卖盘
09:51:36,7.48,0.01,177,132366,买盘
09:51:39,7.48,0.0,347,259556,买盘
09:51:42,7.47,-0.01,38,28397,卖盘
09:51:45,7.48,0.01,187,139874,买盘
09:51:48,7.48,0.0,277,207194,买盘
09:51:51,7.49,0.01,420,314415,买盘
09:51:54,7.48,-0.01,56,41925,卖盘
09:51:57,7.49,0.01,70,52430,买盘
09:52:00,7.49,0.0,41,30699,买盘
09:52:03,7.48,-0.01,468,350320,卖盘
09:52:06,7.48,0.0,644,481745,卖盘
09:52:09,7.48,0.0,38,28419,买盘
09:52:12,7.48,0.0,24,17952,买盘
09:52:15,7.48,0.0,171,127903,买盘
09:52:18,7.47,-0.01,106,79182,卖盘
09:52:21,7.47,0.0,127,94966,卖盘
09:52:24,7.47,0.0,6,4482,卖盘
09:52:27,7.46,-0.01,1362,1017198,卖盘
09:52:30,7.46,0.0,111,82806,买盘
09:52:33,7.46,0.0,8,5963,买盘
09:52:36,7.46,0.0,5,3730,买盘
09:52:39,7.46,0.0,18,13428,买盘
09:52:42,7.46,0.0,68,50720,买盘
09:52:45,7.45,-0.01,83,61915,卖盘
09:52:48,7.45,0.0,167,124442,卖盘
09:52:51,7.46,0.01,393,293193,买盘
09:52:54,7.47,0.01,26,19403,买盘
09:52:57,7.47,0.0,40,29878,买盘
09:53:00,7.46,-0.01,708,528876,卖盘
09:53:03,7.47,0.01,42,31374,卖盘
09:53:06,7.47,0.0,624,466636,卖盘
09:53:09,7.48,0.01,572,427814,买盘
09:53:12,7.48,0.0,81,60595,买盘
09:53:18,7.48,0.0,136,101728,卖盘
09:53:21,7.48,0.0,3,2244,买盘
09:53:27,7.47,-0.01,452,338103,卖盘
09:53:30,7.47,0.0,26,19422,买盘
09:53:33,7.47,0.0,15,11205,买盘
09:53:36,7.47,0.0,50,37350,买盘
09:53:39,7.47,0.0,14,10458,买盘
09:53:42,7.46,-0.01,113,84378,卖盘
09:53:45,7.46,0.0,132,98578,卖盘
09:53:48,7.46,0.0,185,138020,卖盘
09:53:54,7.46,0.0,50,37300,买盘
09:53:57,7.46,0.0,94,70059,买盘
09:54:00,7.46,0.0,292,217831,买盘
09:54:03,7.46,0.0,34,25374,卖盘
09:54:06,7.46,0.0,56,41776,卖盘
09:54:09,7.46,0.0,7,5225,卖盘
09:54:12,7.46,0.0,54,40284,卖盘
09:54:15,7.46,0.0,140,104440,卖盘
09:54:18,7.46,0.0,44,32830,卖盘
09:54:21,7.46,0.0,62,46288,卖盘
09:54:24,7.46,0.0,55,41030,卖盘
09:54:27,7.44,-0.02,1191,888060,卖盘
09:54:30,7.45,0.01,8,5960,买盘
09:54:33,7.45,0.0,12,8940,买盘
09:54:36,7.45,0.0,275,204651,买盘
09:54:39,7.45,0.0,120,89469,卖盘
09:54:42,7.45,0.0,73,54385,卖盘
09:54:45,7.45,0.0,12,8940,卖盘
09:54:48,7.45,0.0,551,410500,卖盘
09:54:51,7.45,0.0,130,96878,卖盘
09:54:54,7.45,0.0,16,11920,卖盘
09:54:57,7.46,0.01,52,38776,买盘
09:55:00,7.45,-0.01,52,38767,买盘
09:55:03,7.45,0.0,4,2980,卖盘
09:55:06,7.46,0.01,131,97696,买盘
09:55:09,7.45,-0.01,51,37995,卖盘
09:55:12,7.45,0.0,51,37996,卖盘
09:55:15,7.46,0.01,466,347647,买盘
09:55:18,7.46,0.0,51,38077,卖盘
09:55:21,7.47,0.01,1,747,买盘
09:55:24,7.47,0.0,10,7470,买盘
09:55:27,7.47,0.0,27,20169,买盘
09:55:30,7.46,-0.01,45,33582,卖盘
09:55:33,7.47,0.01,19,14193,买盘
09:55:36,7.46,-0.01,18,13440,卖盘
09:55:39,7.47,0.01,121,90387,买盘
09:55:42,7.47,0.0,1,747,买盘
09:55:45,7.45,-0.02,480,357862,卖盘
09:55:48,7.46,0.01,3,2238,买盘
09:55:51,7.46,0.0,28,20871,中性盘
09:55:54,7.46,0.0,10,7460,买盘
09:55:57,7.46,0.0,5,3730,买盘
09:56:00,7.45,-0.01,46,34296,卖盘
09:56:03,7.46,0.01,20,14920,买盘
09:56:06,7.46,0.0,38,28348,买盘
09:56:09,7.46,0.0,1,746,买盘
09:56:12,7.46,0.0,211,157406,买盘
09:56:15,7.47,0.01,2,1493,买盘
09:56:18,7.47,0.0,7,5223,买盘
09:56:21,7.46,-0.01,19,14176,卖盘
09:56:24,7.46,0.0,8,5968,卖盘
09:56:27,7.46,0.0,164,122343,卖盘
09:56:30,7.46,0.0,37,27583,买盘
09:56:33,7.47,0.01,87,64952,买盘
09:56:36,7.46,-0.01,55,41033,卖盘
09:56:39,7.46,0.0,53,39538,卖盘
09:56:42,7.46,0.0,23,17148,卖盘
09:56:45,7.46,0.0,22,16412,买盘
09:56:48,7.46,0.0,13,9688,买盘
09:56:51,7.46,0.0,61,45497,买盘
09:56:54,7.46,0.0,95,70870,买盘
09:56:57,7.45,-0.01,24,17893,卖盘
09:57:00,7.46,0.01,258,192468,买盘
09:57:03,7.46,0.0,302,225332,卖盘
09:57:06,7.46,0.0,20,14920,卖盘
09:57:09,7.46,0.0,82,61242,卖盘
09:57:12,7.48,0.02,1665,1243734,买盘
09:57:15,7.48,0.0,50,37383,买盘
09:57:18,7.48,0.0,8,5984,买盘
09:57:21,7.47,-0.01,53,39619,卖盘
09:57:24,7.48,0.01,95,71060,买盘
09:57:27,7.48,0.0,1,748,买盘
09:57:30,7.48,0.0,15,11220,买盘
09:57:33,7.47,-0.01,64,47846,卖盘
09:57:36,7.48,0.01,8,5984,买盘
09:57:39,7.47,-0.01,24,17935,卖盘
09:57:42,7.47,0.0,93,69521,卖盘
09:57:45,7.47,0.0,48,35856,卖盘
09:57:48,7.47,0.0,71,53037,卖盘
09:57:51,7.47,0.0,30,22410,卖盘
09:57:54,7.48,0.01,1507,1127233,买盘
09:57:57,7.48,0.0,416,310763,买盘
09:58:00,7.47,-0.01,143,106898,卖盘
09:58:03,7.48,0.01,21,15708,买盘
09:58:06,7.48,0.0,125,93420,买盘
09:58:09,7.46,-0.02,878,654990,卖盘
09:58:12,7.46,0.0,680,507056,买盘
09:58:15,7.45,-0.01,141,105100,卖盘
09:58:18,7.45,0.0,59,43964,卖盘
09:58:21,7.46,0.01,108,80568,买盘
09:58:24,7.45,-0.01,5,3725,卖盘
09:58:27,7.46,0.01,10,7460,买盘
09:58:30,7.45,-0.01,137,102065,卖盘
09:58:33,7.45,0.0,247,184230,卖盘
09:58:36,7.45,0.0,618,460403,卖盘
09:58:39,7.45,0.0,293,218285,买盘
09:58:42,7.45,0.0,6,4470,买盘
09:58:45,7.45,0.0,137,102065,买盘
09:58:48,7.44,-0.01,2,1488,卖盘
09:58:51,7.44,0.0,5,3720,卖盘
09:58:54,7.45,0.01,115,85575,买盘
09:58:57,7.44,-0.01,5,3720,卖盘
09:59:00,7.45,0.01,28,20852,买盘
09:59:03,7.45,0.0,5180,3877271,买盘
09:59:06,7.46,0.01,356,265596,卖盘
09:59:09,7.47,0.01,14,10453,买盘
09:59:12,7.47,0.0,26,19420,买盘
09:59:15,7.48,0.01,167,124696,买盘
09:59:18,7.47,-0.01,4,2985,中性盘
09:59:21,7.47,0.0,82,61251,买盘
09:59:24,7.47,0.0,140,104580,买盘
09:59:27,7.47,0.0,54,40337,卖盘
09:59:30,7.47,0.0,114,85146,买盘
09:59:33,7.46,-0.01,6,4476,卖盘
09:59:36,7.47,0.01,211,157616,买盘
09:59:39,7.46,-0.01,24,17911,卖盘
09:59:42,7.47,0.01,247,184304,买盘
09:59:45,7.46,-0.01,25,18650,卖盘
09:59:48,7.47,0.01,333,248604,买盘
09:59:51,7.46,-0.01,84,62694,卖盘
09:59:54,7.46,0.0,58,43298,卖盘
09:59:57,7.46,0.0,22,16432,卖盘
10:00:00,7.47,0.01,57,42553,买盘
10:00:03,7.47,0.0,223,166375,买盘
10:00:06,7.46,-0.01,359,267814,卖盘
10:00:09,7.45,-0.01,25,18625,卖盘
10:00:12,7.45,0.0,452,336741,卖盘
10:00:15,7.44,-0.01,355,264740,卖盘
10:00:18,7.44,0.0,3,2232,卖盘
10:00:21,7.45,0.01,26,19360,买盘
10:00:24,7.45,0.0,9,6697,买盘
10:00:27,7.47,0.02,3037,2271481,买盘
10:00:30,7.48,0.01,26,19442,买盘
10:00:33,7.47,-0.01,79,59035,卖盘
10:00:36,7.48,0.01,45,33645,买盘
10:00:39,7.48,0.0,32,23966,买盘
10:00:42,7.48,0.0,165,123420,卖盘
10:00:45,7.48,0.0,87,65076,买盘
10:00:48,7.48,0.0,132,98731,买盘
10:00:51,7.48,0.0,14,10471,买盘
10:00:54,7.47,-0.01,109,81524,卖盘
10:00:57,7.48,0.01,217,162310,买盘
10:01:00,7.48,0.0,140,104719,中性盘
10:01:03,7.48,0.0,126,94224,买盘
10:01:06,7.47,-0.01,4,2988,卖盘
10:01:09,7.48,0.01,104,77792,买盘
10:01:12,7.47,-0.01,68,50798,卖盘
10:01:15,7.48,0.01,286,213925,买盘
10:01:18,7.48,0.0,187,139912,卖盘
10:01:21,7.48,0.0,833,623084,卖盘
10:01:24,7.49,0.01,493,369204,买盘
10:01:27,7.5,0.01,38,28450,买盘
10:01:30,7.49,-0.01,65,48664,中性盘
10:01:33,7.49,0.0,109,81641,卖盘
10:01:36,7.5,0.01,95,71245,买盘
10:01:39,7.5,0.0,14,10487,买盘
10:01:42,7.5,0.0,79,59218,买盘
10:01:45,7.5,0.0,437,327357,买盘
10:01:48,7.52,0.02,5905,4429135,买盘
10:01:51,7.54,0.02,1190,896325,买盘
10:01:54,7.55,0.01,303,228677,买盘
10:01:57,7.55,0.0,365,275565,买盘
10:02:00,7.53,-0.02,420,316659,卖盘
10:02:03,7.51,-0.02,520,391078,卖盘
10:02:06,7.48,-0.03,720,539629,卖盘
10:02:09,7.48,0.0,848,635290,卖盘
10:02:12,7.51,0.03,278,208332,买盘
10:02:15,7.49,-0.02,42,31455,中性盘
10:02:18,7.51,0.02,119,89252,买盘
10:02:21,7.51,0.0,1886,1419371,买盘
10:02:24,7.5,-0.01,27,20250,卖盘
10:02:27,7.51,0.01,97,72828,买盘
10:02:30,7.51,0.0,192,144062,买盘
10:02:33,7.5,-0.01,228,171023,卖盘
10:02:36,7.5,0.0,97,72750,卖盘
10:02:39,7.5,0.0,183,137405,卖盘
10:02:42,7.5,0.0,174,130503,卖盘
10:02:45,7.5,0.0,584,437994,卖盘
10:02:48,7.51,0.01,446,334891,买盘
10:02:51,7.52,0.01,471,353995,买盘
10:02:54,7.51,-0.01,414,311322,卖盘
10:02:57,7.51,0.0,443,332715,卖盘
10:03:00,7.51,0.0,333,250248,卖盘
10:03:03,7.51,0.0,50,37558,买盘
10:03:06,7.51,0.0,263,197535,买盘
10:03:09,7.51,0.0,155,116394,买盘
10:03:12,7.5,-0.01,134,100621,卖盘
10:03:15,7.5,0.0,61,45804,卖盘
10:03:18,7.5,0.0,129,96864,卖盘
10:03:21,7.51,0.01,138,103672,买盘
10:03:24,7.5,-0.01,141,105752,卖盘
10:03:27,7.5,0.0,218,163500,卖盘
10:03:30,7.51,0.01,101,75851,买盘
10:03:33,7.51,0.0,541,406289,买盘
10:03:36,7.5,-0.01,456,342040,卖盘
10:03:39,7.51,0.01,137,102858,买盘
10:03:42,7.51,0.0,165,123852,买盘
10:03:45,7.52,0.01,1667,1252629,买盘
10:03:48,7.52,0.0,189,142003,买盘
10:03:51,7.52,0.0,372,279622,买盘
10:03:54,7.52,0.0,254,191008,买盘
10:03:57,7.52,0.0,470,353440,买盘
10:04:00,7.52,0.0,71,53392,卖盘
10:04:03,7.52,0.0,310,233162,卖盘
10:04:06,7.54,0.02,848,638542,买盘
10:04:09,7.55,0.01,870,656319,买盘
10:04:12,7.55,0.0,1257,949079,买盘
10:04:15,7.56,0.01,116,87646,买盘
10:04:18,7.54,-0.02,395,297800,卖盘
10:04:21,7.55,0.01,1117,843118,买盘
10:04:24,7.55,0.0,514,388053,买盘
10:04:27,7.55,0.0,122,92070,买盘
10:04:30,7.55,0.0,626,472705,买盘
10:04:33,7.55,0.0,310,234010,买盘
10:04:36,7.55,0.0,491,370705,买盘
10:04:39,7.55,0.0,201,151752,买盘
10:04:42,7.54,-0.01,365,275321,卖盘
10:04:45,7.54,0.0,850,640879,卖盘
10:04:48,7.53,-0.01,27,20345,卖盘
10:04:51,7.53,0.0,24,18082,卖盘
10:04:54,7.54,0.01,128,96501,买盘
10:04:57,7.53,-0.01,113,85128,卖盘
10:05:00,7.53,0.0,190,143242,卖盘
10:05:03,7.54,0.01,135,101732,买盘
10:05:06,7.53,-0.01,218,164171,卖盘
10:05:09,7.54,0.01,63,47452,买盘
10:05:12,7.53,-0.01,50,37693,买盘
10:05:15,7.53,0.0,83,62499,买盘
10:05:18,7.53,0.0,123,92616,买盘
10:05:21,7.52,-0.01,42,31594,卖盘
10:05:24,7.53,0.01,51,38401,买盘
10:05:27,7.53,0.0,16,12048,卖盘
10:05:30,7.54,0.01,45,33886,买盘
10:05:33,7.53,-0.01,86,64834,卖盘
10:05:36,7.54,0.01,328,247002,买盘
10:05:39,7.53,-0.01,51,38422,卖盘
10:05:42,7.53,0.0,10,7530,卖盘
10:05:45,7.53,0.0,21,15831,卖盘
10:05:48,7.53,0.0,55,41416,卖盘
10:05:51,7.53,0.0,703,529355,卖盘
10:05:54,7.53,0.0,312,235081,买盘
10:05:57,7.53,0.0,42,31637,中性盘
10:06:00,7.53,0.0,10,7530,卖盘
10:06:03,7.53,0.0,3,2259,卖盘
10:06:06,7.53,0.0,39,29404,卖盘
10:06:09,7.54,0.01,99,74613,买盘
10:06:12,7.54,0.0,11,8294,买盘
10:06:15,7.53,-0.01,202,152162,卖盘
10:06:18,7.54,0.01,132,99517,买盘
10:06:21,7.53,-0.01,5,3765,卖盘
10:06:24,7.54,0.01,17,12806,买盘
10:06:27,7.53,-0.01,20,15075,卖盘
10:06:30,7.53,0.0,15,11295,卖盘
10:06:33,7.53,0.0,22,16566,卖盘
10:06:36,7.54,0.01,216,162665,买盘
10:06:39,7.52,-0.02,132,99399,卖盘
10:06:42,7.53,0.01,29,21837,买盘
10:06:45,7.54,0.01,49,36915,买盘
10:06:48,7.54,0.0,331,248982,买盘
10:06:51,7.54,0.0,125,94250,买盘
10:06:54,7.54,0.0,17,12818,买盘
10:06:57,7.53,-0.01,85,64084,卖盘
10:07:00,7.54,0.01,157,118378,买盘
10:07:03,7.54,0.0,21,15833,买盘
10:07:06,7.54,0.0,116,87464,买盘
10:07:09,7.53,-0.01,134,100936,卖盘
10:07:12,7.53,0.0,8,6024,卖盘
10:07:15,7.54,0.01,51,38454,买盘
10:07:18,7.53,-0.01,7,5271,卖盘
10:07:21,7.53,0.0,40,30123,卖盘
10:07:24,7.54,0.01,37,27898,买盘
10:07:27,7.54,0.0,69,52026,买盘
10:07:30,7.54,0.0,20,15080,买盘
10:07:36,7.54,0.0,42,31668,买盘
10:07:39,7.54,0.0,12,9048,买盘
10:07:42,7.53,-0.01,410,308854,卖盘
10:07:45,7.53,0.0,59,44427,买盘
10:07:48,7.53,0.0,65,48942,买盘
10:07:51,7.53,0.0,28,21084,卖盘
10:07:54,7.54,0.01,99,74559,买盘
10:07:57,7.53,-0.01,19,14307,卖盘
10:08:00,7.53,0.0,87,65511,卖盘
10:08:03,7.53,0.0,160,120630,卖盘
10:08:06,7.53,0.0,20,15060,卖盘
10:08:09,7.54,0.01,83,62517,买盘
10:08:12,7.53,-0.01,32,24096,卖盘
10:08:15,7.53,0.0,3,2259,卖盘
10:08:18,7.53,0.0,404,304585,卖盘
10:08:21,7.54,0.01,67,50472,买盘
10:08:24,7.54,0.0,235,177190,卖盘
10:08:27,7.54,0.0,7,5278,卖盘
10:08:30,7.54,0.0,11,8294,卖盘
10:08:33,7.55,0.01,63,47522,买盘
10:08:36,7.55,0.0,539,406919,买盘
10:08:39,7.55,0.0,370,279350,买盘
10:08:42,7.56,0.01,1923,1453260,买盘
10:08:45,7.57,0.01,287,216927,买盘
10:08:48,7.55,-0.02,173,130867,卖盘
10:08:51,7.56,0.01,692,523416,买盘
10:08:54,7.56,0.0,718,542908,中性盘
10:08:57,7.56,0.0,52,39312,买盘
10:09:00,7.56,0.0,71,53682,中性盘
10:09:03,7.57,0.01,15,11355,买盘
10:09:06,7.57,0.0,122,92307,买盘
10:09:09,7.57,0.0,167,126345,买盘
10:09:12,7.57,0.0,689,520962,买盘
10:09:15,7.57,0.0,116,87795,买盘
10:09:18,7.57,0.0,32,24222,买盘
10:09:21,7.56,-0.01,57,43098,卖盘
10:09:24,7.57,0.01,381,288359,买盘
10:09:27,7.56,-0.01,43,32545,卖盘
10:09:30,7.57,0.01,527,398939,买盘
10:09:33,7.58,0.01,123,93155,买盘
10:09:36,7.57,-0.01,543,411419,卖盘
10:09:39,7.57,0.0,42,31800,卖盘
10:09:42,7.58,0.01,612,463732,买盘
10:09:45,7.57,-0.01,150,113598,卖盘
10:09:48,7.62,0.05,6675,5070349,买盘
10:09:51,7.63,0.01,1350,1029592,买盘
10:09:54,7.65,0.02,3179,2431540,买盘
10:09:57,7.66,0.01,2264,1734186,买盘
10:10:00,7.67,0.01,224,171755,买盘
10:10:03,7.68,0.01,1399,1074019,买盘
10:10:06,7.66,-0.02,2129,1632399,卖盘
10:10:09,7.65,-0.01,1093,836463,买盘
10:10:12,7.66,0.01,412,315954,中性盘
10:10:15,7.67,0.01,674,516418,买盘
10:10:18,7.67,0.0,796,610075,卖盘
10:10:21,7.67,0.0,1940,1488045,买盘
10:10:24,7.68,0.01,1812,1392283,买盘
10:10:27,7.7,0.02,1106,851314,买盘
10:10:30,7.73,0.03,3926,3048132,买盘
10:10:33,7.76,0.03,1695,1314877,买盘
10:10:36,7.79,0.03,1346,1045761,买盘
10:10:39,7.76,-0.03,2643,2053968,卖盘
10:10:42,7.8,0.04,2110,1643982,买盘
10:10:45,7.81,0.01,2675,2086184,买盘
10:10:48,7.8,-0.01,2413,1884721,卖盘
10:10:51,7.8,0.0,1640,1281526,卖盘
10:10:54,7.81,0.01,1219,950853,买盘
10:10:57,7.82,0.01,1043,813596,买盘
10:11:00,7.82,0.0,1261,986108,买盘
10:11:03,7.94,0.12,7016,5519446,买盘
10:11:06,7.86,-0.08,4334,3429090,卖盘
10:11:09,7.9,0.04,2007,1580319,买盘
10:11:12,7.92,0.02,1752,1385164,买盘
10:11:15,7.96,0.04,3854,3055868,买盘
10:11:18,7.96,0.0,1936,1541019,买盘
10:11:21,7.99,0.03,2502,1996730,买盘
10:11:24,8.09,0.1,23256,18775939,买盘
10:11:27,8.09,0.0,2304,1863936,卖盘
10:11:30,8.09,0.0,1611,1303299,卖盘
10:11:33,8.09,0.0,1310,1059790,卖盘
10:11:36,8.09,0.0,2948,2384932,卖盘
10:11:39,8.09,0.0,1251,1012059,卖盘
10:11:42,8.09,0.0,2703,2186727,卖盘
10:11:45,8.09,0.0,1307,1057363,卖盘
10:11:48,8.09,0.0,1260,1019340,卖盘
10:11:51,8.09,0.0,2120,1715080,卖盘
10:11:54,8.09,0.0,1818,1470762,卖盘
10:11:57,8.09,0.0,1210,978890,卖盘
10:12:00,8.09,0.0,880,711920,卖盘
10:12:03,8.09,0.0,538,435242,卖盘
10:12:06,8.09,0.0,1439,1164151,卖盘
10:12:09,8.09,0.0,850,687650,卖盘
10:12:12,8.09,0.0,524,424272,卖盘
10:12:15,8.09,0.0,465,376185,卖盘
10:12:18,8.09,0.0,524,423916,卖盘
10:12:21,8.09,0.0,830,671470,卖盘
10:12:24,8.09,0.0,1087,879383,卖盘
10:12:27,8.09,0.0,766,619694,卖盘
10:12:30,8.09,0.0,149,120541,卖盘
10:12:33,8.09,0.0,376,304184,卖盘
10:12:36,8.09,0.0,890,720010,卖盘
10:12:39,8.09,0.0,186,150474,卖盘
10:12:42,8.09,0.0,265,214385,卖盘
10:12:45,8.09,0.0,340,275060,卖盘
10:12:48,8.09,0.0,1028,831652,卖盘
10:12:51,8.09,0.0,169,136721,卖盘
10:12:54,8.09,0.0,605,489445,卖盘
10:12:57,8.09,0.0,901,728909,卖盘
10:13:00,8.09,0.0,290,234610,卖盘
10:13:03,8.09,0.0,569,460321,卖盘
10:13:06,8.09,0.0,1092,883428,卖盘
10:13:09,8.09,0.0,195,157755,卖盘
10:13:12,8.09,0.0,448,362432,卖盘
10:13:15,8.09,0.0,538,435242,卖盘
10:13:18,8.09,0.0,1146,927114,卖盘
10:13:21,8.09,0.0,346,279914,卖盘
10:13:24,8.09,0.0,186,150474,卖盘
10:13:27,8.09,0.0,814,658526,卖盘
10:13:30,8.09,0.0,1156,935204,卖盘
10:13:33,8.09,0.0,98,79282,卖盘
10:13:36,8.09,0.0,334,270206,卖盘
10:13:39,8.09,0.0,492,398028,卖盘
10:13:42,8.09,0.0,532,430388,卖盘
10:13:45,8.09,0.0,285,230565,卖盘
10:13:48,8.09,0.0,68,55012,卖盘
10:13:51,8.09,0.0,316,255644,卖盘
10:13:54,8.09,0.0,501,405309,卖盘
10:13:57,8.09,0.0,256,207104,卖盘
10:14:00,8.09,0.0,919,743471,卖盘
10:14:03,8.09,0.0,271,219239,卖盘
10:14:06,8.09,0.0,30,24270,卖盘
10:14:09,8.09,0.0,215,173935,卖盘
10:14:12,8.09,0.0,304,245936,卖盘
10:14:15,8.09,0.0,220,177980,卖盘
10:14:18,8.09,0.0,247,199823,卖盘
10:14:21,8.09,0.0,407,329263,卖盘
10:14:24,8.09,0.0,74,59866,卖盘
10:14:27,8.09,0.0,291,235419,卖盘
10:14:30,8.09,0.0,194,156946,卖盘
10:14:33,8.09,0.0,290,234610,卖盘
10:14:36,8.09,0.0,92,74428,卖盘
10:14:39,8.09,0.0,202,163418,卖盘
10:14:42,8.09,0.0,125,101125,卖盘
10:14:45,8.09,0.0,1482,1198938,卖盘
10:14:48,8.09,0.0,85,68765,卖盘
10:14:51,8.09,0.0,28,22652,卖盘
10:14:54,8.09,0.0,293,237037,卖盘
10:14:57,8.09,0.0,508,410972,卖盘
10:15:00,8.09,0.0,138,111642,卖盘
10:15:03,8.09,0.0,189,152901,卖盘
10:15:06,8.09,0.0,372,300948,卖盘
10:15:09,8.09,0.0,655,529895,卖盘
10:15:12,8.09,0.0,526,425534,卖盘
10:15:15,8.09,0.0,124,100316,卖盘
10:15:18,8.09,0.0,575,465175,卖盘
10:15:21,8.09,0.0,156,126204,卖盘
10:15:24,8.09,0.0,128,103552,卖盘
10:15:27,8.09,0.0,207,167463,卖盘
10:15:30,8.09,0.0,1302,1053318,卖盘
10:15:33,8.09,0.0,62,50158,卖盘
10:15:36,8.09,0.0,53,42877,卖盘
10:15:39,8.09,0.0,119,96271,卖盘
10:15:42,8.09,0.0,529,427961,卖盘
10:15:45,8.09,0.0,126,101934,卖盘
10:15:48,8.09,0.0,716,579244,卖盘
10:15:51,8.09,0.0,424,343016,卖盘
10:15:54,8.09,0.0,20,16180,卖盘
10:15:57,8.09,0.0,210,169890,卖盘
10:16:00,8.09,0.0,22,17798,卖盘
10:16:03,8.09,0.0,96,77664,卖盘
10:16:06,8.09,0.0,54,43686,卖盘
10:16:09,8.09,0.0,222,179598,卖盘
10:16:12,8.09,0.0,31,25079,卖盘
10:16:15,8.09,0.0,114,92226,卖盘
10:16:18,8.09,0.0,57,46113,卖盘
10:16:21,8.09,0.0,879,711111,卖盘
10:16:24,8.09,0.0,102,82518,卖盘
10:16:27,8.09,0.0,203,164227,卖盘
10:16:30,8.09,0.0,18,14562,卖盘
10:16:33,8.09,0.0,1067,863203,卖盘
10:16:36,8.09,0.0,563,455467,卖盘
10:16:39,8.09,0.0,54,43686,卖盘
10:16:42,8.09,0.0,149,120541,卖盘
10:16:45,8.09,0.0,819,662571,卖盘
10:16:48,8.09,0.0,89,72001,卖盘
10:16:51,8.09,0.0,1167,944103,卖盘
10:16:54,8.09,0.0,128,103552,卖盘
10:16:57,8.09,0.0,213,172317,卖盘
10:17:00,8.09,0.0,321,259689,卖盘
10:17:03,8.09,0.0,298,241082,卖盘
10:17:06,8.09,0.0,1808,1462672,卖盘
10:17:09,8.09,0.0,87,70383,卖盘
10:17:12,8.09,0.0,83,67147,卖盘
10:17:15,8.09,0.0,114,92226,卖盘
10:17:18,8.09,0.0,36,29124,卖盘
10:17:21,8.09,0.0,282,228138,卖盘
10:17:24,8.09,0.0,43,34787,卖盘
10:17:27,8.09,0.0,179,144811,卖盘
10:17:30,8.09,0.0,84,67956,卖盘
10:17:33,8.09,0.0,41,33169,卖盘
10:17:36,8.09,0.0,597,482973,卖盘
10:17:39,8.09,0.0,128,103552,卖盘
10:17:42,8.09,0.0,120,97080,卖盘
10:17:45,8.09,0.0,228,184452,卖盘
10:17:48,8.09,0.0,81,65529,卖盘
10:17:51,8.09,0.0,122,98698,卖盘
10:17:54,8.09,0.0,140,113260,卖盘
10:17:57,8.09,0.0,190,153710,卖盘
10:18:00,8.09,0.0,196,158564,卖盘
10:18:03,8.09,0.0,48,38832,卖盘
10:18:06,8.09,0.0,295,238655,卖盘
10:18:09,8.09,0.0,35,28315,卖盘
10:18:12,8.09,0.0,62,50158,卖盘
10:18:15,8.09,0.0,419,338971,卖盘
10:18:18,8.09,0.0,240,194160,卖盘
10:18:21,8.09,0.0,37,29933,卖盘
10:18:24,8.09,0.0,23,18607,卖盘
10:18:27,8.09,0.0,33,26697,卖盘
10:18:30,8.09,0.0,152,122726,卖盘
10:18:33,8.09,0.0,19,15371,卖盘
10:18:36,8.09,0.0,19,15371,卖盘
10:18:39,8.09,0.0,47,38023,卖盘
10:18:42,8.09,0.0,149,120541,卖盘
10:18:45,8.09,0.0,178,144002,卖盘
10:18:48,8.09,0.0,240,194160,卖盘
10:18:51,8.09,0.0,169,136721,卖盘
10:18:54,8.09,0.0,395,319555,卖盘
10:18:57,8.09,0.0,118,95462,卖盘
10:19:00,8.09,0.0,120,97080,卖盘
10:19:03,8.09,0.0,141,114069,卖盘
10:19:06,8.09,0.0,112,90608,卖盘
10:19:09,8.09,0.0,87,70383,卖盘
10:19:12,8.09,0.0,334,270206,卖盘
10:19:15,8.09,0.0,274,221666,卖盘
10:19:18,8.09,0.0,39,31551,卖盘
10:19:21,8.09,0.0,1178,953002,卖盘
10:19:24,8.09,0.0,105,84945,卖盘
10:19:27,8.09,0.0,285,230565,卖盘
10:19:30,8.09,0.0,130,105170,卖盘
10:19:33,8.09,0.0,75,60675,卖盘
10:19:36,8.09,0.0,288,232992,卖盘
10:19:39,8.09,0.0,338,273442,卖盘
10:19:42,8.09,0.0,453,366477,卖盘
10:19:45,8.09,0.0,340,275060,卖盘
10:19:48,8.09,0.0,1380,1116420,卖盘
10:19:51,8.09,0.0,11,8899,卖盘
10:19:54,8.09,0.0,214,173126,卖盘
10:19:57,8.09,0.0,34,27506,卖盘
10:20:00,8.09,0.0,224,181216,卖盘
10:20:03,8.09,0.0,47,38023,卖盘
10:20:06,8.09,0.0,893,722437,卖盘
10:20:09,8.09,0.0,393,317937,卖盘
10:20:12,8.09,0.0,48,38832,卖盘
10:20:15,8.09,0.0,320,258880,卖盘
10:20:18,8.09,0.0,331,267779,卖盘
10:20:21,8.09,0.0,40,32360,卖盘
10:20:24,8.09,0.0,459,371331,卖盘
10:20:27,8.09,0.0,113,91417,卖盘
10:20:30,8.09,0.0,261,211149,卖盘
10:20:33,8.09,0.0,90,72810,卖盘
10:20:36,8.09,0.0,799,646391,卖盘
10:20:39,8.09,0.0,52,42068,卖盘
10:20:42,8.09,0.0,132,106788,卖盘
10:20:45,8.09,0.0,129,104361,卖盘
10:20:48,8.09,0.0,216,174744,卖盘
10:20:51,8.09,0.0,165,133485,卖盘
10:20:54,8.09,0.0,20,16180,卖盘
10:20:57,8.09,0.0,116,93844,卖盘
10:21:00,8.09,0.0,105,84945,卖盘
10:21:03,8.09,0.0,149,120541,卖盘
10:21:06,8.09,0.0,467,377803,卖盘
10:21:09,8.09,0.0,82,66338,卖盘
10:21:12,8.09,0.0,31,25079,卖盘
10:21:15,8.09,0.0,95,76855,卖盘
10:21:18,8.09,0.0,319,258071,卖盘
10:21:21,8.09,0.0,649,525041,卖盘
10:21:24,8.09,0.0,70,56630,卖盘
10:21:27,8.09,0.0,265,214385,卖盘
10:21:30,8.09,0.0,281,227046,卖盘
10:21:33,8.09,0.0,431,348679,卖盘
10:21:36,8.09,0.0,1058,855922,卖盘
10:21:39,8.09,0.0,74,59866,卖盘
10:21:42,8.09,0.0,1278,1033902,卖盘
10:21:45,8.09,0.0,47,38023,卖盘
10:21:48,8.09,0.0,182,147238,卖盘
10:21:51,8.09,0.0,140,113260,卖盘
10:21:54,8.09,0.0,28,22652,卖盘
10:21:57,8.09,0.0,199,160991,卖盘
10:22:00,8.09,0.0,27,21843,卖盘
10:22:03,8.09,0.0,202,163418,卖盘
10:22:06,8.09,0.0,70,56630,卖盘
10:22:09,8.09,0.0,194,156946,卖盘
10:22:12,8.09,0.0,43,34787,卖盘
10:22:15,8.09,0.0,82,66338,卖盘
10:22:18,8.09,0.0,29,23461,卖盘
10:22:21,8.09,0.0,30,24270,卖盘
10:22:24,8.09,0.0,163,131867,卖盘
10:22:27,8.09,0.0,248,200632,卖盘
10:22:30,8.09,0.0,104,84136,卖盘
10:22:33,8.09,0.0,176,142384,卖盘
10:22:36,8.09,0.0,99,80091,卖盘
10:22:39,8.09,0.0,146,118114,卖盘
10:22:42,8.09,0.0,68,55012,卖盘
10:22:45,8.09,0.0,97,78473,卖盘
10:22:48,8.09,0.0,55,44495,卖盘
10:22:51,8.09,0.0,18,14562,卖盘
10:22:54,8.09,0.0,181,146429,卖盘
10:22:57,8.09,0.0,203,164227,卖盘
10:23:00,8.09,0.0,39,31551,卖盘
10:23:03,8.09,0.0,81,65529,卖盘
10:23:06,8.09,0.0,192,155328,卖盘
10:23:09,8.09,0.0,17,13753,卖盘
10:23:12,8.09,0.0,89,72001,卖盘
10:23:15,8.09,0.0,158,127822,卖盘
10:23:18,8.09,0.0,119,96271,卖盘
10:23:21,8.09,0.0,25,20225,卖盘
10:23:24,8.09,0.0,247,199823,卖盘
10:23:27,8.09,0.0,46,37214,卖盘
10:23:30,8.09,0.0,140,113260,卖盘
10:23:33,8.09,0.0,44,35596,卖盘
10:23:36,8.09,0.0,1,809,卖盘
10:23:39,8.09,0.0,175,141575,卖盘
10:23:42,8.09,0.0,316,255644,卖盘
10:23:45,8.09,0.0,395,319555,卖盘
10:23:48,8.09,0.0,305,246745,卖盘
10:23:51,8.09,0.0,26,21034,卖盘
10:23:54,8.09,0.0,107,86563,卖盘
10:23:57,8.09,0.0,82,66338,卖盘
10:24:00,8.09,0.0,29,23461,卖盘
10:24:03,8.09,0.0,407,329263,卖盘
10:24:06,8.09,0.0,78,63102,卖盘
10:24:09,8.09,0.0,55,44495,卖盘
10:24:12,8.09,0.0,71,57439,卖盘
10:24:15,8.09,0.0,155,125395,卖盘
10:24:18,8.09,0.0,41,33169,卖盘
10:24:21,8.09,0.0,33,26697,卖盘
10:24:24,8.09,0.0,143,115687,卖盘
10:24:27,8.09,0.0,56,45304,卖盘
10:24:30,8.09,0.0,138,111642,卖盘
10:24:33,8.09,0.0,21,16989,卖盘
10:24:36,8.09,0.0,149,120541,卖盘
10:24:39,8.09,0.0,37,29933,卖盘
10:24:42,8.09,0.0,450,364050,卖盘
10:24:45,8.09,0.0,12,9708,卖盘
10:24:48,8.09,0.0,88,71192,卖盘
10:24:51,8.09,0.0,155,125395,卖盘
10:24:54,8.09,0.0,111,89799,卖盘
10:24:57,8.09,0.0,11,8899,卖盘
10:25:00,8.09,0.0,82,66338,卖盘
10:25:03,8.09,0.0,97,78473,卖盘
10:25:06,8.09,0.0,216,174744,卖盘
10:25:09,8.09,0.0,51,41259,卖盘
10:25:12,8.09,0.0,37,29933,卖盘
10:25:15,8.09,0.0,212,171508,卖盘
10:25:18,8.09,0.0,166,134294,卖盘
10:25:21,8.09,0.0,240,194160,卖盘
10:25:24,8.09,0.0,133,107597,卖盘
10:25:27,8.09,0.0,307,248363,卖盘
10:25:30,8.09,0.0,216,174744,卖盘
10:25:33,8.09,0.0,50,40450,卖盘
10:25:36,8.09,0.0,45,36405,卖盘
10:25:39,8.09,0.0,166,134294,卖盘
10:25:42,8.09,0.0,239,193351,卖盘
10:25:45,8.09,0.0,105,84945,卖盘
10:25:48,8.09,0.0,129,104361,卖盘
10:25:51,8.09,0.0,163,131867,卖盘
10:25:54,8.09,0.0,95,76855,卖盘
10:25:57,8.09,0.0,200,161800,卖盘
10:26:00,8.09,0.0,251,203059,卖盘
10:26:03,8.09,0.0,229,185261,卖盘
10:26:06,8.09,0.0,26,21034,卖盘
10:26:09,8.09,0.0,31,25079,卖盘
10:26:12,8.09,0.0,87,70383,卖盘
10:26:15,8.09,0.0,12,9708,卖盘
10:26:18,8.09,0.0,370,299330,卖盘
10:26:21,8.09,0.0,24,19416,卖盘
10:26:24,8.09,0.0,66,53394,卖盘
10:26:27,8.09,0.0,63,50967,卖盘
10:26:30,8.09,0.0,138,111642,卖盘
10:26:33,8.09,0.0,95,76855,卖盘
10:26:36,8.09,0.0,110,88990,卖盘
10:26:39,8.09,0.0,194,156946,卖盘
10:26:42,8.09,0.0,86,69574,卖盘
10:26:45,8.09,0.0,21,16989,卖盘
10:26:48,8.09,0.0,15,12135,卖盘
10:26:51,8.09,0.0,182,147238,卖盘
10:26:54,8.09,0.0,26,21034,卖盘
10:26:57,8.09,0.0,50,40450,卖盘
10:27:00,8.09,0.0,40,32360,卖盘
10:27:03,8.09,0.0,233,188497,卖盘
10:27:06,8.09,0.0,71,57439,卖盘
10:27:09,8.09,0.0,144,116496,卖盘
10:27:12,8.09,0.0,32,25888,卖盘
10:27:15,8.09,0.0,33,26697,卖盘
10:27:18,8.09,0.0,48,38832,卖盘
10:27:21,8.09,0.0,67,54203,卖盘
10:27:24,8.09,0.0,105,84945,卖盘
10:27:27,8.09,0.0,60,48540,卖盘
10:27:30,8.09,0.0,143,115687,卖盘
10:27:33,8.09,0.0,776,627784,卖盘
10:27:36,8.09,0.0,236,190924,卖盘
10:27:39,8.09,0.0,72,58248,卖盘
10:27:42,8.09,0.0,58,46922,卖盘
10:27:45,8.09,0.0,99,80091,卖盘
10:27:48,8.09,0.0,8,6472,卖盘
10:27:51,8.09,0.0,57,46113,卖盘
10:27:54,8.09,0.0,39,31551,卖盘
10:27:57,8.09,0.0,15,12135,卖盘
10:28:00,8.09,0.0,154,124586,卖盘
10:28:03,8.09,0.0,160,129440,卖盘
10:28:06,8.09,0.0,47,38023,卖盘
10:28:09,8.09,0.0,466,376994,卖盘
10:28:12,8.09,0.0,121,97889,卖盘
10:28:15,8.09,0.0,74,59866,卖盘
10:28:18,8.09,0.0,21,16989,卖盘
10:28:21,8.09,0.0,123,99507,卖盘
10:28:24,8.09,0.0,1988,1608292,卖盘
10:28:27,8.09,0.0,434,351106,卖盘
10:28:30,8.09,0.0,13,10517,卖盘
10:28:33,8.09,0.0,4,3236,卖盘
10:28:36,8.09,0.0,67,54203,卖盘
10:28:39,8.09,0.0,128,103552,卖盘
10:28:42,8.09,0.0,94,76046,卖盘
10:28:45,8.09,0.0,73,59057,卖盘
10:28:48,8.09,0.0,289,233801,卖盘
10:28:51,8.09,0.0,155,125395,卖盘
10:28:54,8.09,0.0,74,59866,卖盘
10:28:57,8.09,0.0,92,74428,卖盘
10:29:00,8.09,0.0,5,4045,卖盘
10:29:03,8.09,0.0,165,133485,卖盘
10:29:06,8.09,0.0,55,44495,卖盘
10:29:09,8.09,0.0,79,63911,卖盘
10:29:12,8.09,0.0,50,40450,卖盘
10:29:15,8.09,0.0,1198,969182,卖盘
10:29:18,8.09,0.0,40,32360,卖盘
10:29:24,8.09,0.0,151,122159,卖盘
10:29:27,8.09,0.0,45,36405,卖盘
10:29:30,8.09,0.0,9,7281,卖盘
10:29:33,8.09,0.0,17,13753,卖盘
10:29:36,8.09,0.0,55,44495,卖盘
10:29:39,8.09,0.0,33,26697,卖盘
10:29:42,8.09,0.0,10,8090,卖盘
10:29:45,8.09,0.0,51,41259,卖盘
10:29:48,8.09,0.0,60,48540,卖盘
10:29:51,8.09,0.0,6,4854,卖盘
10:29:54,8.09,0.0,67,54203,卖盘
10:29:57,8.09,0.0,15,12135,卖盘
10:30:00,8.09,0.0,49,39641,卖盘
10:30:03,8.09,0.0,163,131867,卖盘
10:30:06,8.09,0.0,15,12135,卖盘
10:30:09,8.09,0.0,101,81709,卖盘
10:30:12,8.09,0.0,104,84136,卖盘
10:30:15,8.09,0.0,57,46113,卖盘
10:30:18,8.09,0.0,26,21034,卖盘
10:30:21,8.09,0.0,123,99507,卖盘
10:30:24,8.09,0.0,223,180407,卖盘
10:30:27,8.09,0.0,940,760460,卖盘
10:30:30,8.09,0.0,113,91417,卖盘
10:30:36,8.09,0.0,52,42068,卖盘
10:30:39,8.09,0.0,160,129440,卖盘
10:30:42,8.09,0.0,17,13753,卖盘
10:30:45,8.09,0.0,3437,2780533,卖盘
10:30:48,8.09,0.0,588,475692,卖盘
10:30:51,8.09,0.0,357,288813,卖盘
10:30:54,8.09,0.0,24,19416,卖盘
10:30:57,8.09,0.0,51,41259,卖盘
10:31:00,8.09,0.0,93,75237,卖盘
10:31:03,8.09,0.0,29,23461,卖盘
10:31:06,8.09,0.0,73,59057,卖盘
10:31:09,8.09,0.0,914,739426,卖盘
10:31:12,8.09,0.0,4,3236,卖盘
10:31:15,8.09,0.0,236,190924,卖盘
10:31:18,8.09,0.0,37,29933,卖盘
10:31:21,8.09,0.0,74,59866,卖盘
10:31:24,8.09,0.0,80,64720,卖盘
10:31:27,8.09,0.0,215,173935,卖盘
10:31:30,8.09,0.0,42,33978,卖盘
10:31:33,8.09,0.0,151,122159,卖盘
10:31:36,8.09,0.0,117,94653,卖盘
10:31:39,8.09,0.0,30,24270,卖盘
10:31:42,8.09,0.0,519,419871,卖盘
10:31:45,8.09,0.0,90,72810,卖盘
10:31:48,8.09,0.0,114,92226,卖盘
10:31:51,8.09,0.0,93,75237,卖盘
10:31:54,8.09,0.0,17,13753,卖盘
10:31:57,8.09,0.0,151,122159,卖盘
10:32:00,8.09,0.0,424,343016,卖盘
10:32:03,8.09,0.0,76,61484,卖盘
10:32:06,8.09,0.0,15,12135,卖盘
10:32:09,8.09,0.0,20,16180,卖盘
10:32:12,8.09,0.0,33,26697,卖盘
10:32:18,8.09,0.0,82,66338,卖盘
10:32:21,8.09,0.0,30,24270,卖盘
10:32:24,8.09,0.0,28,22652,卖盘
10:32:27,8.09,0.0,74,59866,卖盘
10:32:30,8.09,0.0,60,48540,卖盘
10:32:33,8.09,0.0,65,52585,卖盘
10:32:36,8.09,0.0,202,163418,卖盘
10:32:39,8.09,0.0,144,116496,卖盘
10:32:42,8.09,0.0,11,8899,卖盘
10:32:45,8.09,0.0,61,49349,卖盘
10:32:48,8.09,0.0,71,57439,卖盘
10:32:51,8.09,0.0,155,125395,卖盘
10:32:54,8.09,0.0,233,188497,卖盘
10:32:57,8.09,0.0,245,198205,卖盘
10:33:00,8.09,0.0,5,4045,卖盘
10:33:03,8.09,0.0,21,16989,卖盘
10:33:06,8.09,0.0,212,171508,卖盘
10:33:09,8.09,0.0,38,30742,卖盘
10:33:12,8.09,0.0,63,50967,卖盘
10:33:15,8.09,0.0,28,22652,卖盘
10:33:18,8.09,0.0,21,16989,卖盘
10:33:21,8.09,0.0,137,110833,卖盘
10:33:24,8.09,0.0,263,212767,卖盘
10:33:27,8.09,0.0,981,793629,卖盘
10:33:30,8.09,0.0,50,40450,卖盘
10:33:33,8.09,0.0,54,43686,卖盘
10:33:36,8.09,0.0,28,22652,卖盘
10:33:39,8.09,0.0,29,23461,卖盘
10:33:42,8.09,0.0,33,26697,卖盘
10:33:45,8.09,0.0,61,49349,卖盘
10:33:48,8.09,0.0,146,118114,卖盘
10:33:51,8.09,0.0,104,84136,卖盘
10:33:54,8.09,0.0,21,16989,卖盘
10:33:57,8.09,0.0,5,4045,卖盘
10:34:00,8.09,0.0,131,105979,卖盘
10:34:03,8.09,0.0,183,148047,卖盘
10:34:06,8.09,0.0,75,60675,卖盘
10:34:09,8.09,0.0,17,13753,卖盘
10:34:12,8.09,0.0,6,4854,卖盘
10:34:18,8.09,0.0,25,20225,卖盘
10:34:21,8.09,0.0,101,81709,卖盘
10:34:24,8.09,0.0,35,28315,卖盘
10:34:27,8.09,0.0,78,63102,卖盘
10:34:30,8.09,0.0,4,3236,卖盘
10:34:33,8.09,0.0,17,13753,卖盘
10:34:36,8.09,0.0,114,92226,卖盘
10:34:39,8.09,0.0,36,29124,卖盘
10:34:42,8.09,0.0,82,66338,卖盘
10:34:45,8.09,0.0,15,12135,卖盘
10:34:48,8.09,0.0,73,59057,卖盘
10:34:51,8.09,0.0,16,12944,卖盘
10:34:54,8.09,0.0,114,92226,卖盘
10:34:57,8.09,0.0,12,9708,卖盘
10:35:00,8.09,0.0,36,29124,卖盘
10:35:03,8.09,0.0,119,96271,卖盘
10:35:06,8.09,0.0,34,27506,卖盘
10:35:09,8.09,0.0,14,11326,卖盘
10:35:12,8.09,0.0,6,4854,卖盘
10:35:15,8.09,0.0,16,12944,卖盘
10:35:18,8.09,0.0,89,72001,卖盘
10:35:21,8.09,0.0,12,9708,卖盘
10:35:24,8.09,0.0,41,33169,卖盘
10:35:27,8.09,0.0,1,809,卖盘
10:35:30,8.09,0.0,8,6472,卖盘
10:35:33,8.09,0.0,30,24270,卖盘
10:35:39,8.09,0.0,19,15371,卖盘
10:35:42,8.09,0.0,15,12135,卖盘
10:35:48,8.09,0.0,5,4045,卖盘
10:35:51,8.09,0.0,110,88990,卖盘
10:35:54,8.09,0.0,19,15371,卖盘
10:35:57,8.09,0.0,54,43686,卖盘
10:36:00,8.09,0.0,7,5663,卖盘
10:36:03,8.09,0.0,33,26697,卖盘
10:36:06,8.09,0.0,41,33169,卖盘
10:36:09,8.09,0.0,7,5663,卖盘
10:36:12,8.09,0.0,5,4045,卖盘
10:36:15,8.09,0.0,6,4854,卖盘
10:36:18,8.09,0.0,41,33169,卖盘
10:36:21,8.09,0.0,28,22652,卖盘
10:36:24,8.09,0.0,5,4045,卖盘
10:36:27,8.09,0.0,11,8899,卖盘
10:36:30,8.09,0.0,6,4854,卖盘
10:36:33,8.09,0.0,537,434433,卖盘
10:36:36,8.09,0.0,22,17798,卖盘
10:36:39,8.09,0.0,24,19416,卖盘
10:36:42,8.09,0.0,19,15371,卖盘
10:36:45,8.09,0.0,1,809,卖盘
10:36:48,8.09,0.0,20,16180,卖盘
10:36:51,8.09,0.0,14,11326,卖盘
10:36:54,8.09,0.0,71,57439,卖盘
10:36:57,8.09,0.0,57,46113,卖盘
10:37:00,8.09,0.0,22,17798,卖盘
10:37:03,8.09,0.0,192,155328,卖盘
10:37:06,8.09,0.0,4,3236,卖盘
10:37:09,8.09,0.0,61,49349,卖盘
10:37:12,8.09,0.0,1,809,卖盘
10:37:18,8.09,0.0,1,809,卖盘
10:37:21,8.09,0.0,9,7281,卖盘
10:37:24,8.09,0.0,32,25888,卖盘
10:37:27,8.09,0.0,3,2427,卖盘
10:37:30,8.09,0.0,26,21034,卖盘
10:37:33,8.09,0.0,30,24270,卖盘
10:37:36,8.09,0.0,60,48540,卖盘
10:37:39,8.09,0.0,9,7281,卖盘
10:37:42,8.09,0.0,20,16180,卖盘
10:37:45,8.09,0.0,98,79282,卖盘
10:37:48,8.09,0.0,31,25079,卖盘
10:37:51,8.09,0.0,28,22652,卖盘
10:37:54,8.09,0.0,1,809,卖盘
10:37:57,8.09,0.0,21,16989,卖盘
10:38:00,8.09,0.0,2,1618,卖盘
10:38:03,8.09,0.0,1,809,卖盘
10:38:06,8.09,0.0,106,85754,卖盘
10:38:09,8.09,0.0,189,152901,卖盘
10:38:12,8.09,0.0,36,29124,卖盘
10:38:15,8.09,0.0,22,17798,卖盘
10:38:18,8.09,0.0,21,16989,卖盘
10:38:21,8.09,0.0,2,1618,卖盘
10:38:24,8.09,0.0,74,59866,卖盘
10:38:27,8.09,0.0,16,12944,卖盘
10:38:30,8.09,0.0,46,37214,卖盘
10:38:33,8.09,0.0,1,809,卖盘
10:38:36,8.09,0.0,32,25888,卖盘
10:38:39,8.09,0.0,39,31551,卖盘
10:38:45,8.09,0.0,103,83327,卖盘
10:38:48,8.09,0.0,1,809,卖盘
10:38:51,8.09,0.0,27,21843,卖盘
10:38:54,8.09,0.0,42,33978,卖盘
10:38:57,8.09,0.0,5,4045,卖盘
10:39:00,8.09,0.0,29,23461,卖盘
10:39:03,8.09,0.0,7,5663,卖盘
10:39:06,8.09,0.0,7,5663,卖盘
10:39:09,8.09,0.0,18,14562,卖盘
10:39:12,8.09,0.0,24,19416,卖盘
10:39:15,8.09,0.0,25,20225,卖盘
10:39:18,8.09,0.0,7,5663,卖盘
10:39:21,8.09,0.0,47,38023,卖盘
10:39:24,8.09,0.0,5,4045,卖盘
10:39:27,8.09,0.0,96,77664,卖盘
10:39:30,8.09,0.0,74,59866,卖盘
10:39:33,8.09,0.0,400,323600,卖盘
10:39:36,8.09,0.0,1,809,卖盘
10:39:39,8.09,0.0,17,13753,卖盘
10:39:42,8.09,0.0,34,27506,卖盘
10:39:45,8.09,0.0,12,9708,卖盘
10:39:51,8.09,0.0,50,40450,卖盘
10:39:54,8.09,0.0,13,10517,卖盘
10:39:57,8.09,0.0,190,153710,卖盘
10:40:00,8.09,0.0,30,24270,卖盘
10:40:03,8.09,0.0,26,21034,卖盘
10:40:06,8.09,0.0,168,135912,卖盘
10:40:09,8.09,0.0,61,49349,卖盘
10:40:12,8.09,0.0,135,109215,卖盘
10:40:15,8.09,0.0,15,12135,卖盘
10:40:18,8.09,0.0,3,2427,卖盘
10:40:24,8.09,0.0,683,552547,卖盘
10:40:27,8.09,0.0,269,217621,卖盘
10:40:30,8.09,0.0,2,1618,卖盘
10:40:33,8.09,0.0,168,135912,卖盘
10:40:36,8.09,0.0,1,809,卖盘
10:40:39,8.09,0.0,55,44495,卖盘
10:40:42,8.09,0.0,17,13753,卖盘
10:40:45,8.09,0.0,25,20225,卖盘
10:40:48,8.09,0.0,10,8090,卖盘
10:40:51,8.09,0.0,3,2427,卖盘
10:40:54,8.09,0.0,130,105170,卖盘
10:40:57,8.09,0.0,323,261307,卖盘
10:41:00,8.09,0.0,11,8899,卖盘
10:41:03,8.09,0.0,31,25079,卖盘
10:41:06,8.09,0.0,22,17798,卖盘
10:41:09,8.09,0.0,5,4045,卖盘
10:41:12,8.09,0.0,112,90608,卖盘
10:41:15,8.09,0.0,2,1618,卖盘
10:41:18,8.09,0.0,65,52585,卖盘
10:41:21,8.09,0.0,14,11326,卖盘
10:41:27,8.09,0.0,191,154519,卖盘
10:41:30,8.09,0.0,23,18607,卖盘
10:41:33,8.09,0.0,30,24229,卖盘
10:41:36,8.09,0.0,6,4854,卖盘
10:41:39,8.09,0.0,5,4045,卖盘
10:41:42,8.09,0.0,6,4854,卖盘
10:41:45,8.09,0.0,6,4854,卖盘
10:41:51,8.09,0.0,49,39641,卖盘
10:41:54,8.09,0.0,297,240273,卖盘
10:41:57,8.09,0.0,38,30742,卖盘
10:42:00,8.09,0.0,208,168272,卖盘
10:42:03,8.09,0.0,95,76855,卖盘
10:42:06,8.09,0.0,17,13753,卖盘
10:42:09,8.09,0.0,38,30742,卖盘
10:42:12,8.09,0.0,109,88181,卖盘
10:42:15,8.09,0.0,68,55012,卖盘
10:42:18,8.09,0.0,35,28315,卖盘
10:42:24,8.09,0.0,4,3236,卖盘
10:42:27,8.09,0.0,9,7281,卖盘
10:42:30,8.09,0.0,47,38023,卖盘
10:42:33,8.09,0.0,9,7281,卖盘
10:42:36,8.09,0.0,21,16989,卖盘
10:42:39,8.09,0.0,55,44495,卖盘
10:42:42,8.09,0.0,306,247554,卖盘
10:42:45,8.09,0.0,242,195778,卖盘
10:42:51,8.09,0.0,96,77664,卖盘
10:42:54,8.09,0.0,37,29933,卖盘
10:42:57,8.09,0.0,6,4854,卖盘
10:43:00,8.09,0.0,10,8090,卖盘
10:43:03,8.09,0.0,1,809,卖盘
10:43:06,8.09,0.0,9,7281,卖盘
10:43:09,8.09,0.0,1,809,卖盘
10:43:12,8.09,0.0,59,47731,卖盘
10:43:18,8.09,0.0,9,7281,卖盘
10:43:21,8.09,0.0,108,87372,卖盘
10:43:24,8.09,0.0,413,334117,卖盘
10:43:27,8.09,0.0,11,8899,卖盘
10:43:30,8.09,0.0,25,20225,卖盘
10:43:33,8.09,0.0,88,71192,卖盘
10:43:36,8.09,0.0,139,112451,卖盘
10:43:39,8.09,0.0,10,8090,卖盘
10:43:42,8.09,0.0,50,40450,卖盘
10:43:45,8.09,0.0,8,6472,卖盘
10:43:48,8.09,0.0,43,34787,卖盘
10:43:51,8.09,0.0,96,77664,卖盘
10:43:54,8.09,0.0,21,16989,卖盘
10:43:57,8.09,0.0,313,253217,卖盘
10:44:00,8.09,0.0,1,809,卖盘
10:44:03,8.09,0.0,2,1618,卖盘
10:44:06,8.09,0.0,7,5663,卖盘
10:44:09,8.09,0.0,18,14562,卖盘
10:44:12,8.09,0.0,3,2427,卖盘
10:44:15,8.09,0.0,1,809,卖盘
10:44:18,8.09,0.0,10,8090,卖盘
10:44:21,8.09,0.0,74,59866,卖盘
10:44:24,8.09,0.0,4,3236,卖盘
10:44:30,8.09,0.0,51,41259,卖盘
10:44:33,8.09,0.0,14,11326,卖盘
10:44:36,8.09,0.0,31,25079,卖盘
10:44:42,8.09,0.0,18,14562,卖盘
10:44:45,8.09,0.0,20,16180,卖盘
10:44:48,8.09,0.0,46,37214,卖盘
10:44:54,8.09,0.0,6,4854,卖盘
10:45:00,8.09,0.0,15,12135,卖盘
10:45:06,8.09,0.0,9,7281,卖盘
10:45:12,8.09,0.0,10,8090,卖盘
10:45:15,8.09,0.0,2,1618,卖盘
10:45:18,8.09,0.0,6,4854,卖盘
10:45:21,8.09,0.0,323,261307,卖盘
10:45:24,8.09,0.0,40,32360,卖盘
10:45:27,8.09,0.0,32,25888,卖盘
10:45:30,8.09,0.0,18,14562,卖盘
10:45:33,8.09,0.0,4,3236,卖盘
10:45:36,8.09,0.0,605,489445,卖盘
10:45:42,8.09,0.0,25,20225,卖盘
10:45:45,8.09,0.0,7,5663,卖盘
10:45:51,8.09,0.0,113,91417,卖盘
10:45:54,8.09,0.0,22,17798,卖盘
10:46:00,8.09,0.0,225,182025,卖盘
10:46:03,8.09,0.0,252,203868,卖盘
10:46:06,8.09,0.0,46,37214,卖盘
10:46:09,8.09,0.0,36,29124,卖盘
10:46:12,8.09,0.0,43,34787,卖盘
10:46:15,8.09,0.0,2,1618,卖盘
10:46:18,8.09,0.0,5,4045,卖盘
10:46:21,8.09,0.0,12,9708,卖盘
10:46:24,8.09,0.0,4,3236,卖盘
10:46:27,8.09,0.0,28,22652,卖盘
10:46:36,8.09,0.0,50,40450,卖盘
10:46:39,8.09,0.0,11,8899,卖盘
10:46:42,8.09,0.0,3,2427,卖盘
10:46:48,8.09,0.0,8,6472,卖盘
10:46:51,8.09,0.0,35,28315,卖盘
10:46:54,8.09,0.0,6,4854,卖盘
10:46:57,8.09,0.0,521,421489,卖盘
10:47:00,8.09,0.0,1,809,卖盘
10:47:03,8.09,0.0,10,8090,卖盘
10:47:06,8.09,0.0,20,16180,卖盘
10:47:09,8.09,0.0,20,16180,卖盘
10:47:12,8.09,0.0,3,2427,卖盘
10:47:18,8.09,0.0,11,8899,卖盘
10:47:21,8.09,0.0,197,159373,卖盘
10:47:24,8.09,0.0,1,809,卖盘
10:47:27,8.09,0.0,10,8090,卖盘
10:47:30,8.09,0.0,2,1618,卖盘
10:47:33,8.09,0.0,80,64720,卖盘
10:47:36,8.09,0.0,3,2427,卖盘
10:47:42,8.09,0.0,90,72810,卖盘
10:47:48,8.09,0.0,12,9708,卖盘
10:47:51,8.09,0.0,107,86563,卖盘
10:47:54,8.09,0.0,8,6472,卖盘
10:47:57,8.09,0.0,210,169890,卖盘
10:48:00,8.09,0.0,4,3236,卖盘
10:48:03,8.09,0.0,1,809,卖盘
10:48:06,8.09,0.0,9,7281,卖盘
10:48:09,8.09,0.0,11,8899,卖盘
10:48:15,8.09,0.0,10,8090,卖盘
10:48:18,8.09,0.0,84,67956,卖盘
10:48:21,8.09,0.0,1,809,卖盘
10:48:24,8.09,0.0,6,4854,卖盘
10:48:27,8.09,0.0,10,8090,卖盘
10:48:30,8.09,0.0,42,33978,卖盘
10:48:33,8.09,0.0,1,809,卖盘
10:48:36,8.09,0.0,12,9708,卖盘
10:48:39,8.09,0.0,73,59057,卖盘
10:48:45,8.09,0.0,2,1618,卖盘
10:48:48,8.09,0.0,430,347870,卖盘
10:48:51,8.09,0.0,6,4854,卖盘
10:48:57,8.09,0.0,1,809,卖盘
10:49:06,8.09,0.0,1,809,卖盘
10:49:09,8.09,0.0,40,32360,卖盘
10:49:12,8.09,0.0,26,21034,卖盘
10:49:15,8.09,0.0,4,3236,卖盘
10:49:21,8.09,0.0,20,16180,卖盘
10:49:24,8.09,0.0,96,77664,卖盘
10:49:30,8.09,0.0,15,12135,卖盘
10:49:33,8.09,0.0,14,11326,卖盘
10:49:39,8.09,0.0,1,809,卖盘
10:49:42,8.09,0.0,18,14562,卖盘
10:49:45,8.09,0.0,20,16180,卖盘
10:49:48,8.09,0.0,45,36405,卖盘
10:49:54,8.09,0.0,101,81709,卖盘
10:49:57,8.09,0.0,26,21034,卖盘
10:50:03,8.09,0.0,67,54203,卖盘
10:50:06,8.09,0.0,11,8899,卖盘
10:50:09,8.09,0.0,38,30742,卖盘
10:50:12,8.09,0.0,2,1618,卖盘
10:50:15,8.09,0.0,56,45304,卖盘
10:50:18,8.09,0.0,1,809,卖盘
10:50:21,8.09,0.0,1,809,卖盘
10:50:24,8.09,0.0,1,809,卖盘
10:50:27,8.09,0.0,24,19416,卖盘
10:50:30,8.09,0.0,184,148856,卖盘
10:50:33,8.09,0.0,24,19416,卖盘
10:50:45,8.09,0.0,2,1618,卖盘
10:50:48,8.09,0.0,111,89799,卖盘
10:50:54,8.09,0.0,10,8090,卖盘
10:50:57,8.09,0.0,9,7281,卖盘
10:51:00,8.09,0.0,29,23461,卖盘
10:51:03,8.09,0.0,1,809,卖盘
10:51:06,8.09,0.0,25,20225,卖盘
10:51:12,8.09,0.0,7,5663,卖盘
10:51:15,8.09,0.0,17,13753,卖盘
10:51:18,8.09,0.0,8,6472,卖盘
10:51:21,8.09,0.0,9,7281,卖盘
10:51:24,8.09,0.0,21,16989,卖盘
10:51:27,8.09,0.0,16,12944,卖盘
10:51:30,8.09,0.0,1,809,卖盘
10:51:36,8.09,0.0,25,20225,卖盘
10:51:42,8.09,0.0,14,11326,卖盘
10:51:48,8.09,0.0,852,689268,卖盘
10:51:51,8.09,0.0,1,809,卖盘
10:51:54,8.09,0.0,6,4854,卖盘
10:52:03,8.09,0.0,8,6472,卖盘
10:52:06,8.09,0.0,2,1618,卖盘
10:52:09,8.09,0.0,7,5663,卖盘
10:52:12,8.09,0.0,18,14562,卖盘
10:52:15,8.09,0.0,13,10517,卖盘
10:52:18,8.09,0.0,37,29933,卖盘
10:52:21,8.09,0.0,9,7281,卖盘
10:52:27,8.09,0.0,31,25079,卖盘
10:52:30,8.09,0.0,837,677133,卖盘
10:52:33,8.09,0.0,10,8090,卖盘
10:52:36,8.09,0.0,15,12135,卖盘
10:52:39,8.09,0.0,311,251599,卖盘
10:52:42,8.09,0.0,391,316319,卖盘
10:52:45,8.09,0.0,67,54203,卖盘
10:52:48,8.09,0.0,1,809,卖盘
10:52:51,8.09,0.0,9,7281,卖盘
10:52:57,8.09,0.0,3,2427,卖盘
10:53:00,8.09,0.0,21,16989,卖盘
10:53:03,8.09,0.0,1,809,卖盘
10:53:06,8.09,0.0,5,4045,卖盘
10:53:12,8.09,0.0,12,9708,卖盘
10:53:15,8.09,0.0,15,12135,卖盘
10:53:24,8.09,0.0,28,22652,卖盘
10:53:30,8.09,0.0,14,11326,卖盘
10:53:33,8.09,0.0,19,15371,卖盘
10:53:39,8.09,0.0,15,12135,卖盘
10:53:42,8.09,0.0,1,809,卖盘
10:53:45,8.09,0.0,8,6472,卖盘
10:53:48,8.09,0.0,1,809,卖盘
10:53:57,8.09,0.0,51,41259,卖盘
10:54:00,8.09,0.0,10,8090,卖盘
10:54:03,8.09,0.0,51,41259,卖盘
10:54:06,8.09,0.0,47,38023,卖盘
10:54:09,8.09,0.0,16,12944,卖盘
10:54:15,8.09,0.0,2,1618,卖盘
10:54:18,8.09,0.0,57,46113,卖盘
10:54:21,8.09,0.0,1,809,卖盘
10:54:30,8.09,0.0,30,24270,卖盘
10:54:39,8.09,0.0,1,809,卖盘
10:54:42,8.09,0.0,1,809,卖盘
10:54:45,8.09,0.0,51,41259,卖盘
10:54:48,8.09,0.0,66,53394,卖盘
10:54:51,8.09,0.0,51,41259,卖盘
10:54:54,8.09,0.0,93,75237,卖盘
10:55:03,8.09,0.0,30,24270,卖盘
10:55:06,8.09,0.0,52,42068,卖盘
10:55:09,8.09,0.0,54,43686,卖盘
10:55:12,8.09,0.0,5,4045,卖盘
10:55:15,8.09,0.0,4,3236,卖盘
10:55:18,8.09,0.0,44,35596,卖盘
10:55:24,8.09,0.0,8,6472,卖盘
10:55:27,8.09,0.0,6,4854,卖盘
10:55:30,8.09,0.0,11,8899,卖盘
10:55:33,8.09,0.0,15,12135,卖盘
10:55:36,8.09,0.0,1,809,卖盘
10:55:39,8.09,0.0,10,8090,卖盘
10:55:45,8.09,0.0,30,24270,卖盘
10:55:48,8.09,0.0,1,809,卖盘
10:55:54,8.09,0.0,1,809,卖盘
10:56:00,8.09,0.0,1,809,卖盘
10:56:12,8.09,0.0,4,3236,卖盘
10:56:15,8.09,0.0,1,809,卖盘
10:56:21,8.09,0.0,50,40450,卖盘
10:56:24,8.09,0.0,32,25888,卖盘
10:56:27,8.09,0.0,45,36405,卖盘
10:56:30,8.09,0.0,25,20225,卖盘
10:56:39,8.09,0.0,1,809,卖盘
10:56:42,8.09,0.0,12,9708,卖盘
10:56:45,8.09,0.0,11,8899,卖盘
10:56:48,8.09,0.0,12,9708,卖盘
10:56:51,8.09,0.0,2,1618,卖盘
10:56:54,8.09,0.0,1,809,卖盘
10:57:00,8.09,0.0,100,80900,卖盘
10:57:03,8.09,0.0,21,16989,卖盘
10:57:06,8.09,0.0,3,2427,卖盘
10:57:09,8.09,0.0,15,12135,卖盘
10:57:12,8.09,0.0,47,38023,卖盘
10:57:15,8.09,0.0,43,34787,卖盘
10:57:21,8.09,0.0,81,65529,卖盘
10:57:24,8.09,0.0,2,1618,卖盘
10:57:27,8.09,0.0,56,45304,卖盘
10:57:36,8.09,0.0,1,809,卖盘
10:57:39,8.09,0.0,1,809,卖盘
10:57:42,8.09,0.0,141,114069,卖盘
10:57:45,8.09,0.0,12,9708,卖盘
10:57:48,8.09,0.0,146,118114,卖盘
10:57:51,8.09,0.0,86,69574,卖盘
10:57:54,8.09,0.0,4,3236,卖盘
10:57:57,8.09,0.0,16,12944,卖盘
10:58:00,8.09,0.0,1,809,卖盘
10:58:03,8.09,0.0,138,111642,卖盘
10:58:06,8.09,0.0,7,5663,卖盘
10:58:12,8.09,0.0,10,8090,卖盘
10:58:21,8.09,0.0,33,26697,卖盘
10:58:24,8.09,0.0,3,2427,卖盘
10:58:30,8.09,0.0,7,5663,卖盘
10:58:33,8.09,0.0,110,88990,卖盘
10:58:36,8.09,0.0,55,44495,卖盘
10:58:39,8.09,0.0,4,3236,卖盘
10:58:45,8.09,0.0,3,2427,卖盘
10:58:51,8.09,0.0,10,8090,卖盘
10:58:54,8.09,0.0,1,809,卖盘
10:58:57,8.09,0.0,1,809,卖盘
10:59:00,8.09,0.0,3,2427,卖盘
10:59:03,8.09,0.0,7,5663,卖盘
10:59:06,8.09,0.0,5,4045,卖盘
10:59:09,8.09,0.0,1,809,卖盘
10:59:12,8.09,0.0,3,2427,卖盘
10:59:18,8.09,0.0,3,2427,卖盘
10:59:21,8.09,0.0,1,809,卖盘
10:59:33,8.09,0.0,13,10517,卖盘
10:59:42,8.09,0.0,1,809,卖盘
10:59:48,8.09,0.0,5,4045,卖盘
10:59:51,8.09,0.0,6,4854,卖盘
10:59:54,8.09,0.0,3,2427,卖盘
10:59:57,8.09,0.0,2,1618,卖盘
11:00:03,8.09,0.0,126,101934,卖盘
11:00:06,8.09,0.0,1,809,卖盘
11:00:09,8.09,0.0,3,2427,卖盘
11:00:12,8.09,0.0,5,4045,卖盘
11:00:15,8.09,0.0,10,8090,卖盘
11:00:18,8.09,0.0,1,809,卖盘
11:00:27,8.09,0.0,16,12944,卖盘
11:00:30,8.09,0.0,24,19416,卖盘
11:00:36,8.09,0.0,26,21034,卖盘
11:00:39,8.09,0.0,69,55821,卖盘
11:00:42,8.09,0.0,18,14562,卖盘
11:00:51,8.09,0.0,40,32360,卖盘
11:00:54,8.09,0.0,11,8899,卖盘
11:01:03,8.09,0.0,26,21034,卖盘
11:01:09,8.09,0.0,1,809,卖盘
11:01:12,8.09,0.0,24,19416,卖盘
11:01:15,8.09,0.0,5,4045,卖盘
11:01:24,8.09,0.0,1,809,卖盘
11:01:27,8.09,0.0,81,65529,卖盘
11:01:30,8.09,0.0,20,16180,卖盘
11:01:33,8.09,0.0,50,40450,卖盘
11:01:39,8.09,0.0,16,12944,卖盘
11:01:42,8.09,0.0,30,24270,卖盘
11:01:45,8.09,0.0,25,20225,卖盘
11:01:48,8.09,0.0,10,8090,卖盘
11:01:51,8.09,0.0,71,57439,卖盘
11:01:54,8.09,0.0,1,809,卖盘
11:01:57,8.09,0.0,7,5663,卖盘
11:02:03,8.09,0.0,126,101934,卖盘
11:02:18,8.09,0.0,1,809,卖盘
11:02:21,8.09,0.0,15,12135,卖盘
11:02:24,8.09,0.0,5,4045,卖盘
11:02:27,8.09,0.0,6,4854,卖盘
11:02:30,8.09,0.0,17,13753,卖盘
11:02:33,8.09,0.0,21,16989,卖盘
11:02:36,8.09,0.0,176,142384,卖盘
11:02:39,8.09,0.0,10,8090,卖盘
11:02:45,8.09,0.0,55,44495,卖盘
11:02:48,8.09,0.0,103,83327,卖盘
11:02:51,8.09,0.0,6,4854,卖盘
11:02:54,8.09,0.0,11,8899,卖盘
11:03:00,8.09,0.0,30,24270,卖盘
11:03:03,8.09,0.0,1,809,卖盘
11:03:09,8.09,0.0,1,809,卖盘
11:03:12,8.09,0.0,1,809,卖盘
11:03:18,8.09,0.0,21,16989,卖盘
11:03:24,8.09,0.0,1,809,卖盘
11:03:27,8.09,0.0,56,45304,卖盘
11:03:30,8.09,0.0,50,40450,卖盘
11:03:39,8.09,0.0,1,809,卖盘
11:03:42,8.09,0.0,4,3236,卖盘
11:03:48,8.09,0.0,1,809,卖盘
11:03:57,8.09,0.0,1,809,卖盘
11:04:00,8.09,0.0,32,25888,卖盘
11:04:03,8.09,0.0,2,1618,卖盘
11:04:06,8.09,0.0,9,7281,卖盘
11:04:09,8.09,0.0,5,4045,卖盘
11:04:12,8.09,0.0,63,50967,卖盘
11:04:18,8.09,0.0,72,58248,卖盘
11:04:21,8.09,0.0,1,809,卖盘
11:04:24,8.09,0.0,10,8090,卖盘
11:04:33,8.09,0.0,1,809,卖盘
11:04:42,8.09,0.0,20,16180,卖盘
11:04:45,8.09,0.0,7,5663,卖盘
11:04:48,8.09,0.0,1,809,卖盘
11:04:51,8.09,0.0,4,3236,卖盘
11:04:54,8.09,0.0,15,12135,卖盘
11:04:57,8.09,0.0,21,16989,卖盘
11:05:00,8.09,0.0,1,809,卖盘
11:05:03,8.09,0.0,35,28315,卖盘
11:05:06,8.09,0.0,4,3236,卖盘
11:05:12,8.09,0.0,21,16989,卖盘
11:05:15,8.09,0.0,12,9708,卖盘
11:05:21,8.09,0.0,15,12135,卖盘
11:05:24,8.09,0.0,16,12944,卖盘
11:05:30,8.09,0.0,6,4854,卖盘
11:05:33,8.09,0.0,18,14562,卖盘
11:05:36,8.09,0.0,3,2427,卖盘
11:05:42,8.09,0.0,1,809,卖盘
11:05:45,8.09,0.0,20,16180,卖盘
11:05:51,8.09,0.0,42,33978,卖盘
11:05:57,8.09,0.0,1,809,卖盘
11:06:00,8.09,0.0,79,63911,卖盘
11:06:06,8.09,0.0,2,1618,卖盘
11:06:09,8.09,0.0,8,6472,卖盘
11:06:12,8.09,0.0,15,12135,卖盘
11:06:18,8.09,0.0,20,16180,卖盘
11:06:21,8.09,0.0,12,9708,卖盘
11:06:24,8.09,0.0,30,24270,卖盘
11:06:36,8.09,0.0,85,68765,卖盘
11:06:39,8.09,0.0,11,8899,卖盘
11:06:42,8.09,0.0,2,1618,卖盘
11:06:48,8.09,0.0,10,8090,卖盘
11:06:51,8.09,0.0,25,20225,卖盘
11:06:54,8.09,0.0,1,809,卖盘
11:07:00,8.09,0.0,259,209531,卖盘
11:07:03,8.09,0.0,10,8090,卖盘
11:07:06,8.09,0.0,37,29933,卖盘
11:07:09,8.09,0.0,7,5663,卖盘
11:07:18,8.09,0.0,41,33169,卖盘
11:07:27,8.09,0.0,15,12135,卖盘
11:07:30,8.09,0.0,1,809,卖盘
11:07:33,8.09,0.0,14,11326,卖盘
11:07:36,8.09,0.0,11,8899,卖盘
11:07:39,8.09,0.0,20,16180,卖盘
11:07:42,8.09,0.0,31,25079,卖盘
11:07:48,8.09,0.0,6,4854,卖盘
11:07:54,8.09,0.0,3,2427,卖盘
11:07:57,8.09,0.0,5,4045,卖盘
11:08:09,8.09,0.0,148,119732,卖盘
11:08:12,8.09,0.0,11,8899,卖盘
11:08:18,8.09,0.0,16,12944,卖盘
11:08:27,8.09,0.0,1,809,卖盘
11:08:36,8.09,0.0,3,2427,卖盘
11:08:39,8.09,0.0,1,809,卖盘
11:08:48,8.09,0.0,10,8090,卖盘
11:08:51,8.09,0.0,51,41259,卖盘
11:08:54,8.09,0.0,92,74428,卖盘
11:08:57,8.09,0.0,3,2427,卖盘
11:09:00,8.09,0.0,57,46113,卖盘
11:09:03,8.09,0.0,1,809,卖盘
11:09:06,8.09,0.0,15,12135,卖盘
11:09:09,8.09,0.0,11,8899,卖盘
11:09:12,8.09,0.0,4,3236,卖盘
11:09:15,8.09,0.0,73,59057,卖盘
11:09:18,8.09,0.0,17,13753,卖盘
11:09:21,8.09,0.0,20,16180,卖盘
11:09:33,8.09,0.0,39,31551,卖盘
11:09:36,8.09,0.0,34,27506,卖盘
11:09:39,8.09,0.0,3,2427,卖盘
11:09:42,8.09,0.0,8,6472,卖盘
11:09:45,8.09,0.0,2,1618,卖盘
11:09:48,8.09,0.0,3,2427,卖盘
11:09:54,8.09,0.0,10,8090,卖盘
11:10:00,8.09,0.0,13,10517,卖盘
11:10:03,8.09,0.0,1,809,卖盘
11:10:12,8.09,0.0,10,8090,卖盘
11:10:15,8.09,0.0,10,8090,卖盘
11:10:18,8.09,0.0,4,3236,卖盘
11:10:24,8.09,0.0,51,41259,卖盘
11:10:27,8.09,0.0,13,10517,卖盘
11:10:33,8.09,0.0,57,46113,卖盘
11:10:36,8.09,0.0,128,103552,卖盘
11:10:42,8.09,0.0,1,809,卖盘
11:10:45,8.09,0.0,42,33978,卖盘
11:10:57,8.09,0.0,81,65529,卖盘
11:11:06,8.09,0.0,5,4045,卖盘
11:11:09,8.09,0.0,1,809,卖盘
11:11:12,8.09,0.0,4,3236,卖盘
11:11:15,8.09,0.0,46,37214,卖盘
11:11:18,8.09,0.0,3,2427,卖盘
11:11:21,8.09,0.0,1,809,卖盘
11:11:27,8.09,0.0,41,33169,卖盘
11:11:30,8.09,0.0,1,809,卖盘
11:11:33,8.09,0.0,2,1618,卖盘
11:11:36,8.09,0.0,13,10517,卖盘
11:11:42,8.09,0.0,10,8090,卖盘
11:11:45,8.09,0.0,1,809,卖盘
11:11:51,8.09,0.0,30,24270,卖盘
11:12:00,8.09,0.0,1,809,卖盘
11:12:03,8.09,0.0,2,1618,卖盘
11:12:06,8.09,0.0,500,404500,卖盘
11:12:09,8.09,0.0,116,93844,卖盘
11:12:15,8.09,0.0,5,4045,卖盘
11:12:18,8.09,0.0,5,4045,卖盘
11:12:21,8.09,0.0,2,1618,卖盘
11:12:24,8.09,0.0,101,81709,卖盘
11:12:30,8.09,0.0,1,809,卖盘
11:12:42,8.09,0.0,1,809,卖盘
11:12:54,8.09,0.0,1,809,卖盘
11:13:03,8.09,0.0,10,8090,卖盘
11:13:09,8.09,0.0,1,809,卖盘
11:13:21,8.09,0.0,12,9708,卖盘
11:13:24,8.09,0.0,50,40450,卖盘
11:13:27,8.09,0.0,6,4854,卖盘
11:13:30,8.09,0.0,4,3236,卖盘
11:13:33,8.09,0.0,34,27506,卖盘
11:13:36,8.09,0.0,22,17798,卖盘
11:13:45,8.09,0.0,20,16180,卖盘
11:13:54,8.09,0.0,99,80091,卖盘
11:13:57,8.09,0.0,1,809,卖盘
11:14:03,8.09,0.0,75,60675,卖盘
11:14:18,8.09,0.0,1,809,卖盘
11:14:21,8.09,0.0,9,7281,卖盘
11:14:24,8.09,0.0,4,3236,卖盘
11:14:27,8.09,0.0,3,2427,卖盘
11:14:39,8.09,0.0,100,80900,卖盘
11:14:45,8.09,0.0,32,25888,卖盘
11:14:48,8.09,0.0,1,809,卖盘
11:14:57,8.09,0.0,2,1618,卖盘
11:15:03,8.09,0.0,3,2427,卖盘
11:15:12,8.09,0.0,48,38832,卖盘
11:15:15,8.09,0.0,3,2427,卖盘
11:15:21,8.09,0.0,5,4045,卖盘
11:15:24,8.09,0.0,1,809,卖盘
11:15:30,8.09,0.0,5,4045,卖盘
11:15:33,8.09,0.0,5,4045,卖盘
11:15:39,8.09,0.0,12,9708,卖盘
11:15:42,8.09,0.0,1,809,卖盘
11:15:45,8.09,0.0,24,19416,卖盘
11:15:54,8.09,0.0,60,48540,卖盘
11:15:57,8.09,0.0,19,15371,卖盘
11:16:00,8.09,0.0,2,1618,卖盘
11:16:06,8.09,0.0,1,809,卖盘
11:16:09,8.09,0.0,40,32360,卖盘
11:16:12,8.09,0.0,5,4045,卖盘
11:16:15,8.09,0.0,10,8090,卖盘
11:16:21,8.09,0.0,38,30742,卖盘
11:16:27,8.09,0.0,3,2427,卖盘
11:16:36,8.09,0.0,107,86563,卖盘
11:16:39,8.09,0.0,28,22652,卖盘
11:16:42,8.09,0.0,2,1618,卖盘
11:16:45,8.09,0.0,5,4045,卖盘
11:16:51,8.09,0.0,3,2427,卖盘
11:16:54,8.09,0.0,23,18607,卖盘
11:17:00,8.09,0.0,1,809,卖盘
11:17:06,8.09,0.0,2,1618,卖盘
11:17:12,8.09,0.0,200,161800,卖盘
11:17:15,8.09,0.0,13,10517,卖盘
11:17:21,8.09,0.0,16,12944,卖盘
11:17:24,8.09,0.0,75,60675,卖盘
11:17:30,8.09,0.0,50,40450,卖盘
11:17:48,8.09,0.0,2,1618,卖盘
11:17:54,8.09,0.0,7,5663,卖盘
11:17:57,8.09,0.0,1,809,卖盘
11:18:00,8.09,0.0,3,2427,卖盘
11:18:03,8.09,0.0,11,8899,卖盘
11:18:06,8.09,0.0,10,8090,卖盘
11:18:09,8.09,0.0,10,8090,卖盘
11:18:12,8.09,0.0,6,4854,卖盘
11:18:18,8.09,0.0,8,6472,卖盘
11:18:36,8.09,0.0,30,24270,卖盘
11:18:39,8.09,0.0,11,8899,卖盘
11:18:42,8.09,0.0,36,29124,卖盘
11:18:45,8.09,0.0,50,40450,卖盘
11:18:48,8.09,0.0,10,8090,卖盘
11:18:57,8.09,0.0,5,4045,卖盘
11:19:21,8.09,0.0,13,10517,卖盘
11:19:24,8.09,0.0,1,809,卖盘
11:19:27,8.09,0.0,13,10517,卖盘
11:19:30,8.09,0.0,3,2427,卖盘
11:19:36,8.09,0.0,2,1618,卖盘
11:19:45,8.09,0.0,78,63102,卖盘
11:19:57,8.09,0.0,2,1618,卖盘
11:20:00,8.09,0.0,16,12944,卖盘
11:20:03,8.09,0.0,7,5663,卖盘
11:20:09,8.09,0.0,5,4045,卖盘
11:20:12,8.09,0.0,15,12135,卖盘
11:20:33,8.09,0.0,4,3236,卖盘
11:20:45,8.09,0.0,44,35596,卖盘
11:21:03,8.09,0.0,16,12944,卖盘
11:21:06,8.09,0.0,15,12135,卖盘
11:21:09,8.09,0.0,5,4045,卖盘
11:21:18,8.09,0.0,2,1618,卖盘
11:21:21,8.09,0.0,30,24270,卖盘
11:21:27,8.09,0.0,47,38023,卖盘
11:21:36,8.09,0.0,1,809,卖盘
11:21:51,8.09,0.0,30,24270,卖盘
11:21:54,8.09,0.0,13,10517,卖盘
11:22:03,8.09,0.0,10,8090,卖盘
11:22:09,8.09,0.0,7,5663,卖盘
11:22:12,8.09,0.0,25,20225,卖盘
11:22:18,8.09,0.0,2,1618,卖盘
11:22:30,8.09,0.0,30,24270,卖盘
11:22:39,8.09,0.0,18,14562,卖盘
11:22:42,8.09,0.0,10,8090,卖盘
11:22:48,8.09,0.0,2,1618,卖盘
11:22:54,8.09,0.0,6,4854,卖盘
11:22:57,8.09,0.0,41,33169,卖盘
11:23:06,8.09,0.0,10,8090,卖盘
11:23:12,8.09,0.0,26,21034,卖盘
11:23:27,8.09,0.0,19,15371,卖盘
11:23:39,8.09,0.0,7,5663,卖盘
11:23:51,8.09,0.0,4,3236,卖盘
11:23:54,8.09,0.0,1,809,卖盘
11:24:18,8.09,0.0,37,29933,卖盘
11:24:24,8.09,0.0,10,8090,卖盘
11:24:30,8.09,0.0,10,8090,卖盘
11:24:36,8.09,0.0,2,1618,卖盘
11:24:42,8.09,0.0,39,31551,卖盘
11:24:51,8.09,0.0,11,8899,卖盘
11:24:57,8.09,0.0,10,8090,卖盘
11:25:09,8.09,0.0,4,3236,卖盘
11:25:12,8.09,0.0,9,7281,卖盘
11:25:15,8.09,0.0,100,80900,卖盘
11:25:18,8.09,0.0,60,48540,卖盘
11:25:30,8.09,0.0,13,10517,卖盘
11:25:36,8.09,0.0,23,18607,卖盘
11:25:39,8.09,0.0,25,20225,卖盘
11:25:48,8.09,0.0,1,809,卖盘
11:25:51,8.09,0.0,3,2427,卖盘
11:26:00,8.09,0.0,1,809,卖盘
11:26:09,8.09,0.0,4,3236,卖盘
11:26:12,8.09,0.0,10,8090,卖盘
11:26:18,8.09,0.0,12,9708,卖盘
11:26:21,8.09,0.0,77,62293,卖盘
11:26:24,8.09,0.0,50,40450,卖盘
11:26:27,8.09,0.0,7,5663,卖盘
11:26:54,8.09,0.0,10,8090,卖盘
11:27:09,8.09,0.0,20,16180,卖盘
11:27:18,8.09,0.0,19,15371,卖盘
11:27:21,8.09,0.0,5,4045,卖盘
11:27:27,8.09,0.0,10,8090,卖盘
11:27:33,8.09,0.0,31,25079,卖盘
11:27:36,8.09,0.0,197,159373,卖盘
11:27:45,8.09,0.0,62,50191,卖盘
11:27:48,8.09,0.0,35,28315,卖盘
11:27:54,8.09,0.0,5,4045,卖盘
11:27:57,8.09,0.0,24,19416,卖盘
11:28:00,8.09,0.0,5,4045,卖盘
11:28:09,8.09,0.0,50,40450,卖盘
11:28:12,8.09,0.0,10,8090,卖盘
11:28:15,8.09,0.0,125,101125,卖盘
11:28:27,8.09,0.0,1,809,卖盘
11:28:33,8.09,0.0,7,5663,卖盘
11:28:39,8.09,0.0,700,566300,卖盘
11:28:45,8.09,0.0,1,809,卖盘
11:28:48,8.09,0.0,9,7281,卖盘
11:28:57,8.09,0.0,1,809,卖盘
11:29:00,8.09,0.0,20,16180,卖盘
11:29:06,8.09,0.0,34,27506,卖盘
11:29:18,8.09,0.0,5,4045,卖盘
11:29:30,8.09,0.0,7,5663,卖盘
11:29:39,8.09,0.0,2,1618,卖盘
11:29:51,8.09,0.0,6,4854,卖盘
13:00:03,8.09,0.0,292,236228,卖盘
13:00:06,8.09,0.0,727,588143,卖盘
13:00:09,8.09,0.0,1535,1241815,卖盘
13:00:12,8.09,0.0,274,221666,卖盘
13:00:15,8.09,0.0,21,16989,卖盘
13:00:24,8.09,0.0,2,1618,卖盘
13:00:39,8.09,0.0,10,8090,卖盘
13:00:45,8.09,0.0,7,5663,卖盘
13:00:51,8.09,0.0,27,21843,卖盘
13:00:57,8.09,0.0,2,1618,卖盘
13:01:09,8.09,0.0,7,5663,卖盘
13:01:12,8.09,0.0,6,4854,卖盘
13:01:18,8.09,0.0,5,4045,卖盘
13:01:30,8.09,0.0,10,8090,卖盘
13:01:42,8.09,0.0,220,177980,卖盘
13:02:00,8.09,0.0,5,4045,卖盘
13:02:03,8.09,0.0,2,1618,卖盘
13:02:12,8.09,0.0,1,809,卖盘
13:02:18,8.09,0.0,10,8090,卖盘
13:02:27,8.09,0.0,1,809,卖盘
13:02:33,8.09,0.0,33,26697,卖盘
13:02:36,8.09,0.0,11,8899,卖盘
13:02:39,8.09,0.0,39,31551,卖盘
13:02:51,8.09,0.0,82,66338,卖盘
13:02:54,8.09,0.0,1,809,卖盘
13:02:57,8.09,0.0,11,8899,卖盘
13:03:06,8.09,0.0,1,809,卖盘
13:03:09,8.09,0.0,1,809,卖盘
13:03:15,8.09,0.0,40,32360,卖盘
13:03:27,8.09,0.0,5,4045,卖盘
13:03:30,8.09,0.0,5,4045,卖盘
13:03:42,8.09,0.0,22,17798,卖盘
13:03:45,8.09,0.0,10,8090,卖盘
13:03:57,8.09,0.0,1,809,卖盘
13:04:00,8.09,0.0,1,809,卖盘
13:04:09,8.09,0.0,2,1618,卖盘
13:04:18,8.09,0.0,15,12135,卖盘
13:04:24,8.09,0.0,3,2427,卖盘
13:04:27,8.09,0.0,120,97080,卖盘
13:04:36,8.09,0.0,6,4854,卖盘
13:04:39,8.09,0.0,3,2427,卖盘
13:04:48,8.09,0.0,1,809,卖盘
13:04:51,8.09,0.0,1,809,卖盘
13:04:54,8.09,0.0,36,29124,卖盘
13:05:00,8.09,0.0,18,14562,卖盘
13:05:03,8.09,0.0,25,20225,卖盘
13:05:06,8.09,0.0,4,3236,卖盘
13:05:15,8.09,0.0,10,8090,卖盘
13:05:21,8.09,0.0,2,1618,卖盘
13:05:24,8.09,0.0,5,4045,卖盘
13:05:42,8.09,0.0,5,4045,卖盘
13:05:45,8.09,0.0,50,40450,卖盘
13:05:51,8.09,0.0,3,2427,卖盘
13:05:54,8.09,0.0,20,16180,卖盘
13:05:57,8.09,0.0,22,17798,卖盘
13:06:06,8.09,0.0,392,317128,卖盘
13:06:12,8.09,0.0,8,6472,卖盘
13:06:15,8.09,0.0,1,809,卖盘
13:06:18,8.09,0.0,2,1618,卖盘
13:06:27,8.09,0.0,50,40450,卖盘
13:06:33,8.09,0.0,20,16180,卖盘
13:06:42,8.09,0.0,10,8090,卖盘
13:06:45,8.09,0.0,2,1618,卖盘
13:06:51,8.09,0.0,9,7281,卖盘
13:07:06,8.09,0.0,4,3236,卖盘
13:07:12,8.09,0.0,7,5663,卖盘
13:07:15,8.09,0.0,217,175553,卖盘
13:07:42,8.09,0.0,150,121350,卖盘
13:07:48,8.09,0.0,2,1618,卖盘
13:07:57,8.09,0.0,1,809,卖盘
13:08:00,8.09,0.0,45,36405,卖盘
13:08:06,8.09,0.0,27,21843,卖盘
13:08:09,8.09,0.0,5,4045,卖盘
13:08:15,8.09,0.0,21,16989,卖盘
13:08:27,8.09,0.0,5,4045,卖盘
13:08:33,8.09,0.0,10,8090,卖盘
13:08:36,8.09,0.0,26,21034,卖盘
13:08:48,8.09,0.0,2,1618,卖盘
13:09:00,8.09,0.0,14,11326,卖盘
13:09:06,8.09,0.0,10,8090,卖盘
13:09:12,8.09,0.0,1,809,卖盘
13:09:18,8.09,0.0,37,29933,卖盘
13:09:27,8.09,0.0,45,36405,卖盘
13:09:30,8.09,0.0,5,4045,卖盘
13:09:45,8.09,0.0,20,16180,卖盘
13:09:54,8.09,0.0,1,809,卖盘
13:09:57,8.09,0.0,5,4045,卖盘
13:10:00,8.09,0.0,4,3236,卖盘
13:10:06,8.09,0.0,4,3236,卖盘
13:10:09,8.09,0.0,58,46922,卖盘
13:10:12,8.09,0.0,45,36405,卖盘
13:10:18,8.09,0.0,1,809,卖盘
13:10:24,8.09,0.0,10,8090,卖盘
13:10:27,8.09,0.0,66,53394,卖盘
13:10:39,8.09,0.0,10,8090,卖盘
13:11:06,8.09,0.0,4,3236,卖盘
13:11:15,8.09,0.0,6,4854,卖盘
13:11:18,8.09,0.0,23,18607,卖盘
13:11:21,8.09,0.0,2,1618,卖盘
13:11:27,8.09,0.0,11,8899,卖盘
13:11:39,8.09,0.0,10,8090,卖盘
13:11:45,8.09,0.0,10,8090,卖盘
13:11:51,8.09,0.0,10,8090,卖盘
13:11:54,8.09,0.0,4,3236,卖盘
13:12:00,8.09,0.0,500,404500,卖盘
13:12:09,8.09,0.0,20,16180,卖盘
13:12:15,8.09,0.0,1,809,卖盘
13:12:21,8.09,0.0,1,809,卖盘
13:12:27,8.09,0.0,4,3236,卖盘
13:12:36,8.09,0.0,5,4045,卖盘
13:12:39,8.09,0.0,501,405309,卖盘
13:12:42,8.09,0.0,15,12135,卖盘
13:12:51,8.09,0.0,10,8090,卖盘
13:12:54,8.09,0.0,89,72001,卖盘
13:13:00,8.09,0.0,1,809,卖盘
13:13:12,8.09,0.0,2,1618,卖盘
13:13:18,8.09,0.0,1,809,卖盘
13:13:21,8.09,0.0,30,24270,卖盘
13:13:24,8.09,0.0,20,16180,卖盘
13:13:27,8.09,0.0,40,32360,卖盘
13:13:30,8.09,0.0,5,4045,卖盘
13:13:36,8.09,0.0,7,5663,卖盘
13:13:42,8.09,0.0,5,4045,卖盘
13:13:45,8.09,0.0,20,16180,卖盘
13:13:48,8.09,0.0,44,35596,卖盘
13:13:51,8.09,0.0,200,161800,卖盘
13:13:57,8.09,0.0,27,21843,卖盘
13:14:09,8.09,0.0,3,2427,卖盘
13:14:12,8.09,0.0,43,34787,卖盘
13:14:21,8.09,0.0,75,60675,卖盘
13:14:24,8.09,0.0,34,27506,卖盘
13:14:39,8.09,0.0,1,809,卖盘
13:14:42,8.09,0.0,10,8090,卖盘
13:14:45,8.09,0.0,110,88990,卖盘
13:14:54,8.09,0.0,76,61484,卖盘
13:15:00,8.09,0.0,11,8899,卖盘
13:15:03,8.09,0.0,5,4045,卖盘
13:15:06,8.09,0.0,10,8090,卖盘
13:15:12,8.09,0.0,33,26697,卖盘
13:15:18,8.09,0.0,318,257262,卖盘
13:15:27,8.09,0.0,30,24270,卖盘
13:15:30,8.09,0.0,13,10517,卖盘
13:15:45,8.09,0.0,7,5663,卖盘
13:15:51,8.09,0.0,1,809,卖盘
13:15:57,8.09,0.0,11,8899,卖盘
13:16:00,8.09,0.0,19,15371,卖盘
13:16:06,8.09,0.0,1,809,卖盘
13:16:09,8.09,0.0,31,25079,卖盘
13:16:21,8.09,0.0,30,24270,卖盘
13:17:03,8.09,0.0,6,4854,卖盘
13:17:18,8.09,0.0,3,2427,卖盘
13:17:36,8.09,0.0,7,5663,卖盘
13:17:42,8.09,0.0,25,20225,卖盘
13:17:48,8.09,0.0,4,3236,卖盘
13:17:51,8.09,0.0,7,5663,卖盘
13:18:00,8.09,0.0,14,11326,卖盘
13:18:06,8.09,0.0,86,69574,卖盘
13:18:30,8.09,0.0,30,24270,卖盘
13:18:39,8.09,0.0,1,809,卖盘
13:18:42,8.09,0.0,6,4854,卖盘
13:18:45,8.09,0.0,51,41259,卖盘
13:18:54,8.09,0.0,100,80900,卖盘
13:18:57,8.09,0.0,6,4854,卖盘
13:19:00,8.09,0.0,2,1618,卖盘
13:19:24,8.09,0.0,23,18607,卖盘
13:19:30,8.09,0.0,12,9708,卖盘
13:19:36,8.09,0.0,15,12135,卖盘
13:19:42,8.09,0.0,15,12135,卖盘
13:19:45,8.09,0.0,10,8090,卖盘
13:19:48,8.09,0.0,50,40450,卖盘
13:19:51,8.09,0.0,4,3236,卖盘
13:19:54,8.09,0.0,4,3236,卖盘
13:19:57,8.09,0.0,5,4045,卖盘
13:20:00,8.09,0.0,4,3236,卖盘
13:20:03,8.09,0.0,17,13753,卖盘
13:20:06,8.09,0.0,5,4045,卖盘
13:20:09,8.09,0.0,18,14562,卖盘
13:20:12,8.09,0.0,23,18607,卖盘
13:20:18,8.09,0.0,4,3236,卖盘
13:20:24,8.09,0.0,4,3236,卖盘
13:20:27,8.09,0.0,3,2427,卖盘
13:20:33,8.09,0.0,30,24270,卖盘
13:20:39,8.09,0.0,1,809,卖盘
13:20:51,8.09,0.0,86,69574,卖盘
13:21:03,8.09,0.0,17,13753,卖盘
13:21:06,8.09,0.0,14,11326,卖盘
13:21:15,8.09,0.0,31,25079,卖盘
13:21:24,8.09,0.0,1,809,卖盘
13:21:33,8.09,0.0,4,3236,卖盘
13:21:39,8.09,0.0,31,25079,卖盘
13:21:42,8.09,0.0,50,40450,卖盘
13:21:54,8.09,0.0,20,16180,卖盘
13:21:57,8.09,0.0,5,4045,卖盘
13:22:00,8.09,0.0,10,8090,卖盘
13:22:03,8.09,0.0,60,48540,卖盘
13:22:12,8.09,0.0,7,5663,卖盘
13:22:15,8.09,0.0,5,4045,卖盘
13:22:18,8.09,0.0,302,244318,卖盘
13:22:24,8.09,0.0,14,11326,卖盘
13:22:36,8.09,0.0,300,242700,卖盘
13:22:42,8.09,0.0,2,1618,卖盘
13:22:45,8.09,0.0,12,9708,卖盘
13:22:48,8.09,0.0,6,4854,卖盘
13:22:51,8.09,0.0,6,4854,卖盘
13:22:54,8.09,0.0,10,8090,卖盘
13:23:15,8.09,0.0,50,40450,卖盘
13:23:21,8.09,0.0,8,6472,卖盘
13:23:24,8.09,0.0,4,3236,卖盘
13:23:27,8.09,0.0,4,3236,卖盘
13:23:30,8.09,0.0,5,4045,卖盘
13:23:36,8.09,0.0,4,3236,卖盘
13:23:54,8.09,0.0,4,3236,卖盘
13:23:57,8.09,0.0,6,4854,卖盘
13:24:00,8.09,0.0,47,38023,卖盘
13:24:06,8.09,0.0,4,3236,卖盘
13:24:09,8.09,0.0,200,161800,卖盘
13:24:12,8.09,0.0,20,16180,卖盘
13:24:18,8.09,0.0,25,20225,卖盘
13:24:21,8.09,0.0,4,3236,卖盘
13:24:24,8.09,0.0,26,21034,卖盘
13:24:33,8.09,0.0,20,16180,卖盘
13:24:42,8.09,0.0,26,21034,卖盘
13:24:51,8.09,0.0,2,1618,卖盘
13:24:54,8.09,0.0,12,9708,卖盘
13:24:57,8.09,0.0,10,8090,卖盘
13:25:06,8.09,0.0,12,9708,卖盘
13:25:09,8.09,0.0,57,46113,卖盘
13:25:12,8.09,0.0,4,3236,卖盘
13:25:15,8.09,0.0,6,4854,卖盘
13:25:18,8.09,0.0,4,3236,卖盘
13:25:21,8.09,0.0,4,3236,卖盘
13:25:24,8.09,0.0,8,6472,卖盘
13:25:27,8.09,0.0,62,50158,卖盘
13:25:33,8.09,0.0,32,25888,卖盘
13:25:36,8.09,0.0,2,1618,卖盘
13:25:39,8.09,0.0,4,3236,卖盘
13:25:42,8.09,0.0,4,3236,卖盘
13:26:00,8.09,0.0,41,33169,卖盘
13:26:06,8.09,0.0,1,809,卖盘
13:26:15,8.09,0.0,10,8090,卖盘
13:26:18,8.09,0.0,5,4045,卖盘
13:26:27,8.09,0.0,7,5663,卖盘
13:26:30,8.09,0.0,2,1618,卖盘
13:26:36,8.09,0.0,4,3236,卖盘
13:26:42,8.09,0.0,100,80900,卖盘
13:26:54,8.09,0.0,5,4045,卖盘
13:27:00,8.09,0.0,20,16180,卖盘
13:27:06,8.09,0.0,43,34787,卖盘
13:27:09,8.09,0.0,12,9708,卖盘
13:27:12,8.09,0.0,24,19416,卖盘
13:27:21,8.09,0.0,10,8090,卖盘
13:27:45,8.09,0.0,1,809,卖盘
13:27:51,8.09,0.0,17,13753,卖盘
13:28:00,8.09,0.0,10,8090,卖盘
13:28:09,8.09,0.0,1,809,卖盘
13:28:36,8.09,0.0,7,5663,卖盘
13:28:39,8.09,0.0,10,8090,卖盘
13:28:48,8.09,0.0,4,3236,卖盘
13:28:51,8.09,0.0,28,22652,卖盘
13:29:06,8.09,0.0,219,177171,卖盘
13:29:09,8.09,0.0,5,4045,卖盘
13:29:12,8.09,0.0,12,9708,卖盘
13:29:18,8.09,0.0,2,1618,卖盘
13:29:27,8.09,0.0,3,2427,卖盘
13:29:45,8.09,0.0,15,12135,卖盘
13:29:48,8.09,0.0,30,24270,卖盘
13:30:00,8.09,0.0,5,4045,卖盘
13:30:03,8.09,0.0,5,4045,卖盘
13:30:42,8.09,0.0,10,8090,卖盘
13:30:45,8.09,0.0,10,8090,卖盘
13:30:57,8.09,0.0,3,2427,卖盘
13:31:00,8.09,0.0,10,8090,卖盘
13:31:06,8.09,0.0,1,809,卖盘
13:31:15,8.09,0.0,2,1618,卖盘
13:31:18,8.09,0.0,30,24270,卖盘
13:31:24,8.09,0.0,2,1618,卖盘
13:31:36,8.09,0.0,5,4045,卖盘
13:31:54,8.09,0.0,8,6472,卖盘
13:32:06,8.09,0.0,3,2427,卖盘
13:32:15,8.09,0.0,10,8090,卖盘
13:32:18,8.09,0.0,100,80900,卖盘
13:32:24,8.09,0.0,24,19416,卖盘
13:32:30,8.09,0.0,6,4854,卖盘
13:32:33,8.09,0.0,13,10517,卖盘
13:32:36,8.09,0.0,50,40450,卖盘
13:32:39,8.09,0.0,12,9708,卖盘
13:32:51,8.09,0.0,7,5663,卖盘
13:32:54,8.09,0.0,24,19416,卖盘
13:33:00,8.09,0.0,31,25079,卖盘
13:33:12,8.09,0.0,3,2427,卖盘
13:33:24,8.09,0.0,64,51776,卖盘
13:33:27,8.09,0.0,61,49349,卖盘
13:33:33,8.09,0.0,10,8090,卖盘
13:33:36,8.09,0.0,17,13753,卖盘
13:33:39,8.09,0.0,10,8090,卖盘
13:33:42,8.09,0.0,12,9708,卖盘
13:33:45,8.09,0.0,50,40450,卖盘
13:33:51,8.09,0.0,105,84945,卖盘
13:33:54,8.09,0.0,2,1618,卖盘
13:34:03,8.09,0.0,3,2427,卖盘
13:34:06,8.09,0.0,6,4854,卖盘
13:34:12,8.09,0.0,5,4045,卖盘
13:34:15,8.09,0.0,36,29124,卖盘
13:34:18,8.09,0.0,23,18607,卖盘
13:34:36,8.09,0.0,18,14562,卖盘
13:34:48,8.09,0.0,5,4045,卖盘
13:34:51,8.09,0.0,1,809,卖盘
13:35:00,8.09,0.0,5,4045,卖盘
13:35:03,8.09,0.0,7,5663,卖盘
13:35:06,8.09,0.0,6,4854,卖盘
13:35:09,8.09,0.0,32,25888,卖盘
13:35:12,8.09,0.0,6,4854,卖盘
13:35:18,8.09,0.0,6,4854,卖盘
13:35:30,8.09,0.0,2,1618,卖盘
13:35:42,8.09,0.0,13,10517,卖盘
13:35:51,8.09,0.0,51,41259,卖盘
13:36:09,8.09,0.0,5,4045,卖盘
13:36:18,8.09,0.0,11,8899,卖盘
13:36:27,8.09,0.0,4,3236,卖盘
13:36:36,8.09,0.0,3,2427,卖盘
13:36:39,8.09,0.0,19,15371,卖盘
13:36:54,8.09,0.0,1,809,卖盘
13:37:09,8.09,0.0,4,3236,卖盘
13:37:12,8.09,0.0,7,5663,卖盘
13:37:18,8.09,0.0,6,4854,卖盘
13:37:21,8.09,0.0,16,12944,卖盘
13:37:24,8.09,0.0,1,809,卖盘
13:37:30,8.09,0.0,20,16180,卖盘
13:37:36,8.09,0.0,10,8090,卖盘
13:37:39,8.09,0.0,17,13753,卖盘
13:37:42,8.09,0.0,4,3236,卖盘
13:37:45,8.09,0.0,20,16180,卖盘
13:37:48,8.09,0.0,21,16989,卖盘
13:37:57,8.09,0.0,4,3236,卖盘
13:38:03,8.09,0.0,7,5663,卖盘
13:38:06,8.09,0.0,1,809,卖盘
13:38:24,8.09,0.0,4,3236,卖盘
13:38:27,8.09,0.0,10,8090,卖盘
13:38:30,8.09,0.0,1,809,卖盘
13:38:36,8.09,0.0,10,8090,卖盘
13:38:42,8.09,0.0,2,1618,卖盘
13:38:51,8.09,0.0,2,1618,卖盘
13:39:15,8.09,0.0,248,200632,卖盘
13:39:18,8.09,0.0,33,26697,卖盘
13:39:24,8.09,0.0,69,55821,卖盘
13:39:36,8.09,0.0,1,809,卖盘
13:39:45,8.09,0.0,12,9708,卖盘
13:39:48,8.09,0.0,9,7281,卖盘
13:39:51,8.09,0.0,212,171508,卖盘
13:40:00,8.09,0.0,1,809,卖盘
13:40:09,8.09,0.0,3,2427,卖盘
13:40:48,8.09,0.0,10,8090,卖盘
13:40:54,8.09,0.0,5,4045,卖盘
13:41:03,8.09,0.0,3,2427,卖盘
13:41:09,8.09,0.0,2,1618,卖盘
13:41:27,8.09,0.0,9,7281,卖盘
13:41:39,8.09,0.0,93,75237,卖盘
13:41:51,8.09,0.0,1,809,卖盘
13:41:54,8.09,0.0,12,9708,卖盘
13:42:09,8.09,0.0,1,809,卖盘
13:42:12,8.09,0.0,5,4045,卖盘
13:42:21,8.09,0.0,5,4045,卖盘
13:42:24,8.09,0.0,2,1618,卖盘
13:42:30,8.09,0.0,10,8090,卖盘
13:42:33,8.09,0.0,10,8090,卖盘
13:42:36,8.09,0.0,2,1618,卖盘
13:42:48,8.09,0.0,4,3236,卖盘
13:43:09,8.09,0.0,100,80900,卖盘
13:43:24,8.09,0.0,27,21843,卖盘
13:43:27,8.09,0.0,1,809,卖盘
13:43:36,8.09,0.0,7,5663,卖盘
13:43:48,8.09,0.0,19,15371,卖盘
13:43:51,8.09,0.0,23,18607,卖盘
13:43:57,8.09,0.0,20,16180,卖盘
13:44:06,8.09,0.0,144,116496,卖盘
13:44:09,8.09,0.0,43,34787,卖盘
13:44:27,8.09,0.0,47,38023,卖盘
13:44:30,8.09,0.0,10,8090,卖盘
13:44:39,8.09,0.0,1,809,卖盘
13:44:48,8.09,0.0,7,5663,卖盘
13:44:51,8.09,0.0,3,2427,卖盘
13:44:57,8.09,0.0,2,1618,卖盘
13:45:09,8.09,0.0,42,33978,卖盘
13:45:12,8.09,0.0,400,323600,卖盘
13:45:18,8.09,0.0,2,1618,卖盘
13:45:21,8.09,0.0,5,4045,卖盘
13:45:36,8.09,0.0,37,29933,卖盘
13:45:42,8.09,0.0,7,5663,卖盘
13:45:48,8.09,0.0,10,8090,卖盘
13:45:51,8.09,0.0,101,81709,卖盘
13:46:00,8.09,0.0,2,1618,卖盘
13:46:42,8.09,0.0,10,8090,卖盘
13:46:54,8.09,0.0,38,30742,卖盘
13:47:00,8.09,0.0,42,33978,卖盘
13:47:09,8.09,0.0,5,4045,卖盘
13:47:12,8.09,0.0,1,809,卖盘
13:47:27,8.09,0.0,2,1618,卖盘
13:47:36,8.09,0.0,20,16180,卖盘
13:47:51,8.09,0.0,7,5663,卖盘
13:47:54,8.09,0.0,5,4045,卖盘
13:47:57,8.09,0.0,1,809,卖盘
13:48:06,8.09,0.0,1,809,卖盘
13:48:12,8.09,0.0,27,21843,卖盘
13:48:21,8.09,0.0,20,16180,卖盘
13:48:24,8.09,0.0,1,809,卖盘
13:49:09,8.09,0.0,2,1618,卖盘
13:49:30,8.09,0.0,1,809,卖盘
13:49:33,8.09,0.0,3,2427,卖盘
13:49:39,8.09,0.0,64,51776,卖盘
13:49:42,8.09,0.0,6,4854,卖盘
13:49:45,8.09,0.0,1,809,卖盘
13:49:54,8.09,0.0,4,3236,卖盘
13:50:03,8.09,0.0,16,12944,卖盘
13:50:15,8.09,0.0,5,4045,卖盘
13:50:48,8.09,0.0,298,241082,卖盘
13:50:51,8.09,0.0,2,1618,卖盘
13:50:57,8.09,0.0,5,4045,卖盘
13:51:06,8.09,0.0,3,2427,卖盘
13:51:12,8.09,0.0,2,1618,卖盘
13:51:18,8.09,0.0,28,22652,卖盘
13:51:24,8.09,0.0,30,24270,卖盘
13:51:27,8.09,0.0,1,809,卖盘
13:51:30,8.09,0.0,5,4045,卖盘
13:51:33,8.09,0.0,30,24270,卖盘
13:51:39,8.09,0.0,1,809,卖盘
13:51:51,8.09,0.0,5,4045,卖盘
13:52:03,8.09,0.0,15,12135,卖盘
13:52:12,8.09,0.0,7,5663,卖盘
13:52:21,8.09,0.0,5,4045,卖盘
13:52:24,8.09,0.0,5,4045,卖盘
13:52:30,8.09,0.0,4,3236,卖盘
13:52:33,8.09,0.0,2,1618,卖盘
13:52:36,8.09,0.0,7,5663,卖盘
13:52:42,8.09,0.0,1,809,卖盘
13:53:15,8.09,0.0,8,6472,卖盘
13:53:39,8.09,0.0,2,1618,卖盘
13:53:57,8.09,0.0,18,14562,卖盘
13:54:09,8.09,0.0,4,3236,卖盘
13:54:12,8.09,0.0,407,329263,卖盘
13:54:15,8.09,0.0,1,809,卖盘
13:54:18,8.09,0.0,7,5663,卖盘
13:54:24,8.09,0.0,15,12135,卖盘
13:54:27,8.09,0.0,24,19416,卖盘
13:54:36,8.09,0.0,124,100316,卖盘
13:54:45,8.09,0.0,2,1618,卖盘
13:54:54,8.09,0.0,100,80900,卖盘
13:55:06,8.09,0.0,33,26697,卖盘
13:55:15,8.09,0.0,11,8899,卖盘
13:55:21,8.09,0.0,3,2427,卖盘
13:55:48,8.09,0.0,20,16180,卖盘
13:55:51,8.09,0.0,2,1618,卖盘
13:56:00,8.09,0.0,10,8090,卖盘
13:56:03,8.09,0.0,4,3236,卖盘
13:56:09,8.09,0.0,20,16180,卖盘
13:56:24,8.09,0.0,70,56630,卖盘
13:56:27,8.09,0.0,7,5663,卖盘
13:56:30,8.09,0.0,105,84945,卖盘
13:56:36,8.09,0.0,10,8090,卖盘
13:56:42,8.09,0.0,2,1618,卖盘
13:56:54,8.09,0.0,10,8090,卖盘
13:56:57,8.09,0.0,1,809,卖盘
13:57:03,8.09,0.0,1,809,卖盘
13:57:06,8.09,0.0,20,16180,卖盘
13:57:09,8.09,0.0,12,9708,卖盘
13:57:30,8.09,0.0,10,8090,卖盘
13:57:42,8.09,0.0,1,809,卖盘
13:57:57,8.09,0.0,20,16180,卖盘
13:58:00,8.09,0.0,2,1618,卖盘
13:58:03,8.09,0.0,3,2427,卖盘
13:58:06,8.09,0.0,36,29124,卖盘
13:58:12,8.09,0.0,110,88990,卖盘
13:58:18,8.09,0.0,1,809,卖盘
13:58:21,8.09,0.0,3,2427,卖盘
13:58:33,8.09,0.0,1,809,卖盘
13:58:36,8.09,0.0,21,16989,卖盘
13:58:39,8.09,0.0,39,31551,卖盘
13:59:00,8.09,0.0,1,809,卖盘
13:59:03,8.09,0.0,52,42068,卖盘
13:59:09,8.09,0.0,10,8090,卖盘
13:59:18,8.09,0.0,80,64720,卖盘
13:59:36,8.09,0.0,5,4045,卖盘
13:59:39,8.09,0.0,5,4045,卖盘
13:59:45,8.09,0.0,9,7281,卖盘
13:59:48,8.09,0.0,563,455467,卖盘
13:59:51,8.09,0.0,101,81709,卖盘
13:59:54,8.09,0.0,3,2427,卖盘
14:00:06,8.09,0.0,1,809,卖盘
14:00:12,8.09,0.0,4,3236,卖盘
14:00:15,8.09,0.0,2,1618,卖盘
14:00:42,8.09,0.0,7,5663,卖盘
14:00:45,8.09,0.0,200,161800,卖盘
14:00:54,8.09,0.0,2,1618,卖盘
14:02:00,8.09,0.0,1,809,卖盘
14:02:24,8.09,0.0,2,1618,卖盘
14:02:27,8.09,0.0,1,809,卖盘
14:02:48,8.09,0.0,1,809,卖盘
14:02:51,8.09,0.0,1,809,卖盘
14:02:54,8.09,0.0,9,7281,卖盘
14:02:57,8.09,0.0,5,4045,卖盘
14:03:03,8.09,0.0,10,8090,卖盘
14:03:15,8.09,0.0,2,1618,卖盘
14:03:21,8.09,0.0,7,5663,卖盘
14:03:24,8.09,0.0,13,10517,卖盘
14:03:42,8.09,0.0,7,5663,卖盘
14:03:45,8.09,0.0,54,43686,卖盘
14:04:30,8.09,0.0,12,9708,卖盘
14:04:36,8.09,0.0,7,5663,卖盘
14:05:00,8.09,0.0,14,11326,卖盘
14:05:03,8.09,0.0,15,12135,卖盘
14:05:09,8.09,0.0,150,121350,卖盘
14:05:12,8.09,0.0,11,8899,卖盘
14:05:33,8.09,0.0,29,23461,卖盘
14:05:42,8.09,0.0,5,4045,卖盘
14:05:51,8.09,0.0,2,1618,卖盘
14:05:54,8.09,0.0,40,32360,卖盘
14:06:30,8.09,0.0,3,2427,卖盘
14:06:45,8.09,0.0,85,68765,卖盘
14:06:54,8.09,0.0,36,29124,卖盘
14:07:12,8.09,0.0,17,13753,卖盘
14:07:15,8.09,0.0,4,3236,卖盘
14:07:24,8.09,0.0,6,4854,卖盘
14:07:36,8.09,0.0,10,8090,卖盘
14:07:45,8.09,0.0,55,44495,卖盘
14:07:51,8.09,0.0,1,809,卖盘
14:08:12,8.09,0.0,12,9708,卖盘
14:08:21,8.09,0.0,3,2427,卖盘
14:08:42,8.09,0.0,59,47731,卖盘
14:08:45,8.09,0.0,8,6472,卖盘
14:08:54,8.09,0.0,13,10517,卖盘
14:09:03,8.09,0.0,1,809,卖盘
14:09:06,8.09,0.0,12,9708,卖盘
14:09:09,8.09,0.0,14,11326,卖盘
14:09:18,8.09,0.0,7,5663,卖盘
14:09:21,8.09,0.0,1,809,卖盘
14:09:30,8.09,0.0,5,4045,卖盘
14:09:39,8.09,0.0,10,8090,卖盘
14:09:57,8.09,0.0,147,118923,卖盘
14:10:15,8.09,0.0,5,4045,卖盘
14:10:36,8.09,0.0,5,4045,卖盘
14:10:39,8.09,0.0,12,9708,卖盘
14:11:00,8.09,0.0,20,16180,卖盘
14:11:06,8.09,0.0,15,12135,卖盘
14:11:12,8.09,0.0,8,6472,卖盘
14:11:27,8.09,0.0,8,6472,卖盘
14:11:30,8.09,0.0,7,5663,卖盘
14:11:33,8.09,0.0,5,4045,卖盘
14:11:36,8.09,0.0,15,12135,卖盘
14:11:39,8.09,0.0,1,809,卖盘
14:12:27,8.09,0.0,15,12135,卖盘
14:12:33,8.09,0.0,5,4045,卖盘
14:12:54,8.09,0.0,50,40450,卖盘
14:13:30,8.09,0.0,8,6472,卖盘
14:13:36,8.09,0.0,7,5663,卖盘
14:13:45,8.09,0.0,20,16180,卖盘
14:14:24,8.09,0.0,307,248363,卖盘
14:14:27,8.09,0.0,6,4854,卖盘
14:14:51,8.09,0.0,9,7281,卖盘
14:15:03,8.09,0.0,5,4045,卖盘
14:15:12,8.09,0.0,1,809,卖盘
14:15:24,8.09,0.0,10,8090,卖盘
14:15:39,8.09,0.0,50,40450,卖盘
14:15:45,8.09,0.0,13,10517,卖盘
14:15:57,8.09,0.0,6,4854,卖盘
14:16:27,8.09,0.0,24,19416,卖盘
14:16:48,8.09,0.0,20,16180,卖盘
14:16:51,8.09,0.0,120,97080,卖盘
14:16:57,8.09,0.0,5,4045,卖盘
14:17:00,8.09,0.0,33,26697,卖盘
14:17:18,8.09,0.0,12,9708,卖盘
14:17:21,8.09,0.0,23,18607,卖盘
14:17:24,8.09,0.0,11,8899,卖盘
14:17:27,8.09,0.0,40,32360,卖盘
14:17:33,8.09,0.0,1,809,卖盘
14:17:39,8.09,0.0,10,8090,卖盘
14:17:45,8.09,0.0,5,4045,卖盘
14:17:48,8.09,0.0,9,7281,卖盘
14:17:51,8.09,0.0,361,292049,卖盘
14:17:54,8.09,0.0,7,5663,卖盘
14:17:57,8.09,0.0,100,80900,卖盘
14:18:06,8.09,0.0,1,809,卖盘
14:18:24,8.09,0.0,6,4854,卖盘
14:18:27,8.09,0.0,1,809,卖盘
14:18:33,8.09,0.0,6,4854,卖盘
14:18:36,8.09,0.0,10,8090,卖盘
14:18:45,8.09,0.0,3,2427,卖盘
14:18:51,8.09,0.0,5,4045,卖盘
14:19:12,8.09,0.0,2,1618,卖盘
14:19:15,8.09,0.0,1,809,卖盘
14:19:21,8.09,0.0,1,809,卖盘
14:19:24,8.09,0.0,2,1618,卖盘
14:19:30,8.09,0.0,16,12944,卖盘
14:19:42,8.09,0.0,3,2427,卖盘
14:19:48,8.09,0.0,2,1618,卖盘
14:20:03,8.09,0.0,7,5663,卖盘
14:20:06,8.09,0.0,5,4045,卖盘
14:20:09,8.09,0.0,32,25888,卖盘
14:20:27,8.09,0.0,5,4045,卖盘
14:20:39,8.09,0.0,72,58248,卖盘
14:21:18,8.09,0.0,20,16180,卖盘
14:21:24,8.09,0.0,205,165845,卖盘
14:21:36,8.09,0.0,10,8090,卖盘
14:21:51,8.09,0.0,8,6472,卖盘
14:21:54,8.09,0.0,7,5663,卖盘
14:22:03,8.09,0.0,20,16180,卖盘
14:22:09,8.09,0.0,7,5663,卖盘
14:22:12,8.09,0.0,11,8899,卖盘
14:22:15,8.09,0.0,105,84945,卖盘
14:22:30,8.09,0.0,2,1618,卖盘
14:22:36,8.09,0.0,4,3236,卖盘
14:22:42,8.09,0.0,6,4854,卖盘
14:22:45,8.09,0.0,2,1618,卖盘
14:22:51,8.09,0.0,8,6472,卖盘
14:22:54,8.09,0.0,4,3236,卖盘
14:23:00,8.09,0.0,9,7281,卖盘
14:23:03,8.09,0.0,4,3236,卖盘
14:23:09,8.09,0.0,4,3236,卖盘
14:23:21,8.09,0.0,1,809,卖盘
14:23:24,8.09,0.0,4,3236,卖盘
14:23:48,8.09,0.0,18,14562,卖盘
14:23:51,8.09,0.0,6,4854,卖盘
14:24:03,8.09,0.0,10,8090,卖盘
14:24:15,8.09,0.0,6,4854,卖盘
14:24:18,8.09,0.0,7,5663,卖盘
14:24:21,8.09,0.0,6,4854,卖盘
14:24:33,8.09,0.0,3,2427,卖盘
14:24:54,8.09,0.0,1,809,卖盘
14:24:57,8.09,0.0,2,1618,卖盘
14:25:06,8.09,0.0,2,1618,卖盘
14:25:09,8.09,0.0,14,11326,卖盘
14:25:12,8.09,0.0,5,4045,卖盘
14:25:15,8.09,0.0,5,4045,卖盘
14:25:18,8.09,0.0,2,1618,卖盘
14:25:21,8.09,0.0,4,3236,卖盘
14:25:27,8.09,0.0,2,1618,卖盘
14:26:15,8.09,0.0,5,4045,卖盘
14:26:24,8.09,0.0,1,809,卖盘
14:26:27,8.09,0.0,7,5663,卖盘
14:26:42,8.09,0.0,1,809,卖盘
14:27:06,8.09,0.0,35,28315,卖盘
14:27:33,8.09,0.0,2,1618,卖盘
14:27:51,8.09,0.0,4,3236,卖盘
14:27:57,8.09,0.0,2,1618,卖盘
14:28:00,8.09,0.0,1,809,卖盘
14:28:03,8.09,0.0,50,40450,卖盘
14:28:09,8.09,0.0,13,10517,卖盘
14:28:36,8.09,0.0,17,13753,卖盘
14:28:39,8.09,0.0,1,809,卖盘
14:28:42,8.09,0.0,46,37214,卖盘
14:29:00,8.09,0.0,20,16180,卖盘
14:29:12,8.09,0.0,1,809,卖盘
14:29:21,8.09,0.0,100,80900,卖盘
14:29:24,8.09,0.0,10,8090,卖盘
14:29:30,8.09,0.0,21,16989,卖盘
14:29:48,8.09,0.0,12,9708,卖盘
14:30:15,8.09,0.0,1,809,卖盘
14:30:21,8.09,0.0,9,7281,卖盘
14:30:33,8.09,0.0,9,7281,卖盘
14:30:36,8.09,0.0,4,3236,卖盘
14:30:42,8.09,0.0,2,1618,卖盘
14:30:45,8.09,0.0,7,5663,卖盘
14:30:51,8.09,0.0,80,64720,卖盘
14:30:57,8.09,0.0,1,809,卖盘
14:31:00,8.09,0.0,1,809,卖盘
14:31:12,8.09,0.0,10,8090,卖盘
14:31:36,8.09,0.0,10,8090,卖盘
14:31:51,8.09,0.0,183,148047,卖盘
14:31:54,8.09,0.0,30,24270,卖盘
14:32:00,8.09,0.0,44,35596,卖盘
14:32:03,8.09,0.0,85,68765,卖盘
14:32:15,8.09,0.0,53,42877,卖盘
14:32:18,8.09,0.0,10,8090,卖盘
14:32:21,8.09,0.0,3,2427,卖盘
14:32:24,8.09,0.0,1,809,卖盘
14:32:27,8.09,0.0,1,809,卖盘
14:32:42,8.09,0.0,22,17798,卖盘
14:32:45,8.09,0.0,5,4045,卖盘
14:32:54,8.09,0.0,7,5663,卖盘
14:33:03,8.09,0.0,16,12944,卖盘
14:33:09,8.09,0.0,18,14562,卖盘
14:33:12,8.09,0.0,5,4045,卖盘
14:33:21,8.09,0.0,125,101125,卖盘
14:33:33,8.09,0.0,15,12135,卖盘
14:33:45,8.09,0.0,4,3236,卖盘
14:33:51,8.09,0.0,29,23461,卖盘
14:34:00,8.09,0.0,2,1618,卖盘
14:34:03,8.09,0.0,59,47731,卖盘
14:34:09,8.09,0.0,5,4045,卖盘
14:34:12,8.09,0.0,40,32360,卖盘
14:34:18,8.09,0.0,24,19416,卖盘
14:34:30,8.09,0.0,15,12135,卖盘
14:34:36,8.09,0.0,5,4045,卖盘
14:34:39,8.09,0.0,20,16180,卖盘
14:35:00,8.09,0.0,1,809,卖盘
14:35:03,8.09,0.0,8,6472,卖盘
14:35:06,8.09,0.0,5,4045,卖盘
14:35:33,8.09,0.0,19,15371,卖盘
14:35:45,8.09,0.0,1,809,卖盘
14:35:51,8.09,0.0,6,4854,卖盘
14:35:57,8.09,0.0,1,809,卖盘
14:36:09,8.09,0.0,14,11326,卖盘
14:36:18,8.09,0.0,11,8899,卖盘
14:36:36,8.09,0.0,14,11326,卖盘
14:36:54,8.09,0.0,306,247554,卖盘
14:36:57,8.09,0.0,3,2427,卖盘
14:37:09,8.09,0.0,17,13753,卖盘
14:37:36,8.09,0.0,30,24270,卖盘
14:37:45,8.09,0.0,32,25888,卖盘
14:37:54,8.09,0.0,3,2427,卖盘
14:38:03,8.09,0.0,1,809,卖盘
14:38:15,8.09,0.0,1,809,卖盘
14:38:24,8.09,0.0,22,17798,卖盘
14:38:27,8.09,0.0,1,809,卖盘
14:38:42,8.09,0.0,1,809,卖盘
14:38:51,8.09,0.0,13,10517,卖盘
14:38:57,8.09,0.0,5,4045,卖盘
14:39:09,8.09,0.0,1,809,卖盘
14:39:18,8.09,0.0,7,5663,卖盘
14:39:24,8.09,0.0,15,12135,卖盘
14:39:48,8.09,0.0,28,22652,卖盘
14:40:03,8.09,0.0,5,4045,卖盘
14:40:09,8.09,0.0,10,8090,卖盘
14:40:15,8.09,0.0,20,16180,卖盘
14:40:24,8.09,0.0,16,12944,卖盘
14:40:33,8.09,0.0,23,18607,卖盘
14:40:42,8.09,0.0,210,169890,卖盘
14:41:06,8.09,0.0,10,8090,卖盘
14:41:15,8.09,0.0,12,9708,卖盘
14:41:21,8.09,0.0,1,809,卖盘
14:41:27,8.09,0.0,7,5663,卖盘
14:41:30,8.09,0.0,5,4045,卖盘
14:41:42,8.09,0.0,50,40450,卖盘
14:41:51,8.09,0.0,16,12944,卖盘
14:42:12,8.09,0.0,90,72810,卖盘
14:42:36,8.09,0.0,14,11326,卖盘
14:42:42,8.09,0.0,37,29933,卖盘
14:42:51,8.09,0.0,4,3236,卖盘
14:42:54,8.09,0.0,12,9708,卖盘
14:42:57,8.09,0.0,255,206295,卖盘
14:43:03,8.09,0.0,60,48540,卖盘
14:43:15,8.09,0.0,60,48540,卖盘
14:43:21,8.09,0.0,16,12944,卖盘
14:43:30,8.09,0.0,2,1618,卖盘
14:43:36,8.09,0.0,7,5663,卖盘
14:43:39,8.09,0.0,2,1618,卖盘
14:43:48,8.09,0.0,1,809,卖盘
14:44:06,8.09,0.0,168,135912,卖盘
14:44:15,8.09,0.0,83,67147,卖盘
14:44:21,8.09,0.0,119,96271,卖盘
14:44:24,8.09,0.0,1,809,卖盘
14:44:33,8.09,0.0,31,25079,卖盘
14:44:36,8.09,0.0,103,83327,卖盘
14:44:42,8.09,0.0,22,17798,卖盘
14:44:45,8.09,0.0,15,12135,卖盘
14:44:48,8.09,0.0,67,54203,卖盘
14:45:00,8.09,0.0,67,54203,卖盘
14:45:09,8.09,0.0,68,55012,卖盘
14:45:12,8.09,0.0,50,40450,卖盘
14:45:15,8.09,0.0,5,4045,卖盘
14:45:27,8.09,0.0,68,55012,卖盘
14:45:30,8.09,0.0,2,1618,卖盘
14:45:33,8.09,0.0,1,809,卖盘
14:45:39,8.09,0.0,8,6472,卖盘
14:45:45,8.09,0.0,57,46113,卖盘
14:45:51,8.09,0.0,20,16180,卖盘
14:46:06,8.09,0.0,3,2427,卖盘
14:46:09,8.09,0.0,2,1618,卖盘
14:46:12,8.09,0.0,15,12135,卖盘
14:46:27,8.09,0.0,10,8090,卖盘
14:46:39,8.09,0.0,4,3236,卖盘
14:46:42,8.09,0.0,7,5663,卖盘
14:46:45,8.09,0.0,6,4854,卖盘
14:47:18,8.09,0.0,2,1618,卖盘
14:47:27,8.09,0.0,2,1618,卖盘
14:47:36,8.09,0.0,1,809,卖盘
14:47:42,8.09,0.0,221,178789,卖盘
14:47:51,8.09,0.0,1,809,卖盘
14:47:54,8.09,0.0,7,5663,卖盘
14:48:03,8.09,0.0,148,119732,卖盘
14:48:12,8.09,0.0,8,6472,卖盘
14:48:15,8.09,0.0,151,122159,卖盘
14:48:21,8.09,0.0,2,1618,卖盘
14:48:24,8.09,0.0,26,21034,卖盘
14:48:27,8.09,0.0,7,5663,卖盘
14:48:30,8.09,0.0,2,1618,卖盘
14:48:33,8.09,0.0,2,1618,卖盘
14:48:39,8.09,0.0,183,148047,卖盘
14:48:57,8.09,0.0,37,29933,卖盘
14:49:03,8.09,0.0,166,134294,卖盘
14:49:06,8.09,0.0,1,809,卖盘
14:49:24,8.09,0.0,70,56630,卖盘
14:49:27,8.09,0.0,4,3236,卖盘
14:49:30,8.09,0.0,2,1618,卖盘
14:49:33,8.09,0.0,100,80900,卖盘
14:49:36,8.09,0.0,50,40450,卖盘
14:49:45,8.09,0.0,20,16180,卖盘
14:50:03,8.09,0.0,93,75237,卖盘
14:50:06,8.09,0.0,13,10517,卖盘
14:50:09,8.09,0.0,5,4045,卖盘
14:50:27,8.09,0.0,4,3236,卖盘
14:50:30,8.09,0.0,51,41259,卖盘
14:50:33,8.09,0.0,5,4045,卖盘
14:50:45,8.09,0.0,2,1618,卖盘
14:50:48,8.09,0.0,30,24270,卖盘
14:50:51,8.09,0.0,79,63911,卖盘
14:50:57,8.09,0.0,1,809,卖盘
14:51:00,8.09,0.0,25,20225,卖盘
14:51:09,8.09,0.0,9,7281,卖盘
14:51:18,8.09,0.0,22,17798,卖盘
14:51:24,8.09,0.0,40,32360,卖盘
14:51:33,8.09,0.0,5,4045,卖盘
14:51:36,8.09,0.0,1,809,卖盘
14:51:39,8.09,0.0,10,8090,卖盘
14:51:42,8.09,0.0,8,6472,卖盘
14:51:45,8.09,0.0,70,56630,卖盘
14:51:51,8.09,0.0,40,32360,卖盘
14:51:54,8.09,0.0,5,4045,卖盘
14:52:00,8.09,0.0,15,12135,卖盘
14:52:15,8.09,0.0,125,101125,卖盘
14:52:18,8.09,0.0,2,1618,卖盘
14:52:21,8.09,0.0,20,16180,卖盘
14:52:24,8.09,0.0,8,6472,卖盘
14:52:27,8.09,0.0,1,809,卖盘
14:52:30,8.09,0.0,40,32360,卖盘
14:52:33,8.09,0.0,21,16989,卖盘
14:52:54,8.09,0.0,2,1618,卖盘
14:52:57,8.09,0.0,22,17798,卖盘
14:53:00,8.09,0.0,16,12944,卖盘
14:53:03,8.09,0.0,1,809,卖盘
14:53:06,8.09,0.0,1,809,卖盘
14:53:12,8.09,0.0,8,6472,卖盘
14:53:18,8.09,0.0,2,1618,卖盘
14:53:27,8.09,0.0,2,1618,卖盘
14:53:30,8.09,0.0,70,56630,卖盘
14:53:33,8.09,0.0,29,23461,卖盘
14:53:36,8.09,0.0,23,18607,卖盘
14:53:42,8.09,0.0,5,4045,卖盘
14:53:45,8.09,0.0,18,14562,卖盘
14:53:48,8.09,0.0,62,50522,卖盘
14:53:51,8.09,0.0,10,8090,卖盘
14:53:54,8.09,0.0,8,6472,卖盘
14:53:57,8.09,0.0,19,15371,卖盘
14:54:09,8.09,0.0,8,6472,卖盘
14:54:15,8.09,0.0,5,4045,卖盘
14:54:24,8.09,0.0,2,1618,卖盘
14:54:33,8.09,0.0,1,809,卖盘
14:54:36,8.09,0.0,15,12135,卖盘
14:54:39,8.09,0.0,5,4045,卖盘
14:54:42,8.09,0.0,21,16989,卖盘
14:54:45,8.09,0.0,6,4854,卖盘
14:54:51,8.09,0.0,1,809,卖盘
14:55:00,8.09,0.0,1,809,卖盘
14:55:03,8.09,0.0,12,9708,卖盘
14:55:06,8.09,0.0,11,8899,卖盘
14:55:12,8.09,0.0,2,1618,卖盘
14:55:21,8.09,0.0,100,80900,卖盘
14:55:24,8.09,0.0,1,809,卖盘
14:55:27,8.09,0.0,4,3236,卖盘
14:55:30,8.09,0.0,60,48540,卖盘
14:55:33,8.09,0.0,5,4045,卖盘
14:55:36,8.09,0.0,30,24270,卖盘
14:55:39,8.09,0.0,104,84136,卖盘
14:55:45,8.09,0.0,14,11326,卖盘
14:55:48,8.09,0.0,1,809,卖盘
14:55:51,8.09,0.0,45,36405,卖盘
14:55:57,8.09,0.0,124,100316,卖盘
14:56:03,8.09,0.0,113,91417,卖盘
14:56:06,8.09,0.0,202,163418,卖盘
14:56:09,8.09,0.0,18,14562,卖盘
14:56:12,8.09,0.0,100,80900,卖盘
14:56:15,8.09,0.0,301,243509,卖盘
14:56:27,8.09,0.0,205,165845,卖盘
14:56:30,8.09,0.0,62,50158,卖盘
14:56:33,8.09,0.0,1297,1049273,卖盘
14:56:36,8.09,0.0,11,8899,卖盘
14:56:39,8.09,0.0,12,9708,卖盘
14:56:45,8.09,0.0,10,8090,卖盘
14:56:51,8.09,0.0,84,67956,卖盘
14:56:54,8.09,0.0,71,57439,卖盘
14:57:00,8.09,0.0,28,22652,卖盘
15:00:03,8.09,0.0,1084,877279,卖盘
