成交时间,成交价格,价格变动,成交量,成交金额,性质
09:25:02,45.48,0.0,51,231948,卖盘
09:30:02,45.67,0.19,8,36482,买盘
09:30:05,45.8,0.13,34,154484,中性盘
09:30:08,45.55,-0.25,1,4555,中性盘
09:30:11,45.5,-0.05,20,91069,卖盘
09:30:14,45.76,0.26,17,77380,买盘
09:30:17,45.79,0.03,36,163787,买盘
09:30:20,45.62,-0.17,8,36417,中性盘
09:30:23,45.62,0.0,17,77500,买盘
09:30:26,45.57,-0.05,2,9119,中性盘
09:30:29,45.62,0.05,7,31931,买盘
09:30:32,45.62,0.0,16,72991,买盘
09:30:35,45.62,0.0,4,18235,买盘
09:30:38,45.62,0.0,10,45563,买盘
09:30:44,45.71,0.09,7,31981,买盘
09:30:47,45.75,0.04,46,210071,买盘
09:30:50,45.75,0.0,25,114410,卖盘
09:30:53,45.78,0.03,12,54940,卖盘
09:30:56,45.82,0.04,8,36647,买盘
09:30:59,45.8,-0.02,44,201611,卖盘
09:31:02,45.98,0.18,15,68844,买盘
09:31:05,46.0,0.02,14,64382,买盘
09:31:08,46.12,0.12,21,96612,中性盘
09:31:11,46.11,-0.01,18,83007,中性盘
09:31:14,46.11,0.0,12,55343,卖盘
09:31:17,46.0,-0.11,4,18400,卖盘
09:31:20,45.98,-0.02,156,715540,卖盘
09:31:23,45.97,-0.01,4,18371,中性盘
09:31:26,45.97,0.0,60,275691,买盘
09:31:29,45.95,-0.02,14,64206,中性盘
09:31:32,45.8,-0.15,19,87036,卖盘
09:31:35,45.81,0.01,23,105407,中性盘
09:31:38,45.81,0.0,16,73270,买盘
09:31:41,45.8,-0.01,15,68696,中性盘
09:31:44,45.81,0.01,14,64126,买盘
09:31:47,45.79,-0.02,17,77841,中性盘
09:31:50,45.79,0.0,30,137406,卖盘
09:31:53,45.8,0.01,12,54959,买盘
09:31:56,45.81,0.01,26,119120,买盘
09:31:59,45.81,0.0,3,13743,卖盘
09:32:02,45.81,0.0,58,265835,卖盘
09:32:05,45.83,0.02,43,196987,买盘
09:32:08,45.98,0.15,24,110324,买盘
09:32:11,45.9,-0.08,1,4590,中性盘
09:32:14,45.91,0.01,1,4591,买盘
09:32:23,45.88,-0.03,16,73421,中性盘
09:32:26,45.96,0.08,1,4596,中性盘
09:32:29,45.96,0.0,4,18369,买盘
09:32:32,45.9,-0.06,8,36772,卖盘
09:32:35,46.0,0.1,35,160997,买盘
09:32:38,46.0,0.0,115,529000,买盘
09:32:41,46.09,0.09,31,142979,中性盘
09:32:47,46.04,-0.05,3,13812,卖盘
09:32:50,46.04,0.0,19,87474,卖盘
09:32:53,46.1,0.06,7,33532,买盘
09:32:56,46.2,0.1,1,4620,买盘
09:32:59,46.13,-0.07,3,14318,卖盘
09:33:02,46.12,-0.01,7,32304,卖盘
09:33:05,46.13,0.01,10,46123,中性盘
09:33:08,46.21,0.08,12,55436,中性盘
09:33:11,46.12,-0.09,11,50775,卖盘
09:33:14,46.17,0.05,2,9232,买盘
09:33:17,46.12,-0.05,29,133262,卖盘
09:33:20,46.09,-0.03,12,55309,卖盘
09:33:23,46.17,0.08,10,46165,买盘
09:33:26,46.17,0.0,5,23065,买盘
09:33:29,46.1,-0.07,30,138339,卖盘
09:33:32,46.17,0.07,60,277007,买盘
09:33:35,46.29,0.12,79,365609,买盘
09:33:38,46.23,-0.06,30,138873,卖盘
09:33:41,46.37,0.14,2,9273,买盘
09:33:44,46.37,0.0,13,60281,买盘
09:33:47,46.3,-0.07,10,46360,卖盘
09:33:50,46.34,0.04,8,37045,中性盘
09:33:53,46.37,0.03,50,231818,买盘
09:33:56,46.34,-0.03,19,88092,中性盘
09:33:59,46.34,0.0,24,111146,买盘
09:34:02,46.24,-0.1,3,13872,卖盘
09:34:05,46.26,0.02,10,46260,买盘
09:34:08,46.21,-0.05,16,73945,卖盘
09:34:11,46.26,0.05,7,32382,中性盘
09:34:14,46.27,0.01,26,120186,中性盘
09:34:17,46.28,0.01,11,50848,买盘
09:34:20,46.35,0.07,27,125091,买盘
09:34:23,46.32,-0.03,5,23160,卖盘
09:34:26,46.3,-0.02,5,23153,卖盘
09:34:29,46.3,0.0,5,23150,买盘
09:34:32,46.3,0.0,13,60202,卖盘
09:34:35,46.29,-0.01,5,23148,卖盘
09:34:38,46.28,-0.01,21,97188,卖盘
09:34:41,46.23,-0.05,45,208281,卖盘
09:34:44,46.29,0.06,6,27768,买盘
09:34:47,46.29,0.0,24,111088,买盘
09:34:50,46.29,0.0,18,83311,卖盘
09:34:53,46.3,0.01,8,37040,买盘
09:34:56,46.3,0.0,4,18519,买盘
09:34:59,46.3,0.0,3,13890,买盘
09:35:02,46.33,0.03,19,87972,买盘
09:35:05,46.21,-0.12,41,189769,卖盘
09:35:11,46.34,0.13,15,69447,买盘
09:35:14,46.37,0.03,18,83450,买盘
09:35:17,46.37,0.0,8,37096,买盘
09:35:20,46.35,-0.02,15,69535,卖盘
09:35:26,46.35,0.0,17,78805,买盘
09:35:29,46.35,0.0,12,55625,卖盘
09:35:32,46.42,0.07,27,125229,买盘
09:35:35,46.48,0.06,2,9287,买盘
09:35:38,46.48,0.0,11,51128,买盘
09:35:41,46.52,0.04,38,176769,买盘
09:35:44,46.5,-0.02,14,65191,卖盘
09:35:47,46.58,0.08,1,4658,中性盘
09:35:50,46.59,0.01,9,41908,买盘
09:35:53,46.59,0.0,5,23289,买盘
09:35:56,46.59,0.0,9,41924,买盘
09:35:59,46.59,0.0,10,46592,买盘
09:36:02,46.52,-0.07,71,330893,卖盘
09:36:08,46.58,0.06,18,83861,买盘
09:36:11,46.59,0.01,3,13987,卖盘
09:36:14,46.55,-0.04,9,41918,卖盘
09:36:17,46.58,0.03,15,69848,买盘
09:36:20,46.58,0.0,60,279493,卖盘
09:36:23,46.53,-0.05,5,23273,中性盘
09:36:26,46.51,-0.02,7,32557,卖盘
09:36:29,46.52,0.01,17,79223,卖盘
09:36:32,46.53,0.01,1,4653,卖盘
09:36:35,46.56,0.03,7,32591,买盘
09:36:38,46.56,0.0,11,51235,卖盘
09:36:41,46.54,-0.02,18,83805,卖盘
09:36:44,46.6,0.06,3,13970,买盘
09:36:47,46.58,-0.02,3,13974,卖盘
09:36:50,46.58,0.0,1,4658,卖盘
09:36:56,46.64,0.06,3,13991,买盘
09:36:59,46.65,0.01,9,41975,买盘
09:37:02,46.65,0.0,4,18652,买盘
09:37:05,46.65,0.0,15,69978,买盘
09:37:08,46.65,0.0,56,261035,中性盘
09:37:11,46.58,-0.07,7,32611,卖盘
09:37:14,46.65,0.07,12,55966,买盘
09:37:17,46.58,-0.07,1,4658,卖盘
09:37:20,46.58,0.0,13,60554,买盘
09:37:26,46.58,0.0,2,9314,买盘
09:37:29,46.56,-0.02,2,9314,卖盘
09:37:35,46.57,0.01,1,4657,卖盘
09:37:38,46.58,0.01,1,4658,买盘
09:37:44,46.57,-0.01,3,13971,卖盘
09:37:47,46.53,-0.04,5,23279,卖盘
09:37:50,46.57,0.04,2,9310,买盘
09:37:53,46.5,-0.07,11,51162,卖盘
09:37:56,46.49,-0.01,1,4649,卖盘
09:37:59,46.56,0.07,18,83797,买盘
09:38:02,46.56,0.0,16,74506,买盘
09:38:05,46.61,0.05,11,51241,买盘
09:38:08,46.59,-0.02,5,23303,卖盘
09:38:14,46.63,0.04,12,55946,买盘
09:38:17,46.65,0.02,1,4665,买盘
09:38:20,46.66,0.01,6,27996,买盘
09:38:23,46.66,0.0,2,9332,中性盘
09:38:26,46.65,-0.01,37,172653,卖盘
09:38:29,46.61,-0.04,30,139913,卖盘
09:38:32,46.56,-0.05,12,55905,卖盘
09:38:35,46.6,0.04,3,13979,买盘
09:38:38,46.6,0.0,27,125820,买盘
09:38:41,46.6,0.0,4,18640,卖盘
09:38:44,46.6,0.0,2,9325,卖盘
09:38:47,46.65,0.05,1,4665,买盘
09:38:50,46.6,-0.05,3,13984,卖盘
09:38:53,46.61,0.01,1,4661,中性盘
09:38:56,46.55,-0.06,72,335356,卖盘
09:38:59,46.51,-0.04,13,60522,卖盘
09:39:02,46.56,0.05,25,116389,买盘
09:39:05,46.53,-0.03,32,149062,中性盘
09:39:11,46.59,0.06,2,9310,买盘
09:39:17,46.39,-0.2,97,450813,卖盘
09:39:20,46.32,-0.07,21,97305,卖盘
09:39:23,46.32,0.0,25,115837,卖盘
09:39:26,46.39,0.07,2,9271,买盘
09:39:29,46.31,-0.08,11,51072,卖盘
09:39:32,46.31,0.0,4,18524,卖盘
09:39:35,46.31,0.0,26,120618,卖盘
09:39:38,46.31,0.0,2,9262,买盘
09:39:41,46.31,0.0,10,46312,买盘
09:39:44,46.3,-0.01,36,166693,卖盘
09:39:47,46.27,-0.03,3,13881,卖盘
09:39:50,46.3,0.03,58,268525,买盘
09:39:53,46.41,0.11,14,64896,买盘
09:40:02,46.49,0.08,1,4649,买盘
09:40:05,46.39,-0.1,35,162447,卖盘
09:40:08,46.32,-0.07,1,4632,卖盘
09:40:11,46.36,0.04,1,4636,中性盘
09:40:14,46.36,0.0,1,4636,买盘
09:40:17,46.32,-0.04,1,4632,卖盘
09:40:26,46.35,0.03,8,37080,买盘
09:40:29,46.36,0.01,11,50959,买盘
09:40:32,46.36,0.0,6,27819,中性盘
09:40:35,46.3,-0.06,43,199274,卖盘
09:40:38,46.27,-0.03,1,4627,卖盘
09:40:41,46.32,0.05,5,23155,买盘
09:40:44,46.36,0.04,62,287270,买盘
09:40:47,46.44,0.08,16,74303,买盘
09:40:50,46.44,0.0,2,9288,买盘
09:40:53,46.36,-0.08,21,97367,卖盘
09:40:59,46.36,0.0,2,9272,卖盘
09:41:02,46.34,-0.02,12,55619,卖盘
09:41:08,46.34,0.0,2,9274,卖盘
09:41:14,46.33,-0.01,18,83409,卖盘
09:41:17,46.32,-0.01,5,23163,中性盘
09:41:23,46.4,0.08,13,60233,买盘
09:41:26,46.38,-0.02,1,4638,买盘
09:41:29,46.38,0.0,13,60294,中性盘
09:41:32,46.38,0.0,15,69580,卖盘
09:41:35,46.33,-0.05,4,18537,卖盘
09:41:38,46.38,0.05,8,37069,买盘
09:41:41,46.38,0.0,2,9276,买盘
09:41:44,46.33,-0.05,2,9266,卖盘
09:41:56,46.27,-0.06,33,152774,卖盘
09:41:59,46.19,-0.08,15,69337,卖盘
09:42:05,46.18,-0.01,6,27708,卖盘
09:42:11,46.1,-0.08,11,50715,卖盘
09:42:14,46.08,-0.02,25,113942,卖盘
09:42:17,46.13,0.05,27,125659,买盘
09:42:20,46.0,-0.13,34,156591,卖盘
09:42:26,46.09,0.09,2,9209,买盘
09:42:29,46.17,0.08,16,73801,买盘
09:42:32,46.2,0.03,1,4620,中性盘
09:42:35,46.25,0.05,14,64718,买盘
09:42:38,46.3,0.05,1,4630,买盘
09:42:41,46.25,-0.05,1,4625,卖盘
09:42:44,46.29,0.04,5,23129,中性盘
09:42:47,46.3,0.01,1,4630,买盘
09:42:50,46.29,-0.01,3,13879,中性盘
09:42:53,46.22,-0.07,1,4622,卖盘
09:42:56,46.3,0.08,2,9259,买盘
09:42:59,46.26,-0.04,1,4626,中性盘
09:43:02,46.21,-0.05,2,9242,卖盘
09:43:05,46.25,0.04,2,9246,中性盘
09:43:08,46.27,0.02,8,37013,买盘
09:43:11,46.21,-0.06,17,78647,卖盘
09:43:14,46.29,0.08,2,9258,买盘
09:43:17,46.26,-0.03,2,9252,卖盘
09:43:20,46.34,0.08,126,583289,买盘
09:43:23,46.39,0.05,30,139145,买盘
09:43:26,46.42,0.03,1,4642,买盘
09:43:35,46.35,-0.07,3,13905,卖盘
09:43:38,46.37,0.02,1,4637,中性盘
09:43:41,46.37,0.0,11,51004,买盘
09:43:44,46.38,0.01,13,60290,中性盘
09:43:47,46.38,0.0,3,13906,买盘
09:43:50,46.39,0.01,1,4639,买盘
09:43:53,46.33,-0.06,22,101952,卖盘
09:43:56,46.31,-0.02,1,4631,卖盘
09:43:59,46.31,0.0,5,23155,卖盘
09:44:02,46.25,-0.06,10,46262,卖盘
09:44:05,46.22,-0.03,3,13866,卖盘
09:44:08,46.21,-0.01,10,46210,卖盘
09:44:11,46.21,0.0,1,4621,卖盘
09:44:14,46.2,-0.01,23,106281,卖盘
09:44:17,46.2,0.0,1,4620,卖盘
09:44:20,46.22,0.02,1,4622,买盘
09:44:26,46.27,0.05,3,13875,买盘
09:44:29,46.31,0.04,3,13884,买盘
09:44:32,46.24,-0.07,4,18499,卖盘
09:44:35,46.27,0.03,6,27764,中性盘
09:44:38,46.2,-0.07,30,138626,卖盘
09:44:41,46.21,0.01,7,32354,中性盘
09:44:44,46.2,-0.01,3,13862,卖盘
09:44:50,46.23,0.03,5,23111,买盘
09:44:53,46.24,0.01,3,13872,买盘
09:44:59,46.24,0.0,2,9248,卖盘
09:45:02,46.21,-0.03,9,41615,卖盘
09:45:08,46.22,0.01,4,18488,卖盘
09:45:11,46.23,0.01,4,18498,卖盘
09:45:14,46.3,0.07,7,32371,中性盘
09:45:17,46.23,-0.07,14,64722,中性盘
09:45:20,46.31,0.08,6,27783,买盘
09:45:26,46.38,0.07,19,88118,买盘
09:45:29,46.42,0.04,1,4642,中性盘
09:45:32,46.44,0.02,2,9287,买盘
09:45:35,46.44,0.0,12,55728,买盘
09:45:38,46.49,0.05,26,120870,买盘
09:45:41,46.49,0.0,6,27879,中性盘
09:45:44,46.5,0.01,11,51149,买盘
09:45:47,46.5,0.0,2,9300,买盘
09:45:50,46.52,0.02,14,65106,买盘
09:45:53,46.51,-0.01,1,4651,卖盘
09:45:56,46.57,0.06,6,27942,买盘
09:45:59,46.57,0.0,10,46570,卖盘
09:46:02,46.57,0.0,6,27943,卖盘
09:46:08,46.59,0.02,114,530401,买盘
09:46:11,46.65,0.06,127,591893,买盘
09:46:14,46.66,0.01,52,242619,买盘
09:46:17,46.66,0.0,17,79302,买盘
09:46:20,46.66,0.0,5,23330,买盘
09:46:23,46.76,0.1,55,256882,买盘
09:46:26,46.72,-0.04,19,88880,卖盘
09:46:29,46.92,0.2,100,468713,买盘
09:46:32,47.09,0.17,181,850855,买盘
09:46:35,47.05,-0.04,13,61273,卖盘
09:46:38,47.05,0.0,30,141443,卖盘
09:46:41,47.11,0.06,1,4711,中性盘
09:46:44,47.2,0.09,206,971900,买盘
09:46:47,47.16,-0.04,65,306798,卖盘
09:46:50,47.02,-0.14,16,75370,卖盘
09:46:53,47.18,0.16,1,4718,中性盘
09:46:56,47.21,0.03,8,37760,买盘
09:46:59,47.25,0.04,51,240589,买盘
09:47:02,47.27,0.02,52,245540,买盘
09:47:05,47.08,-0.19,3,14135,中性盘
09:47:08,47.06,-0.02,6,28236,卖盘
09:47:11,47.07,0.01,51,240351,中性盘
09:47:14,47.19,0.12,8,37752,买盘
09:47:17,47.25,0.06,44,207762,买盘
09:47:20,47.2,-0.05,13,61416,卖盘
09:47:23,47.2,0.0,59,279145,卖盘
09:47:26,47.2,0.0,10,47205,卖盘
09:47:29,47.21,0.01,2,9446,卖盘
09:47:32,47.21,0.0,59,278920,中性盘
09:47:35,47.25,0.04,45,212871,中性盘
09:47:38,47.36,0.11,92,435578,买盘
09:47:41,47.47,0.11,67,318013,买盘
09:47:44,47.5,0.03,5,23744,买盘
09:47:47,47.5,0.0,3,14247,买盘
09:47:50,47.5,0.0,70,332877,买盘
09:47:53,47.5,0.0,12,56997,买盘
09:47:56,47.46,-0.04,35,166139,卖盘
09:47:59,47.45,-0.01,1,4745,中性盘
09:48:02,47.5,0.05,31,147169,买盘
09:48:05,47.49,-0.01,6,28498,中性盘
09:48:11,47.46,-0.03,1,4746,买盘
09:48:14,47.34,-0.12,26,123165,卖盘
09:48:17,47.38,0.04,4,18950,中性盘
09:48:20,47.44,0.06,15,71107,买盘
09:48:23,47.34,-0.1,9,42630,卖盘
09:48:29,47.34,0.0,12,56843,中性盘
09:48:32,47.34,0.0,2,9467,买盘
09:48:35,47.34,0.0,2,9468,买盘
09:48:38,47.36,0.02,1,4736,中性盘
09:48:41,47.34,-0.02,15,71023,卖盘
09:48:44,47.25,-0.09,33,156126,卖盘
09:48:47,47.22,-0.03,2,9444,卖盘
09:48:50,47.28,0.06,14,66166,买盘
09:48:53,47.33,0.05,7,33120,买盘
09:48:56,47.33,0.0,1,4733,中性盘
09:48:59,47.33,0.0,2,9466,卖盘
09:49:05,47.27,-0.06,12,56736,卖盘
09:49:08,47.26,-0.01,1,4726,卖盘
09:49:11,47.33,0.07,26,122943,买盘
09:49:14,47.32,-0.01,10,47324,中性盘
09:49:17,47.34,0.02,20,94668,买盘
09:49:20,47.36,0.02,31,146789,买盘
09:49:23,47.38,0.02,9,42638,买盘
09:49:26,47.38,0.0,44,208485,买盘
09:49:29,47.38,0.0,1,4738,卖盘
09:49:32,47.38,0.0,6,28428,卖盘
09:49:35,47.41,0.03,5,23693,中性盘
09:49:38,47.41,0.0,8,37907,买盘
09:49:44,47.45,0.04,11,52181,买盘
09:49:47,47.46,0.01,6,28474,买盘
09:49:50,47.45,-0.01,1,4745,卖盘
09:49:53,47.45,0.0,10,47450,卖盘
09:49:56,47.46,0.01,34,161332,买盘
09:49:59,47.45,-0.01,28,132913,卖盘
09:50:02,47.49,0.04,1,4749,买盘
09:50:05,47.42,-0.07,1,4742,卖盘
09:50:08,47.42,0.0,4,18968,卖盘
09:50:11,47.42,0.0,1,4742,卖盘
09:50:14,47.42,0.0,15,71107,卖盘
09:50:17,47.42,0.0,60,284904,买盘
09:50:20,47.56,0.14,44,209083,买盘
09:50:23,47.6,0.04,31,147482,买盘
09:50:26,47.56,-0.04,49,233200,卖盘
09:50:29,47.54,-0.02,85,404169,卖盘
09:50:32,47.54,0.0,5,23753,买盘
09:50:35,47.55,0.01,32,152114,买盘
09:50:38,47.4,-0.15,1,4740,中性盘
09:50:41,47.55,0.15,8,38034,买盘
09:50:47,47.5,-0.05,3,14250,买盘
09:50:53,47.5,0.0,3,14250,卖盘
09:50:59,47.52,0.02,8,38006,买盘
09:51:02,47.45,-0.07,9,42709,卖盘
09:51:05,47.44,-0.01,1,4744,卖盘
09:51:08,47.4,-0.04,23,109093,卖盘
09:51:11,47.44,0.04,3,14228,买盘
09:51:14,47.37,-0.07,66,313093,卖盘
09:51:17,47.45,0.08,24,114107,中性盘
09:51:20,47.5,0.05,1,4750,买盘
09:51:23,47.58,0.08,8,38058,买盘
09:51:26,47.5,-0.08,12,57011,卖盘
09:51:29,47.54,0.04,4,19016,卖盘
09:51:35,47.53,-0.01,7,33267,中性盘
09:51:38,47.52,-0.01,7,33264,卖盘
09:51:44,47.5,-0.02,4,19002,卖盘
09:51:47,47.5,0.0,11,52254,卖盘
09:51:50,47.5,0.0,3,14252,卖盘
09:51:53,47.58,0.08,74,351846,买盘
09:51:56,47.6,0.02,19,90440,买盘
09:52:05,47.45,-0.15,37,175816,卖盘
09:52:11,47.43,-0.02,8,37944,卖盘
09:52:14,47.4,-0.03,9,42666,卖盘
09:52:17,47.42,0.02,3,14226,买盘
09:52:20,47.42,0.0,9,42630,买盘
09:52:26,47.42,0.0,8,37922,买盘
09:52:29,47.34,-0.08,42,198873,卖盘
09:52:32,47.34,0.0,1,4734,买盘
09:52:35,47.37,0.03,11,52094,买盘
09:52:38,47.41,0.04,12,56835,买盘
09:52:41,47.26,-0.15,48,226945,卖盘
09:52:44,47.38,0.12,9,42582,买盘
09:52:47,47.42,0.04,10,47408,买盘
09:52:50,47.42,0.0,5,23674,买盘
09:52:53,47.43,0.01,9,42672,买盘
09:53:02,47.3,-0.13,4,18920,卖盘
09:53:05,47.37,0.07,4,18927,中性盘
09:53:08,47.38,0.01,2,9467,买盘
09:53:11,47.38,0.0,13,61504,买盘
09:53:14,47.29,-0.09,43,203618,卖盘
09:53:17,47.45,0.16,13,61665,买盘
09:53:20,47.34,-0.11,22,104317,卖盘
09:53:23,47.34,0.0,10,47340,中性盘
09:53:26,47.46,0.12,5,23723,买盘
09:53:29,47.45,-0.01,19,90047,买盘
09:53:35,47.36,-0.09,7,33168,卖盘
09:53:47,47.32,-0.04,4,18928,卖盘
09:53:50,47.3,-0.02,1,4730,卖盘
09:53:53,47.29,-0.01,28,132436,卖盘
09:53:56,47.25,-0.04,6,28350,卖盘
09:53:59,47.3,0.05,26,122880,买盘
09:54:02,47.25,-0.05,11,51975,卖盘
09:54:05,47.24,-0.01,8,37791,中性盘
09:54:08,47.3,0.06,10,47299,买盘
09:54:11,47.3,0.0,4,18918,买盘
09:54:14,47.25,-0.05,3,14180,卖盘
09:54:17,47.25,0.0,3,14175,买盘
09:54:20,47.25,0.0,30,141772,买盘
09:54:23,47.25,0.0,74,349648,买盘
09:54:26,47.35,0.1,33,156121,买盘
09:54:29,47.36,0.01,7,33141,买盘
09:54:32,47.36,0.0,20,94720,买盘
09:54:35,47.36,0.0,5,23680,买盘
09:54:38,47.4,0.04,27,127980,买盘
09:54:41,47.45,0.05,2,9490,买盘
09:54:47,47.45,0.0,1,4745,买盘
09:54:50,47.45,0.0,2,9490,中性盘
09:54:53,47.45,0.0,3,14235,买盘
09:54:56,47.48,0.03,1,4748,买盘
09:54:59,47.48,0.0,1,4748,买盘
09:55:05,47.44,-0.04,9,42728,卖盘
09:55:11,47.5,0.06,15,71231,买盘
09:55:14,47.49,-0.01,2,9497,中性盘
09:55:17,47.5,0.01,12,56992,买盘
09:55:20,47.5,0.0,2,9500,买盘
09:55:23,47.52,0.02,2,9502,买盘
09:55:26,47.5,-0.02,1,4750,卖盘
09:55:29,47.52,0.02,1,4752,买盘
09:55:32,47.51,-0.01,4,19004,卖盘
09:55:35,47.51,0.0,1,4751,买盘
09:55:38,47.51,0.0,1,4751,中性盘
09:55:41,47.48,-0.03,15,71223,卖盘
09:55:44,47.47,-0.01,5,23738,卖盘
09:55:47,47.49,0.02,35,166109,买盘
09:55:50,47.4,-0.09,6,28440,中性盘
09:55:53,47.39,-0.01,2,9479,卖盘
09:55:59,47.39,0.0,7,33178,卖盘
09:56:05,47.39,0.0,11,52129,卖盘
09:56:08,47.37,-0.02,6,28428,卖盘
09:56:11,47.37,0.0,1,4737,卖盘
09:56:20,47.38,0.01,2,9476,卖盘
09:56:23,47.38,0.0,4,18952,卖盘
09:56:29,47.36,-0.02,7,33158,卖盘
09:56:32,47.37,0.01,1,4737,买盘
09:56:41,47.35,-0.02,2,9470,卖盘
09:56:53,47.28,-0.07,5,23643,卖盘
09:56:56,47.28,0.0,1,4728,卖盘
09:56:59,47.26,-0.02,14,66186,卖盘
09:57:02,47.33,0.07,77,363957,买盘
09:57:05,47.37,0.04,36,170475,买盘
09:57:08,47.36,-0.01,8,37890,卖盘
09:57:11,47.49,0.13,60,284312,买盘
09:57:14,47.37,-0.12,39,185032,卖盘
09:57:17,47.5,0.13,26,123486,买盘
09:57:20,47.5,0.0,1,4750,买盘
09:57:23,47.47,-0.03,24,113934,卖盘
09:57:26,47.49,0.02,25,118728,买盘
09:57:29,47.5,0.01,19,90244,买盘
09:57:35,47.39,-0.11,19,90052,卖盘
09:57:41,47.5,0.11,21,99736,买盘
09:57:44,47.41,-0.09,4,18964,卖盘
09:57:50,47.42,0.01,1,4742,卖盘
09:57:53,47.45,0.03,1,4745,买盘
09:57:56,47.47,0.02,1,4747,买盘
09:57:59,47.46,-0.01,7,33225,卖盘
09:58:05,47.46,0.0,2,9492,卖盘
09:58:08,47.41,-0.05,116,550291,卖盘
09:58:11,47.41,0.0,8,37933,卖盘
09:58:14,47.46,0.05,33,156596,买盘
09:58:17,47.46,0.0,23,109158,买盘
09:58:20,47.46,0.0,8,37968,买盘
09:58:23,47.45,-0.01,62,294237,卖盘
09:58:26,47.45,0.0,1,4745,买盘
09:58:29,47.45,0.0,25,118643,买盘
09:58:32,47.45,0.0,1,4745,买盘
09:58:38,47.45,0.0,1,4745,买盘
09:58:41,47.45,0.0,4,18980,买盘
09:58:44,47.41,-0.04,6,28446,卖盘
09:58:47,47.41,0.0,17,80597,卖盘
09:58:50,47.45,0.04,2,9486,买盘
09:58:53,47.38,-0.07,26,123246,卖盘
09:58:56,47.36,-0.02,28,132622,卖盘
09:58:59,47.28,-0.08,27,127871,卖盘
09:59:02,47.26,-0.02,22,104223,中性盘
09:59:05,47.26,0.0,3,14178,卖盘
09:59:11,47.27,0.01,1,4727,卖盘
09:59:14,47.37,0.1,1,4737,买盘
09:59:17,47.29,-0.08,5,23639,中性盘
09:59:20,47.28,-0.01,3,14184,卖盘
09:59:29,47.28,0.0,15,70920,卖盘
09:59:32,47.28,0.0,7,33096,卖盘
09:59:35,47.28,0.0,1,4728,卖盘
09:59:38,47.29,0.01,11,52018,中性盘
09:59:44,47.29,0.0,7,33103,卖盘
09:59:47,47.26,-0.03,16,75636,卖盘
09:59:50,47.26,0.0,5,23627,买盘
09:59:59,47.21,-0.05,4,18884,卖盘
10:00:02,47.21,0.0,4,18900,卖盘
10:00:08,47.21,0.0,41,193551,卖盘
10:00:11,47.21,0.0,8,37768,买盘
10:00:14,47.21,0.0,14,66094,买盘
10:00:17,47.21,0.0,3,14156,买盘
10:00:20,47.14,-0.07,22,103710,卖盘
10:00:23,47.14,0.0,51,240421,卖盘
10:00:26,47.21,0.07,118,557171,买盘
10:00:29,47.2,-0.01,29,137010,卖盘
10:00:32,47.2,0.0,25,118269,卖盘
10:00:35,47.23,0.03,3,14169,卖盘
10:00:44,47.24,0.01,2,9449,卖盘
10:00:50,47.24,0.0,2,9448,卖盘
10:00:56,47.24,0.0,1,4724,卖盘
10:00:59,47.25,0.01,4,18899,中性盘
10:01:02,47.29,0.04,5,23629,买盘
10:01:05,47.29,0.0,6,28374,买盘
10:01:08,47.31,0.02,13,61484,买盘
10:01:11,47.28,-0.03,12,56764,卖盘
10:01:17,47.37,0.09,21,99468,买盘
10:01:20,47.37,0.0,28,132532,买盘
10:01:23,47.4,0.03,46,218079,买盘
10:01:26,47.46,0.06,18,85414,买盘
10:01:29,47.42,-0.04,6,28456,中性盘
10:01:35,47.42,0.0,5,23710,卖盘
10:01:38,47.45,0.03,15,71133,买盘
10:01:41,47.45,0.0,4,18979,买盘
10:01:44,47.45,0.0,2,9488,买盘
10:01:47,47.46,0.01,18,85424,买盘
10:01:50,47.44,-0.02,3,14232,卖盘
10:01:53,47.45,0.01,9,42699,买盘
10:01:56,47.45,0.0,2,9490,买盘
10:02:02,47.44,-0.01,46,218268,卖盘
10:02:05,47.39,-0.05,81,384192,卖盘
10:02:11,47.31,-0.08,14,66323,中性盘
10:02:14,47.43,0.12,18,85343,买盘
10:02:20,47.33,-0.1,1,4733,中性盘
10:02:23,47.33,0.0,2,9466,卖盘
10:02:32,47.41,0.08,1,4741,买盘
10:02:35,47.4,-0.01,1,4740,买盘
10:02:38,47.4,0.0,1,4740,买盘
10:02:44,47.36,-0.04,1,4736,卖盘
10:02:47,47.36,0.0,11,52102,卖盘
10:02:50,47.35,-0.01,3,14207,卖盘
10:02:53,47.35,0.0,7,33145,卖盘
10:02:56,47.35,0.0,5,23674,买盘
10:02:59,47.34,-0.01,1,4734,卖盘
10:03:02,47.34,0.0,3,14203,卖盘
10:03:05,47.33,-0.01,6,28402,卖盘
10:03:08,47.33,0.0,3,14199,卖盘
10:03:11,47.33,0.0,2,9466,卖盘
10:03:14,47.34,0.01,10,47336,买盘
10:03:17,47.33,-0.01,20,94660,卖盘
10:03:20,47.33,0.0,59,279247,卖盘
10:03:26,47.33,0.0,35,165655,卖盘
10:03:32,47.31,-0.02,22,104132,卖盘
10:03:38,47.31,0.0,12,56772,买盘
10:03:41,47.3,-0.01,5,23651,卖盘
10:03:44,47.29,-0.01,1,4729,卖盘
10:03:47,47.4,0.11,123,582472,买盘
10:03:50,47.45,0.05,112,531246,买盘
10:03:53,47.5,0.05,22,104472,买盘
10:03:56,47.5,0.0,12,56960,买盘
10:03:59,47.5,0.0,3,14250,买盘
10:04:02,47.5,0.0,159,755250,买盘
10:04:05,47.59,0.09,71,337565,买盘
10:04:08,47.52,-0.07,35,166456,卖盘
10:04:11,47.52,0.0,5,23788,卖盘
10:04:14,47.54,0.02,6,28524,买盘
10:04:17,47.58,0.04,10,47580,中性盘
10:04:20,47.59,0.01,3,14277,买盘
10:04:23,47.59,0.0,3,14277,买盘
10:04:26,47.58,-0.01,5,23787,中性盘
10:04:29,47.58,0.0,10,47583,中性盘
10:04:32,47.58,0.0,6,28544,买盘
10:04:35,47.6,0.02,71,337913,买盘
10:04:38,47.6,0.0,34,161902,买盘
10:04:41,47.64,0.04,4,19056,买盘
10:04:44,47.64,0.0,6,28584,卖盘
10:04:47,47.6,-0.04,48,228778,卖盘
10:04:50,47.65,0.05,70,333328,中性盘
10:04:53,47.65,0.0,16,76278,中性盘
10:04:56,47.7,0.05,24,114445,买盘
10:04:59,47.67,-0.03,2,9532,中性盘
10:05:02,47.65,-0.02,123,586218,卖盘
10:05:05,47.64,-0.01,93,442794,卖盘
10:05:08,47.64,0.0,5,23819,买盘
10:05:11,47.64,0.0,15,71610,中性盘
10:05:14,47.6,-0.04,18,85807,卖盘
10:05:17,47.61,0.01,42,200576,中性盘
10:05:20,47.73,0.12,2,9534,中性盘
10:05:26,47.73,0.0,7,33383,买盘
10:05:29,47.73,0.0,11,52503,卖盘
10:05:32,47.73,0.0,2,9546,卖盘
10:05:35,47.74,0.01,25,119333,中性盘
10:05:41,47.74,0.0,11,52544,卖盘
10:05:44,47.78,0.04,10,47779,买盘
10:05:47,47.8,0.02,83,396714,买盘
10:05:50,47.9,0.1,89,426216,买盘
10:05:53,47.9,0.0,18,86354,中性盘
10:05:56,48.0,0.1,39,187195,买盘
10:05:59,48.11,0.11,172,825937,买盘
10:06:02,48.18,0.07,27,129801,中性盘
10:06:05,48.2,0.02,175,846082,买盘
10:06:08,48.27,0.07,46,222240,中性盘
10:06:11,48.26,-0.01,1,4826,卖盘
10:06:14,48.1,-0.16,26,125321,卖盘
10:06:17,48.34,0.24,29,139748,买盘
10:06:20,47.99,-0.35,25,120411,卖盘
10:06:23,48.07,0.08,8,38408,中性盘
10:06:26,47.93,-0.14,31,148779,卖盘
10:06:29,47.9,-0.03,3,14370,卖盘
10:06:32,47.87,-0.03,14,67024,卖盘
10:06:35,47.94,0.07,27,129349,买盘
10:06:38,47.94,0.0,1,4794,卖盘
10:06:41,47.84,-0.1,8,38349,卖盘
10:06:44,48.04,0.2,23,110411,买盘
10:06:47,48.04,0.0,11,52833,买盘
10:06:50,47.9,-0.14,65,312469,卖盘
10:06:56,48.12,0.22,20,95932,买盘
10:06:59,48.1,-0.02,46,221350,卖盘
10:07:02,48.08,-0.02,11,52710,中性盘
10:07:05,48.1,0.02,16,76931,买盘
10:07:08,48.1,0.0,19,91390,买盘
10:07:11,48.1,0.0,15,72082,买盘
10:07:14,48.09,-0.01,42,201965,卖盘
10:07:17,48.09,0.0,10,48090,买盘
10:07:20,48.09,0.0,37,177945,买盘
10:07:23,48.06,-0.03,4,19191,中性盘
10:07:29,48.09,0.03,66,317389,买盘
10:07:32,48.13,0.04,17,81788,买盘
10:07:35,48.25,0.12,73,351931,买盘
10:07:38,48.08,-0.17,48,231552,卖盘
10:07:41,48.19,0.11,2,9627,买盘
10:07:44,48.3,0.11,46,221933,买盘
10:07:47,48.1,-0.2,15,72394,中性盘
10:07:50,48.3,0.2,23,111092,买盘
10:07:53,48.2,-0.1,58,280091,卖盘
10:07:56,48.16,-0.04,61,294840,卖盘
10:07:59,48.23,0.07,52,251623,中性盘
10:08:02,48.21,-0.02,5,24103,中性盘
10:08:05,48.28,0.07,19,91644,中性盘
10:08:08,48.2,-0.08,25,120660,卖盘
10:08:11,48.2,0.0,40,192809,卖盘
10:08:14,48.11,-0.09,65,313011,卖盘
10:08:17,48.09,-0.02,1,4809,卖盘
10:08:20,48.11,0.02,36,173486,中性盘
10:08:23,48.1,-0.01,20,96315,卖盘
10:08:26,48.2,0.1,2,9640,中性盘
10:08:29,48.1,-0.1,1,4810,卖盘
10:08:35,48.18,0.08,12,57816,买盘
10:08:38,48.2,0.02,10,48206,卖盘
10:08:44,48.2,0.0,8,38569,卖盘
10:08:47,48.2,0.0,17,81930,卖盘
10:08:50,48.24,0.04,12,57848,买盘
10:08:53,48.11,-0.13,73,351823,卖盘
10:08:56,48.11,0.0,4,19244,卖盘
10:08:59,48.11,0.0,29,139712,卖盘
10:09:02,48.13,0.02,4,19248,中性盘
10:09:05,48.18,0.05,6,28910,中性盘
10:09:11,48.18,0.0,7,33726,卖盘
10:09:14,48.19,0.01,43,206990,买盘
10:09:17,48.15,-0.04,2,9626,买盘
10:09:20,48.2,0.05,12,57837,买盘
10:09:23,48.2,0.0,10,48198,买盘
10:09:29,48.18,-0.02,5,24090,买盘
10:09:35,48.17,-0.01,4,19264,买盘
10:09:38,48.13,-0.04,3,14441,卖盘
10:09:41,48.12,-0.01,2,9627,卖盘
10:09:44,48.12,0.0,2,9624,卖盘
10:09:47,48.12,0.0,4,19248,卖盘
10:09:50,48.11,-0.01,11,52930,卖盘
10:09:53,48.0,-0.11,24,115390,卖盘
10:09:59,48.03,0.03,12,57630,买盘
10:10:02,48.0,-0.03,12,57602,卖盘
10:10:05,48.0,0.0,3,14400,卖盘
10:10:08,48.03,0.03,2,9606,买盘
10:10:11,48.03,0.0,8,38424,卖盘
10:10:14,48.03,0.0,2,9606,中性盘
10:10:17,48.0,-0.03,16,76803,卖盘
10:10:20,48.0,0.0,1,4800,买盘
10:10:23,47.99,-0.01,1,4799,卖盘
10:10:26,47.99,0.0,22,105528,卖盘
10:10:35,47.85,-0.14,2,9570,卖盘
10:10:53,47.88,0.03,3,14384,卖盘
10:10:56,47.86,-0.02,14,67010,卖盘
10:11:02,47.87,0.01,26,124506,卖盘
10:11:08,47.89,0.02,25,119679,买盘
10:11:11,47.89,0.0,3,14367,买盘
10:11:17,47.88,-0.01,10,47883,卖盘
10:11:20,47.88,0.0,2,9577,卖盘
10:11:23,47.87,-0.01,5,23939,卖盘
10:11:26,47.89,0.02,21,100543,买盘
10:11:29,48.09,0.2,76,364631,买盘
10:11:32,48.19,0.1,19,91528,买盘
10:11:44,48.15,-0.04,2,9630,买盘
10:11:47,48.1,-0.05,3,14446,卖盘
10:11:50,48.1,0.0,1,4810,卖盘
10:11:53,48.1,0.0,2,9620,卖盘
10:11:56,48.1,0.0,11,52910,买盘
10:11:59,48.18,0.08,8,38549,中性盘
10:12:05,48.12,-0.06,2,9622,中性盘
10:12:08,48.11,-0.01,3,14447,卖盘
10:12:11,48.1,-0.01,27,129866,卖盘
10:12:14,47.88,-0.22,328,1570603,卖盘
10:12:17,47.88,0.0,19,91196,卖盘
10:12:20,47.88,0.0,228,1092250,卖盘
10:12:23,47.92,0.04,52,250093,中性盘
10:12:26,48.14,0.22,8,38505,买盘
10:12:29,48.1,-0.04,62,298219,买盘
10:12:38,48.0,-0.1,6,28810,中性盘
10:12:41,48.07,0.07,3,14421,中性盘
10:12:44,48.0,-0.07,20,96069,卖盘
10:12:50,48.06,0.06,6,28836,中性盘
10:12:53,48.0,-0.06,16,76800,卖盘
10:12:56,48.02,0.02,20,96036,买盘
10:12:59,48.01,-0.01,6,28804,买盘
10:13:02,48.0,-0.01,4,19202,卖盘
10:13:05,47.98,-0.02,51,244796,卖盘
10:13:08,47.92,-0.06,5,23964,卖盘
10:13:11,47.9,-0.02,3,14372,卖盘
10:13:14,47.9,0.0,1,4790,卖盘
10:13:17,47.88,-0.02,15,71833,卖盘
10:13:20,47.88,0.0,18,86184,卖盘
10:13:23,47.88,0.0,19,91034,卖盘
10:13:29,47.88,0.0,5,23940,卖盘
10:13:32,47.88,0.0,2,9576,卖盘
10:13:35,47.88,0.0,10,47880,卖盘
10:13:38,47.88,0.0,44,210679,卖盘
10:13:41,47.88,0.0,1,4788,卖盘
10:13:44,47.95,0.07,12,57540,买盘
10:13:47,48.02,0.07,17,81553,买盘
10:13:53,47.98,-0.04,9,43188,卖盘
10:13:56,48.07,0.09,2,9614,买盘
10:13:59,48.1,0.03,15,72150,买盘
10:14:02,48.15,0.05,29,139604,买盘
10:14:05,48.15,0.0,11,52964,买盘
10:14:08,48.18,0.03,17,81874,买盘
10:14:14,48.14,-0.04,1,4814,买盘
10:14:17,48.18,0.04,5,24079,买盘
10:14:20,48.09,-0.09,1,4809,卖盘
10:14:26,48.18,0.09,15,72244,买盘
10:14:29,48.18,0.0,22,105965,买盘
10:14:32,48.09,-0.09,9,43344,卖盘
10:14:38,48.18,0.09,17,81891,买盘
10:14:41,48.2,0.02,14,67471,买盘
10:14:44,48.19,-0.01,1,4819,中性盘
10:14:47,48.21,0.02,61,294024,买盘
10:14:50,48.3,0.09,58,279906,买盘
10:14:53,48.33,0.03,19,91815,买盘
10:14:56,48.33,0.0,3,14499,买盘
10:14:59,48.3,-0.03,14,67646,卖盘
10:15:02,48.37,0.07,7,33817,中性盘
10:15:05,48.36,-0.01,3,14508,中性盘
10:15:08,48.26,-0.1,46,222164,卖盘
10:15:11,48.3,0.04,20,96464,买盘
10:15:14,48.3,0.0,19,91863,中性盘
10:15:20,48.36,0.06,11,53144,买盘
10:15:26,48.33,-0.03,7,33831,买盘
10:15:29,48.35,0.02,2,9668,买盘
10:15:32,48.35,0.0,5,24175,买盘
10:15:38,48.35,0.0,4,19340,中性盘
10:15:41,48.34,-0.01,1,4834,买盘
10:15:44,48.34,0.0,11,53174,中性盘
10:15:47,48.35,0.01,27,130543,买盘
10:15:50,48.35,0.0,12,58030,卖盘
10:15:53,48.34,-0.01,7,33825,买盘
10:15:56,48.35,0.01,28,135366,买盘
10:15:59,48.35,0.0,12,58020,卖盘
10:16:02,48.35,0.0,3,14505,买盘
10:16:05,48.28,-0.07,20,96602,卖盘
10:16:08,48.29,0.01,17,82163,卖盘
10:16:14,48.28,-0.01,12,57946,卖盘
10:16:17,48.26,-0.02,1,4826,卖盘
10:16:20,48.26,0.0,5,24130,卖盘
10:16:23,48.25,-0.01,4,19303,卖盘
10:16:26,48.25,0.0,1,4825,买盘
10:16:29,48.25,0.0,14,67544,买盘
10:16:32,48.24,-0.01,2,9648,卖盘
10:16:35,48.22,-0.02,18,86825,卖盘
10:16:38,48.23,0.01,18,86799,买盘
10:16:41,48.21,-0.02,4,19289,卖盘
10:16:44,48.25,0.04,13,62713,买盘
10:16:53,48.22,-0.03,4,19287,买盘
10:16:56,48.22,0.0,8,38576,卖盘
10:16:59,48.21,-0.01,3,14463,卖盘
10:17:02,48.21,0.0,4,19281,买盘
10:17:05,48.21,0.0,6,28924,买盘
10:17:11,48.28,0.07,64,308677,买盘
10:17:14,48.33,0.05,98,473800,中性盘
10:17:17,48.33,0.0,8,38664,买盘
10:17:20,48.2,-0.13,36,173922,卖盘
10:17:32,48.21,0.01,16,77151,卖盘
10:17:35,48.21,0.0,12,57852,买盘
10:17:38,48.21,0.0,75,361575,买盘
10:17:41,48.21,0.0,33,159351,卖盘
10:17:44,48.35,0.14,30,145014,买盘
10:17:50,48.26,-0.09,6,28956,买盘
10:17:53,48.26,0.0,168,810768,买盘
10:17:56,48.35,0.09,55,265917,买盘
10:17:59,48.37,0.02,7,33853,买盘
10:18:02,48.37,0.0,31,149947,买盘
10:18:05,48.4,0.03,20,96754,买盘
10:18:08,48.45,0.05,19,91992,买盘
10:18:11,48.45,0.0,22,106544,买盘
10:18:14,48.48,0.03,12,58176,买盘
10:18:17,48.47,-0.01,38,184247,卖盘
10:18:20,48.48,0.01,30,145448,卖盘
10:18:23,48.44,-0.04,102,494341,卖盘
10:18:26,48.44,0.0,4,19371,买盘
10:18:29,48.4,-0.04,27,130876,卖盘
10:18:32,48.49,0.09,20,96979,买盘
10:18:35,48.4,-0.09,8,38721,卖盘
10:18:38,48.35,-0.05,26,125770,卖盘
10:18:44,48.38,0.03,12,58039,买盘
10:18:50,48.35,-0.03,2,9670,中性盘
10:18:53,48.3,-0.05,35,169296,中性盘
10:18:56,48.35,0.05,11,53223,中性盘
10:18:59,48.35,0.0,2,9670,买盘
10:19:02,48.35,0.0,16,77320,买盘
10:19:05,48.37,0.02,39,188544,买盘
10:19:08,48.4,0.03,14,67737,买盘
10:19:17,48.34,-0.06,2,9668,买盘
10:19:23,48.29,-0.05,12,57958,卖盘
10:19:26,48.32,0.03,15,72402,买盘
10:19:29,48.3,-0.02,6,28972,卖盘
10:19:32,48.23,-0.07,7,33768,卖盘
10:19:35,48.23,0.0,3,14469,卖盘
10:19:38,48.21,-0.02,19,91584,中性盘
10:19:41,48.09,-0.12,10,48098,卖盘
10:19:47,48.09,0.0,9,43281,卖盘
10:19:56,48.05,-0.04,1,4805,卖盘
10:20:02,48.05,0.0,2,9610,卖盘
10:20:08,47.98,-0.07,5,24010,卖盘
10:20:11,48.0,0.02,20,95990,买盘
10:20:17,47.99,-0.01,12,57588,买盘
10:20:26,48.06,0.07,10,48047,买盘
10:20:29,48.03,-0.03,7,33627,卖盘
10:20:32,48.03,0.0,6,28818,卖盘
10:20:35,48.04,0.01,2,9608,卖盘
10:20:41,48.03,-0.01,13,62435,买盘
10:20:47,48.02,-0.01,10,48028,卖盘
10:20:50,48.02,0.0,8,38416,买盘
10:20:53,48.03,0.01,4,19212,买盘
10:20:56,48.03,0.0,15,72040,买盘
10:20:59,48.03,0.0,7,33621,卖盘
10:21:02,48.03,0.0,4,19212,买盘
10:21:08,48.03,0.0,1,4803,买盘
10:21:11,48.02,-0.01,16,76843,卖盘
10:21:14,48.01,-0.01,1,4801,卖盘
10:21:17,48.0,-0.01,17,81612,卖盘
10:21:20,48.0,0.0,3,14400,卖盘
10:21:23,48.01,0.01,3,14403,买盘
10:21:26,47.99,-0.02,27,129586,卖盘
10:21:29,48.0,0.01,6,28800,卖盘
10:21:32,48.0,0.0,9,43200,卖盘
10:21:35,48.01,0.01,13,62410,买盘
10:21:38,48.01,0.0,4,19204,卖盘
10:21:41,48.01,0.0,26,124827,卖盘
10:21:44,48.01,0.0,3,14403,卖盘
10:21:47,48.01,0.0,2,9602,卖盘
10:21:53,48.01,0.0,11,52811,卖盘
10:21:59,48.01,0.0,1,4801,买盘
10:22:02,48.0,-0.01,8,38400,卖盘
10:22:05,48.01,0.01,39,187156,买盘
10:22:08,47.98,-0.03,6,28798,卖盘
10:22:11,48.0,0.02,1,4800,中性盘
10:22:14,47.98,-0.02,13,62407,卖盘
10:22:17,47.98,0.0,1,4798,卖盘
10:22:26,47.92,-0.06,11,52723,卖盘
10:22:32,47.92,0.0,1,4792,卖盘
10:22:41,47.98,0.06,3,14382,买盘
10:22:53,47.92,-0.06,2,9584,卖盘
10:22:59,47.96,0.04,1,4796,买盘
10:23:05,48.0,0.04,93,446011,买盘
10:23:08,48.02,0.02,24,115218,买盘
10:23:11,48.05,0.03,13,62436,买盘
10:23:20,48.12,0.07,10,48098,买盘
10:23:23,48.09,-0.03,2,9618,卖盘
10:23:26,48.16,0.07,20,96290,买盘
10:23:29,48.14,-0.02,16,77045,卖盘
10:23:32,48.14,0.0,4,19259,卖盘
10:23:38,48.12,-0.02,15,72211,卖盘
10:23:47,48.09,-0.03,1,4809,卖盘
10:23:50,48.09,0.0,28,134691,卖盘
10:23:53,48.1,0.01,1,4810,中性盘
10:23:56,48.12,0.02,1,4812,买盘
10:24:02,48.12,0.0,1,4812,买盘
10:24:05,48.12,0.0,6,28868,买盘
10:24:08,48.09,-0.03,21,101004,卖盘
10:24:14,48.09,0.0,11,52899,卖盘
10:24:17,48.1,0.01,14,67333,买盘
10:24:23,48.09,-0.01,4,19236,卖盘
10:24:26,48.1,0.01,1,4810,买盘
10:24:29,48.09,-0.01,3,14427,卖盘
10:24:32,48.07,-0.02,2,9616,卖盘
10:24:35,48.08,0.01,3,14422,中性盘
10:24:38,48.08,0.0,7,33653,买盘
10:24:41,48.07,-0.01,5,24033,卖盘
10:24:44,48.07,0.0,3,14421,买盘
10:24:47,48.06,-0.01,10,48060,卖盘
10:24:50,48.15,0.09,57,274241,买盘
10:24:53,48.17,0.02,24,115698,买盘
10:24:56,48.3,0.13,7,33802,买盘
10:24:59,48.3,0.0,2,9660,买盘
10:25:02,48.3,0.0,7,33800,买盘
10:25:05,48.35,0.05,8,38674,买盘
10:25:08,48.39,0.04,12,58065,买盘
10:25:11,48.35,-0.04,16,77373,卖盘
10:25:14,48.38,0.03,41,198438,中性盘
10:25:17,48.42,0.04,16,77499,买盘
10:25:20,48.46,0.04,23,111426,买盘
10:25:23,48.41,-0.05,397,1923758,卖盘
10:25:26,48.4,-0.01,12,58088,卖盘
10:25:29,48.4,0.0,58,280560,买盘
10:25:32,48.3,-0.1,7,33825,卖盘
10:25:35,48.3,0.0,1,4830,卖盘
10:25:41,48.31,0.01,22,106302,买盘
10:25:44,48.4,0.09,41,198338,买盘
10:25:47,48.46,0.06,62,300411,买盘
10:25:50,48.41,-0.05,1,4841,中性盘
10:25:53,48.46,0.05,4,19384,买盘
10:25:56,48.46,0.0,2,9692,买盘
10:25:59,48.47,0.01,6,29078,买盘
10:26:02,48.46,-0.01,5,24230,中性盘
10:26:05,48.48,0.02,37,179321,买盘
10:26:08,48.48,0.0,4,19391,买盘
10:26:11,48.49,0.01,59,286073,买盘
10:26:14,48.49,0.0,56,271582,卖盘
10:26:17,48.5,0.01,28,135792,买盘
10:26:20,48.49,-0.01,28,135797,卖盘
10:26:23,48.49,0.0,5,24246,卖盘
10:26:26,48.49,0.0,114,552878,卖盘
10:26:29,48.5,0.01,90,436459,买盘
10:26:32,48.49,-0.01,18,87299,卖盘
10:26:35,48.49,0.0,2,9698,卖盘
10:26:38,48.49,0.0,16,77588,卖盘
10:26:41,48.49,0.0,1,4849,卖盘
10:26:44,48.19,-0.3,92,445438,卖盘
10:26:47,48.48,0.29,10,48238,买盘
10:26:50,48.25,-0.23,28,135636,卖盘
10:26:53,48.47,0.22,1,4847,中性盘
10:26:56,48.28,-0.19,2,9657,卖盘
10:26:59,48.29,0.01,45,217874,卖盘
10:27:02,48.31,0.02,18,87138,中性盘
10:27:05,48.29,-0.02,2,9660,卖盘
10:27:08,48.46,0.17,9,43586,买盘
10:27:14,48.48,0.02,3,14543,买盘
10:27:17,48.49,0.01,31,150295,买盘
10:27:20,48.48,-0.01,48,232775,中性盘
10:27:23,48.49,0.01,2,9698,买盘
10:27:26,48.49,0.0,3,14547,买盘
10:27:29,48.52,0.03,247,1197968,买盘
10:27:32,48.57,0.05,156,757255,买盘
10:27:35,48.57,0.0,64,310833,买盘
10:27:38,48.6,0.03,72,349826,买盘
10:27:41,48.66,0.06,86,418249,买盘
10:27:44,48.73,0.07,48,233678,买盘
10:27:47,48.8,0.07,37,180466,买盘
10:27:50,48.8,0.0,16,78080,买盘
10:27:53,48.8,0.0,39,190315,买盘
10:27:56,48.74,-0.06,23,112189,卖盘
10:27:59,48.73,-0.01,52,253371,买盘
10:28:02,48.69,-0.04,28,136476,中性盘
10:28:05,48.73,0.04,30,146172,买盘
10:28:08,48.73,0.0,3,14615,卖盘
10:28:14,48.77,0.04,61,297088,买盘
10:28:17,48.76,-0.01,66,321877,中性盘
10:28:23,48.77,0.01,4,19507,买盘
10:28:26,48.78,0.01,5,24388,买盘
10:28:29,48.78,0.0,5,24389,买盘
10:28:32,48.78,0.0,5,24387,卖盘
10:28:35,48.79,0.01,14,68294,买盘
10:28:38,48.8,0.01,2,9758,买盘
10:28:41,48.78,-0.02,16,78057,卖盘
10:28:44,48.78,0.0,3,14634,买盘
10:28:47,48.79,0.01,2,9757,买盘
10:28:53,48.78,-0.01,33,161005,卖盘
10:28:56,48.8,0.02,50,243966,买盘
10:28:59,48.8,0.0,54,263516,买盘
10:29:05,48.85,0.05,13,63478,买盘
10:29:08,48.85,0.0,49,239371,卖盘
10:29:14,48.85,0.0,26,126981,买盘
10:29:17,48.84,-0.01,73,356454,卖盘
10:29:20,48.84,0.0,8,39062,买盘
10:29:23,48.79,-0.05,35,170896,卖盘
10:29:26,48.83,0.04,27,131767,买盘
10:29:29,48.83,0.0,15,73244,买盘
10:29:32,48.82,-0.01,37,180705,中性盘
10:29:35,48.82,0.0,15,73260,卖盘
10:29:38,48.82,0.0,2,9764,卖盘
10:29:41,48.8,-0.02,8,39054,卖盘
10:29:44,48.8,0.0,17,82990,卖盘
10:29:53,48.85,0.05,5,24425,买盘
10:29:56,48.83,-0.02,1,4883,卖盘
10:29:59,48.83,0.0,7,34181,卖盘
10:30:02,48.8,-0.03,49,239160,卖盘
10:30:05,48.73,-0.07,35,170667,卖盘
10:30:08,48.72,-0.01,28,136402,卖盘
10:30:11,48.64,-0.08,1,4864,卖盘
10:30:14,48.64,0.0,34,165658,卖盘
10:30:17,48.75,0.11,4,19498,买盘
10:30:20,48.75,0.0,25,121881,卖盘
10:30:23,48.74,-0.01,17,82859,卖盘
10:30:26,48.74,0.0,83,404553,卖盘
10:30:29,48.64,-0.1,30,145926,卖盘
10:30:32,48.8,0.16,179,873035,买盘
10:30:35,48.74,-0.06,71,346466,中性盘
10:30:38,48.62,-0.12,117,569081,卖盘
10:30:41,48.73,0.11,16,77968,买盘
10:30:44,48.79,0.06,84,409424,买盘
10:30:47,48.83,0.04,54,263559,买盘
10:30:50,48.84,0.01,46,224670,买盘
10:30:53,48.84,0.0,14,68379,卖盘
10:30:59,48.84,0.0,5,24420,卖盘
10:31:02,48.83,-0.01,29,141646,卖盘
10:31:05,48.85,0.02,23,112340,买盘
10:31:08,48.84,-0.01,6,29308,中性盘
10:31:11,48.86,0.02,16,78173,买盘
10:31:14,48.86,0.0,21,102592,买盘
10:31:17,48.86,0.0,20,97737,卖盘
10:31:20,48.86,0.0,44,214984,卖盘
10:31:23,48.87,0.01,54,263859,买盘
10:31:26,48.81,-0.06,297,1451423,卖盘
10:31:29,48.8,-0.01,17,82968,卖盘
10:31:32,48.77,-0.03,41,200073,卖盘
10:31:35,48.73,-0.04,4,19496,卖盘
10:31:38,48.77,0.04,20,97502,买盘
10:31:41,48.87,0.1,99,483200,买盘
10:31:44,48.73,-0.14,2,9739,中性盘
10:31:47,48.73,0.0,23,112079,卖盘
10:31:50,48.74,0.01,3,14621,买盘
10:31:53,48.73,-0.01,4,19493,卖盘
10:31:59,48.74,0.01,13,63362,买盘
10:32:05,48.73,-0.01,30,146209,卖盘
10:32:08,48.67,-0.06,39,190086,卖盘
10:32:14,48.73,0.06,15,73102,买盘
10:32:17,48.72,-0.01,31,150889,中性盘
10:32:20,48.67,-0.05,8,38936,买盘
10:32:23,48.67,0.0,20,97339,买盘
10:32:26,48.67,0.0,2,9734,卖盘
10:32:29,48.67,0.0,1,4867,卖盘
10:32:32,48.68,0.01,3,14604,买盘
10:32:35,48.7,0.02,6,29220,卖盘
10:32:38,48.66,-0.04,12,58397,卖盘
10:32:41,48.66,0.0,9,43796,卖盘
10:32:44,48.67,0.01,2,9733,中性盘
10:32:47,48.67,0.0,1,4867,卖盘
10:32:50,48.7,0.03,7,34066,买盘
10:32:56,48.67,-0.03,52,253004,中性盘
10:32:59,48.68,0.01,3,14604,买盘
10:33:02,48.62,-0.06,14,68146,卖盘
10:33:05,48.62,0.0,6,29172,卖盘
10:33:08,48.66,0.04,2,9732,买盘
10:33:11,48.75,0.09,77,374989,买盘
10:33:14,48.8,0.05,39,190147,买盘
10:33:20,48.72,-0.08,32,155964,卖盘
10:33:23,48.8,0.08,6,29240,买盘
10:33:26,48.8,0.0,5,24400,买盘
10:33:32,48.8,0.0,8,39017,买盘
10:33:35,48.75,-0.05,2,9755,中性盘
10:33:41,48.8,0.05,22,107245,买盘
10:33:44,48.8,0.0,40,195200,买盘
10:33:47,48.87,0.07,15,73280,买盘
10:33:56,48.78,-0.09,48,234151,中性盘
10:34:02,48.9,0.12,248,1212205,买盘
10:34:05,48.92,0.02,66,323208,买盘
10:34:08,49.0,0.08,159,779061,买盘
10:34:11,48.99,-0.01,107,524287,中性盘
10:34:14,49.0,0.01,37,181297,买盘
10:34:17,49.0,0.0,42,205800,买盘
10:34:20,49.09,0.09,696,3408700,买盘
10:34:23,49.11,0.02,36,177114,中性盘
10:34:26,49.11,0.0,24,118215,中性盘
10:34:29,49.39,0.28,40,197449,买盘
10:34:32,49.39,0.0,3,14805,买盘
10:34:35,49.33,-0.06,126,621579,卖盘
10:34:38,49.39,0.06,39,192506,买盘
10:34:41,49.33,-0.06,15,73953,中性盘
10:34:44,49.37,0.04,15,73987,买盘
10:34:47,49.33,-0.04,12,59196,卖盘
10:34:50,49.37,0.04,12,59247,买盘
10:34:53,49.37,0.0,3,14811,卖盘
10:34:56,49.37,0.0,6,29611,买盘
10:34:59,49.25,-0.12,16,78902,卖盘
10:35:02,49.25,0.0,3,14774,买盘
10:35:05,49.25,0.0,6,29550,买盘
10:35:08,49.19,-0.06,2,9838,卖盘
10:35:11,49.19,0.0,10,49220,卖盘
10:35:14,49.17,-0.02,148,728756,卖盘
10:35:17,49.16,-0.01,11,54094,卖盘
10:35:20,49.19,0.03,60,295125,买盘
10:35:23,49.25,0.06,54,265922,买盘
10:35:26,49.17,-0.08,22,108214,卖盘
10:35:29,49.13,-0.04,20,98291,卖盘
10:35:32,49.03,-0.1,60,294385,卖盘
10:35:35,49.04,0.01,15,73731,卖盘
10:35:38,49.04,0.0,18,88419,中性盘
10:35:41,49.04,0.0,16,78464,买盘
10:35:47,49.01,-0.03,15,73544,卖盘
10:35:53,49.04,0.03,5,24520,卖盘
10:35:56,49.04,0.0,4,19613,买盘
10:35:59,49.04,0.0,32,157038,买盘
10:36:05,49.04,0.0,3,14712,中性盘
10:36:08,49.15,0.11,5,24519,中性盘
10:36:17,49.15,0.0,6,29490,买盘
10:36:23,49.13,-0.02,1,4913,中性盘
10:36:29,49.13,0.0,4,19634,买盘
10:36:32,49.03,-0.1,2,9807,卖盘
10:36:38,49.03,0.0,1,4903,中性盘
10:36:41,49.03,0.0,2,9806,卖盘
10:36:44,49.02,-0.01,5,24514,卖盘
10:36:47,49.03,0.01,36,176533,买盘
10:36:50,49.03,0.0,11,53964,卖盘
10:36:53,49.02,-0.01,23,112763,卖盘
10:36:56,49.07,0.05,3,14721,买盘
10:36:59,49.04,-0.03,3,14712,卖盘
10:37:02,49.04,0.0,9,44150,卖盘
10:37:05,49.07,0.03,3,14720,买盘
10:37:08,49.07,0.0,3,14720,买盘
10:37:11,49.07,0.0,2,9814,买盘
10:37:14,49.02,-0.05,20,98078,卖盘
10:37:17,48.98,-0.04,97,475372,卖盘
10:37:20,48.97,-0.01,8,39164,中性盘
10:37:23,48.76,-0.21,2,9752,卖盘
10:37:26,49.01,0.25,27,132266,买盘
10:37:32,48.94,-0.07,1,4894,买盘
10:37:35,48.94,0.0,1,4894,卖盘
10:37:38,48.94,0.0,2,9789,卖盘
10:37:41,48.94,0.0,11,53834,卖盘
10:37:44,48.85,-0.09,7,34207,卖盘
10:37:50,48.85,0.0,6,29310,卖盘
10:37:53,48.8,-0.05,8,39058,卖盘
10:37:56,48.8,0.0,1,4880,买盘
10:38:02,48.75,-0.05,29,141450,卖盘
10:38:05,48.72,-0.03,2,9744,卖盘
10:38:14,48.75,0.03,1,4875,买盘
10:38:17,48.72,-0.03,1,4872,卖盘
10:38:20,48.72,0.0,13,63336,卖盘
10:38:26,48.71,-0.01,1,4871,中性盘
10:38:32,48.63,-0.08,6,29178,卖盘
10:38:41,48.62,-0.01,17,82668,卖盘
10:38:44,48.58,-0.04,2,9716,卖盘
10:38:47,48.58,0.0,3,14578,卖盘
10:38:50,48.58,0.0,10,48580,卖盘
10:38:53,48.6,0.02,4,19440,卖盘
10:38:56,48.62,0.02,3,14585,买盘
10:38:59,48.6,-0.02,24,116655,卖盘
10:39:02,48.6,0.0,5,24300,卖盘
10:39:05,48.61,0.01,5,24305,买盘
10:39:08,48.6,-0.01,7,34020,卖盘
10:39:11,48.6,0.0,1,4860,卖盘
10:39:14,48.61,0.01,1,4861,买盘
10:39:17,48.6,-0.01,2,9720,卖盘
10:39:26,48.58,-0.02,50,242993,卖盘
10:39:38,48.5,-0.08,29,140720,卖盘
10:39:44,48.51,0.01,1,4851,卖盘
10:39:47,48.51,0.0,8,38808,卖盘
10:39:50,48.49,-0.02,13,63044,卖盘
10:39:53,48.46,-0.03,1,4846,中性盘
10:40:02,48.45,-0.01,12,58150,卖盘
10:40:08,48.45,0.0,1,4845,卖盘
10:40:11,48.52,0.07,139,673689,买盘
10:40:14,48.46,-0.06,158,766493,卖盘
10:40:17,48.51,0.05,40,194729,中性盘
10:40:20,48.75,0.24,1,4875,买盘
10:40:26,48.7,-0.05,3,14610,中性盘
10:40:32,48.7,0.0,1,4870,买盘
10:40:35,48.7,0.0,50,243477,买盘
10:40:38,48.7,0.0,13,63305,买盘
10:40:41,48.68,-0.02,23,111744,中性盘
10:40:47,48.69,0.01,10,48690,卖盘
10:40:50,48.68,-0.01,24,116832,卖盘
10:40:53,48.69,0.01,22,107118,买盘
10:40:59,48.68,-0.01,3,14604,卖盘
10:41:02,48.69,0.01,3,14607,买盘
10:41:05,48.69,0.0,12,58428,买盘
10:41:08,48.7,0.01,25,121732,买盘
10:41:11,48.7,0.0,137,666951,买盘
10:41:14,48.69,-0.01,2,9738,卖盘
10:41:17,48.7,0.01,13,63310,买盘
10:41:20,48.77,0.07,15,73094,买盘
10:41:23,48.69,-0.08,25,121953,卖盘
10:41:26,48.8,0.11,26,126640,买盘
10:41:29,48.7,-0.1,11,53669,卖盘
10:41:32,48.8,0.1,20,97563,买盘
10:41:41,48.8,0.0,25,121827,买盘
10:41:47,48.8,0.0,28,136640,买盘
10:41:50,48.8,0.0,1,4880,卖盘
10:41:53,48.85,0.05,20,97696,买盘
10:41:56,48.85,0.0,5,24425,买盘
10:42:05,48.87,0.02,1,4887,卖盘
10:42:08,48.98,0.11,2,9796,买盘
10:42:11,48.98,0.0,3,14694,买盘
10:42:14,48.98,0.0,12,58726,买盘
10:42:17,48.98,0.0,40,195920,卖盘
10:42:29,48.98,0.0,46,225308,买盘
10:42:32,48.98,0.0,13,63674,买盘
10:42:35,48.98,0.0,12,58776,买盘
10:42:38,48.98,0.0,3,14694,买盘
10:42:41,48.97,-0.01,86,421353,中性盘
10:42:44,48.98,0.01,51,250074,卖盘
10:42:50,49.1,0.12,23,112699,买盘
10:42:59,49.0,-0.1,1,4900,中性盘
10:43:11,49.09,0.09,55,269987,买盘
10:43:14,49.15,0.06,89,437005,买盘
10:43:17,49.1,-0.05,38,186722,卖盘
10:43:23,49.15,0.05,1,4915,买盘
10:43:26,49.16,0.01,38,186756,买盘
10:43:29,49.16,0.0,24,118028,卖盘
10:43:32,49.16,0.0,1,4916,卖盘
10:43:35,49.2,0.04,74,364044,买盘
10:43:38,49.2,0.0,52,255878,卖盘
10:43:41,49.2,0.0,2,9840,卖盘
10:43:44,49.2,0.0,12,59057,卖盘
10:43:47,49.25,0.05,4,19697,买盘
10:43:50,49.2,-0.05,34,167286,卖盘
10:43:53,49.2,0.0,16,78720,卖盘
10:43:56,49.15,-0.05,40,196745,卖盘
10:43:59,49.15,0.0,5,24575,卖盘
10:44:02,49.15,0.0,4,19660,卖盘
10:44:05,49.17,0.02,5,24581,买盘
10:44:08,49.17,0.0,1,4917,卖盘
10:44:14,49.17,0.0,2,9834,卖盘
10:44:17,49.17,0.0,9,44260,卖盘
10:44:20,49.17,0.0,1,4917,卖盘
10:44:23,49.18,0.01,17,83603,买盘
10:44:26,49.18,0.0,9,44262,卖盘
10:44:29,49.18,0.0,1,4918,卖盘
10:44:32,49.17,-0.01,14,68834,买盘
10:44:35,49.2,0.03,36,177111,买盘
10:44:38,49.2,0.0,9,44280,买盘
10:44:41,49.2,0.0,62,305119,买盘
10:44:44,49.16,-0.04,30,147571,卖盘
10:44:47,49.2,0.04,14,68880,买盘
10:44:50,49.17,-0.03,31,152507,卖盘
10:44:53,49.2,0.03,22,108240,买盘
10:44:56,49.2,0.0,4,19680,买盘
10:44:59,49.2,0.0,9,44280,买盘
10:45:02,49.3,0.1,389,1915426,买盘
10:45:05,49.48,0.18,141,696481,买盘
10:45:08,49.49,0.01,23,113818,买盘
10:45:11,49.5,0.01,17,84145,买盘
10:45:14,49.5,0.0,32,158399,买盘
10:45:17,49.5,0.0,26,128682,买盘
10:45:20,49.5,0.0,38,188098,买盘
10:45:23,49.49,-0.01,62,306768,中性盘
10:45:29,49.5,0.01,27,133626,买盘
10:45:32,49.5,0.0,3,14849,买盘
10:45:35,49.5,0.0,119,589050,买盘
10:45:38,49.5,0.0,33,163509,卖盘
10:45:41,49.53,0.03,3,14856,中性盘
10:45:44,49.53,0.0,5,24770,卖盘
10:45:47,49.58,0.05,32,158477,买盘
10:45:50,49.58,0.0,12,59450,买盘
10:45:53,49.54,-0.04,5,24778,卖盘
10:45:56,49.54,0.0,15,74362,卖盘
10:45:59,49.51,-0.03,14,69326,卖盘
10:46:05,49.58,0.07,17,84221,买盘
10:46:08,49.5,-0.08,78,386692,卖盘
10:46:11,49.6,0.1,19,94228,买盘
10:46:14,49.52,-0.08,2,9908,中性盘
10:46:17,49.56,0.04,10,49550,买盘
10:46:20,49.56,0.0,2,9912,卖盘
10:46:23,49.58,0.02,7,34696,买盘
10:46:26,49.59,0.01,25,123975,买盘
10:46:29,49.59,0.0,3,14877,买盘
10:46:32,49.59,0.0,37,183497,买盘
10:46:35,49.6,0.01,32,158720,买盘
10:46:38,49.59,-0.01,48,238078,卖盘
10:46:41,49.6,0.01,7,34717,买盘
10:46:47,49.6,0.0,20,99199,买盘
10:46:50,49.6,0.0,13,64480,买盘
10:46:53,49.6,0.0,17,84320,买盘
10:46:56,49.63,0.03,26,129037,买盘
10:46:59,49.66,0.03,38,188587,买盘
10:47:02,49.7,0.04,25,124182,买盘
10:47:05,49.66,-0.04,18,89432,中性盘
10:47:08,49.75,0.09,38,188962,买盘
10:47:11,49.71,-0.04,42,209040,中性盘
10:47:14,49.71,0.0,19,94603,卖盘
10:47:17,49.8,0.09,5,24900,买盘
10:47:20,49.8,0.0,10,49757,买盘
10:47:23,49.77,-0.03,10,49788,中性盘
10:47:26,49.8,0.03,29,144419,买盘
10:47:29,49.8,0.0,5,24896,买盘
10:47:32,49.79,-0.01,21,104559,卖盘
10:47:35,49.8,0.01,11,54776,买盘
10:47:38,49.73,-0.07,12,59705,卖盘
10:47:41,49.74,0.01,20,99471,买盘
10:47:44,49.78,0.04,25,124366,买盘
10:47:50,49.78,0.0,7,34853,卖盘
10:47:53,49.78,0.0,32,159354,买盘
10:47:56,49.8,0.02,2,9960,买盘
10:47:59,49.8,0.0,44,219114,买盘
10:48:02,49.79,-0.01,47,234005,卖盘
10:48:05,49.8,0.01,62,308744,买盘
10:48:08,49.78,-0.02,31,154360,卖盘
10:48:11,49.74,-0.04,59,293544,卖盘
10:48:14,49.74,0.0,56,278509,卖盘
10:48:17,49.74,0.0,13,64661,买盘
10:48:20,49.8,0.06,34,169228,买盘
10:48:23,49.67,-0.13,1,4967,卖盘
10:48:29,49.8,0.13,135,672280,买盘
10:48:32,49.88,0.08,34,169557,买盘
10:48:35,49.81,-0.07,6,29886,卖盘
10:48:38,49.88,0.07,184,917114,买盘
10:48:41,49.87,-0.01,9,44883,中性盘
10:48:44,49.88,0.01,49,244394,买盘
10:48:47,49.87,-0.01,16,79728,买盘
10:48:53,49.87,0.0,10,49870,卖盘
10:48:56,49.87,0.0,20,99740,卖盘
10:48:59,49.88,0.01,81,404024,买盘
10:49:02,49.87,-0.01,29,144615,买盘
10:49:05,49.87,0.0,2,9974,买盘
10:49:08,49.87,0.0,5,24934,买盘
10:49:11,49.88,0.01,66,329198,买盘
10:49:14,49.96,0.08,452,2259760,买盘
10:49:17,50.0,0.04,124,619999,买盘
10:49:20,50.0,0.0,37,184984,买盘
10:49:23,50.0,0.0,125,625000,买盘
10:49:26,50.0,0.0,147,735000,买盘
10:49:29,49.99,-0.01,257,1284993,卖盘
10:49:32,50.0,0.01,161,804993,买盘
10:49:35,50.0,0.0,88,440000,买盘
10:49:38,50.03,0.03,72,360009,买盘
10:49:41,50.11,0.08,85,425585,买盘
10:49:44,50.2,0.09,26,130458,买盘
10:49:47,50.33,0.13,201,1009718,买盘
10:49:50,50.33,0.0,67,337174,买盘
10:49:53,50.33,0.0,47,236436,买盘
10:49:56,50.33,0.0,31,155854,买盘
10:49:59,50.35,0.02,105,528597,买盘
10:50:02,50.37,0.02,184,926449,买盘
10:50:05,50.36,-0.01,156,785589,卖盘
10:50:08,50.36,0.0,35,176254,买盘
10:50:11,50.33,-0.03,20,100675,卖盘
10:50:14,50.37,0.04,496,2498046,买盘
10:50:17,50.3,-0.07,40,201324,卖盘
10:50:20,50.3,0.0,17,85510,买盘
10:50:23,50.37,0.07,415,2090246,买盘
10:50:26,50.4,0.03,2046,10311350,买盘
10:50:29,50.4,0.0,35,176400,卖盘
10:50:32,50.4,0.0,175,882000,卖盘
10:50:35,50.4,0.0,61,307440,卖盘
10:50:38,50.4,0.0,4,20160,卖盘
10:50:41,50.4,0.0,10,50400,卖盘
10:50:44,50.4,0.0,5,25200,卖盘
10:50:47,50.4,0.0,24,120960,卖盘
10:50:50,50.4,0.0,13,65520,卖盘
10:50:53,50.4,0.0,66,332640,卖盘
10:50:56,50.4,0.0,26,131040,卖盘
10:50:59,50.4,0.0,150,756000,卖盘
10:51:02,50.4,0.0,10,50400,卖盘
10:51:05,50.4,0.0,5,25200,卖盘
10:51:08,50.4,0.0,54,272160,卖盘
10:51:11,50.4,0.0,26,131040,卖盘
10:51:14,50.4,0.0,23,115920,卖盘
10:51:17,50.4,0.0,5,25200,卖盘
10:51:20,50.4,0.0,4,20160,卖盘
10:51:23,50.4,0.0,6,30240,卖盘
10:51:26,50.4,0.0,1,5040,卖盘
10:51:29,50.4,0.0,10,50400,卖盘
10:51:32,50.4,0.0,5,25200,卖盘
10:51:35,50.4,0.0,15,75600,卖盘
10:51:41,50.4,0.0,1,5040,卖盘
10:51:44,50.4,0.0,65,327600,卖盘
10:51:50,50.4,0.0,27,136080,卖盘
10:51:53,50.4,0.0,3,15120,卖盘
10:51:56,50.4,0.0,57,287280,卖盘
10:51:59,50.4,0.0,6,30240,卖盘
10:52:02,50.4,0.0,1,5040,卖盘
10:52:05,50.4,0.0,10,50400,卖盘
10:52:11,50.4,0.0,9,45360,卖盘
10:52:14,50.4,0.0,12,60480,卖盘
10:52:20,50.4,0.0,5,25200,卖盘
10:52:23,50.4,0.0,2,10080,卖盘
10:52:26,50.4,0.0,8,40320,卖盘
10:52:29,50.4,0.0,1,5040,卖盘
10:52:38,50.4,0.0,38,191520,卖盘
10:52:44,50.4,0.0,5,25200,卖盘
10:52:47,50.4,0.0,2,10080,卖盘
10:52:50,50.4,0.0,5,25200,卖盘
10:52:53,50.4,0.0,5,25200,卖盘
10:52:56,50.4,0.0,4,20160,卖盘
10:53:02,50.4,0.0,1,5040,卖盘
10:53:05,50.4,0.0,2,10080,卖盘
10:53:20,50.4,0.0,1,5040,卖盘
10:53:26,50.4,0.0,1,5040,卖盘
10:53:29,50.4,0.0,7,35280,卖盘
10:53:32,50.4,0.0,1,5040,卖盘
10:53:35,50.4,0.0,7,35280,卖盘
10:53:38,50.4,0.0,4,20160,卖盘
10:53:41,50.4,0.0,24,120960,卖盘
10:53:44,50.4,0.0,2,10080,卖盘
10:53:50,50.4,0.0,2,10080,卖盘
10:53:56,50.4,0.0,1,5040,卖盘
10:53:59,50.4,0.0,3,15120,卖盘
10:54:02,50.4,0.0,3,15120,卖盘
10:54:05,50.4,0.0,2,10080,卖盘
10:54:11,50.4,0.0,1,5040,卖盘
10:54:14,50.4,0.0,2,10080,卖盘
10:54:35,50.4,0.0,2,10080,卖盘
10:54:41,50.4,0.0,12,60480,卖盘
10:54:53,50.4,0.0,1,5040,卖盘
10:54:59,50.4,0.0,3,15120,卖盘
10:55:02,50.4,0.0,1,5040,卖盘
10:55:11,50.4,0.0,23,115920,卖盘
10:55:14,50.4,0.0,2,10080,卖盘
10:55:17,50.4,0.0,1,5040,卖盘
10:55:23,50.4,0.0,10,50400,卖盘
10:55:32,50.4,0.0,1,5040,卖盘
10:55:35,50.4,0.0,3,15120,卖盘
10:55:41,50.4,0.0,8,40320,卖盘
10:55:50,50.4,0.0,573,2885904,卖盘
10:55:53,50.4,0.0,15,75600,卖盘
10:55:56,50.4,0.0,16,80640,卖盘
10:56:02,50.4,0.0,40,201600,卖盘
10:56:08,50.4,0.0,1,5040,卖盘
10:56:11,50.4,0.0,2,10080,卖盘
10:56:14,50.4,0.0,5,25200,卖盘
10:56:20,50.4,0.0,10,50400,卖盘
10:56:23,50.4,0.0,83,419328,卖盘
10:56:29,50.4,0.0,6,30240,卖盘
10:56:35,50.4,0.0,10,50400,卖盘
10:56:38,50.4,0.0,3,15120,卖盘
10:56:41,50.4,0.0,10,50400,卖盘
10:56:56,50.4,0.0,71,357840,卖盘
10:56:59,50.4,0.0,3,15120,卖盘
10:57:05,50.4,0.0,11,55440,卖盘
10:57:08,50.4,0.0,1,5040,卖盘
10:57:11,50.4,0.0,2,10080,卖盘
10:57:14,50.4,0.0,36,181440,卖盘
10:57:17,50.4,0.0,6,30240,卖盘
10:57:23,50.4,0.0,10,50400,卖盘
10:57:26,50.4,0.0,1,5040,卖盘
10:57:32,50.4,0.0,1,5040,卖盘
10:57:35,50.4,0.0,1,5040,卖盘
10:57:41,50.4,0.0,5,25200,卖盘
10:57:59,50.4,0.0,8,40320,卖盘
10:58:02,50.4,0.0,3,15120,卖盘
10:58:05,50.4,0.0,1,5040,卖盘
10:58:11,50.4,0.0,5,25200,卖盘
10:58:14,50.4,0.0,1,5040,卖盘
10:58:17,50.4,0.0,300,1512000,卖盘
10:58:20,50.4,0.0,1,5040,卖盘
10:58:23,50.4,0.0,1,5040,卖盘
10:58:32,50.4,0.0,1,5040,卖盘
10:58:35,50.4,0.0,2,10080,卖盘
10:58:41,50.4,0.0,1,5040,卖盘
10:59:05,50.4,0.0,21,105840,卖盘
10:59:08,50.4,0.0,14,70560,卖盘
10:59:14,50.4,0.0,4,20160,卖盘
10:59:17,50.4,0.0,5,25200,卖盘
10:59:23,50.4,0.0,1,5040,卖盘
10:59:26,50.4,0.0,5,25200,卖盘
10:59:32,50.4,0.0,4,20160,卖盘
10:59:35,50.4,0.0,1,5040,卖盘
10:59:38,50.4,0.0,1,5040,卖盘
10:59:44,50.4,0.0,11,55440,卖盘
10:59:47,50.4,0.0,2,10080,卖盘
10:59:53,50.4,0.0,1,5040,卖盘
11:00:02,50.4,0.0,3,15120,卖盘
11:00:05,50.4,0.0,6,30240,卖盘
11:00:17,50.4,0.0,1,5040,卖盘
11:00:23,50.4,0.0,16,80640,卖盘
11:00:29,50.4,0.0,1,5040,卖盘
11:00:32,50.4,0.0,1,5040,卖盘
11:00:41,50.4,0.0,2,10080,卖盘
11:00:44,50.4,0.0,3,15120,卖盘
11:00:50,50.4,0.0,1,5040,卖盘
11:00:53,50.4,0.0,50,252000,卖盘
11:00:56,50.4,0.0,10,50400,卖盘
11:01:08,50.4,0.0,40,201600,卖盘
11:01:11,50.4,0.0,5,25200,卖盘
11:01:14,50.4,0.0,3,15120,卖盘
11:01:17,50.4,0.0,1,5040,卖盘
11:01:20,50.4,0.0,11,55440,卖盘
11:01:35,50.4,0.0,1,5040,卖盘
11:02:02,50.4,0.0,5,25200,卖盘
11:02:08,50.4,0.0,1,5040,卖盘
11:02:11,50.4,0.0,5,25200,卖盘
11:02:14,50.4,0.0,1,5040,卖盘
11:02:29,50.4,0.0,16,80640,卖盘
11:02:38,50.4,0.0,1,5040,卖盘
11:02:41,50.4,0.0,2,10080,卖盘
11:02:44,50.4,0.0,25,126000,卖盘
11:02:50,50.4,0.0,2,10080,卖盘
11:02:53,50.4,0.0,1,5040,卖盘
11:02:56,50.4,0.0,2,10080,卖盘
11:03:02,50.4,0.0,16,80640,卖盘
11:03:08,50.4,0.0,7,35280,卖盘
11:03:11,50.4,0.0,1,5040,卖盘
11:03:14,50.4,0.0,16,80640,卖盘
11:03:26,50.4,0.0,13,65520,卖盘
11:03:32,50.4,0.0,2,10080,卖盘
11:03:35,50.4,0.0,3,15120,卖盘
11:04:05,50.4,0.0,1,5040,卖盘
11:04:08,50.4,0.0,1,5040,卖盘
11:04:14,50.4,0.0,3,15120,卖盘
11:04:17,50.4,0.0,7,35280,卖盘
11:04:38,50.4,0.0,1,5040,卖盘
11:04:41,50.4,0.0,1,5040,卖盘
11:04:50,50.4,0.0,2,10080,卖盘
11:04:53,50.4,0.0,3,15120,卖盘
11:04:56,50.4,0.0,6,30240,卖盘
11:04:59,50.4,0.0,1,5040,卖盘
11:05:02,50.4,0.0,1,5040,卖盘
11:05:05,50.4,0.0,1,5040,卖盘
11:05:11,50.4,0.0,5,25200,卖盘
11:05:14,50.4,0.0,22,110880,卖盘
11:05:23,50.4,0.0,1,5040,卖盘
11:05:32,50.4,0.0,4,20160,卖盘
11:05:35,50.4,0.0,2,10080,卖盘
11:06:05,50.4,0.0,2,10080,卖盘
11:06:08,50.4,0.0,17,85680,卖盘
11:06:26,50.4,0.0,4,20160,卖盘
11:06:29,50.4,0.0,11,55440,卖盘
11:06:35,50.4,0.0,20,100800,卖盘
11:06:38,50.4,0.0,5,25200,卖盘
11:06:44,50.4,0.0,1,5040,卖盘
11:06:56,50.4,0.0,2,10080,卖盘
11:07:05,50.4,0.0,1,5040,卖盘
11:07:17,50.4,0.0,1,5040,卖盘
11:07:26,50.4,0.0,2,10080,卖盘
11:07:38,50.4,0.0,1,5040,卖盘
11:07:41,50.4,0.0,1,5040,卖盘
11:08:14,50.4,0.0,3,15120,卖盘
11:08:32,50.4,0.0,8,40320,卖盘
11:08:35,50.4,0.0,1,5040,卖盘
11:08:50,50.4,0.0,1,5040,卖盘
11:09:14,50.4,0.0,1,5040,卖盘
11:09:35,50.4,0.0,1,5040,卖盘
11:09:38,50.4,0.0,22,110880,卖盘
11:09:47,50.4,0.0,8,40320,卖盘
11:09:50,50.4,0.0,1,5040,卖盘
11:09:56,50.4,0.0,1,5040,卖盘
11:10:14,50.4,0.0,4,20160,卖盘
11:10:17,50.4,0.0,1,5040,卖盘
11:10:35,50.4,0.0,1,5040,卖盘
11:10:41,50.4,0.0,2,10080,卖盘
11:10:56,50.4,0.0,2,10080,卖盘
11:11:11,50.4,0.0,1,5040,卖盘
11:11:14,50.4,0.0,1,5040,卖盘
11:11:17,50.4,0.0,8,40320,卖盘
11:11:26,50.4,0.0,1,5040,卖盘
11:11:35,50.4,0.0,1,5040,卖盘
11:11:38,50.4,0.0,1,5040,卖盘
11:11:44,50.4,0.0,7,35280,卖盘
11:11:59,50.4,0.0,1,5040,卖盘
11:12:41,50.4,0.0,1,5040,卖盘
11:12:44,50.4,0.0,2,10080,卖盘
11:12:47,50.4,0.0,3,15120,卖盘
11:12:53,50.4,0.0,20,100800,卖盘
11:13:02,50.4,0.0,40,201600,卖盘
11:13:05,50.4,0.0,1,5040,卖盘
11:13:11,50.4,0.0,8,40320,卖盘
11:13:23,50.4,0.0,3,15120,卖盘
11:13:35,50.4,0.0,4,20160,卖盘
11:13:47,50.4,0.0,1,5040,卖盘
11:13:50,50.4,0.0,1,5040,卖盘
11:14:23,50.4,0.0,1,5040,卖盘
11:14:29,50.4,0.0,1,5040,卖盘
11:14:47,50.4,0.0,1,5040,卖盘
11:14:53,50.4,0.0,1,5040,卖盘
11:14:56,50.4,0.0,5,25200,卖盘
11:15:11,50.4,0.0,4,20160,卖盘
11:15:26,50.4,0.0,2,10080,卖盘
11:15:32,50.4,0.0,1,5040,卖盘
11:15:44,50.4,0.0,1,5040,卖盘
11:15:47,50.4,0.0,1,5040,卖盘
11:16:02,50.4,0.0,3,15120,卖盘
11:16:11,50.4,0.0,2,10080,卖盘
11:16:29,50.4,0.0,10,50400,卖盘
11:16:38,50.4,0.0,3,15120,卖盘
11:16:41,50.4,0.0,25,126000,卖盘
11:16:47,50.4,0.0,1,5040,卖盘
11:17:17,50.4,0.0,1,5040,卖盘
11:17:26,50.4,0.0,20,100800,卖盘
11:17:47,50.4,0.0,1,5040,卖盘
11:18:17,50.4,0.0,3,15120,卖盘
11:18:23,50.4,0.0,1,5040,卖盘
11:18:38,50.4,0.0,26,131040,卖盘
11:18:44,50.4,0.0,10,50400,卖盘
11:18:47,50.4,0.0,10,50400,卖盘
11:19:02,50.4,0.0,2,10080,卖盘
11:19:32,50.4,0.0,5,25200,卖盘
11:19:38,50.4,0.0,25,127814,卖盘
11:19:47,50.4,0.0,1,5040,卖盘
11:19:50,50.4,0.0,10,50400,卖盘
11:20:08,50.4,0.0,6,30240,卖盘
11:20:47,50.4,0.0,1,5040,卖盘
11:20:50,50.4,0.0,1,5040,卖盘
11:20:56,50.4,0.0,8,40320,卖盘
11:21:11,50.4,0.0,1,7056,卖盘
11:21:47,50.4,0.0,1,5040,卖盘
11:22:26,50.4,0.0,5,25200,卖盘
11:22:38,50.4,0.0,15,75600,卖盘
11:22:47,50.4,0.0,1,5040,卖盘
11:22:59,50.4,0.0,1,5040,卖盘
11:23:08,50.4,0.0,1,5040,卖盘
11:23:32,50.4,0.0,4,20160,卖盘
11:23:47,50.4,0.0,1,5040,卖盘
11:23:50,50.4,0.0,1,5040,卖盘
11:23:53,50.4,0.0,11,55440,卖盘
11:23:59,50.4,0.0,1,5040,卖盘
11:24:23,50.4,0.0,3,15120,卖盘
11:24:44,50.4,0.0,1,5040,卖盘
11:24:47,50.4,0.0,1,5040,卖盘
11:25:47,50.4,0.0,1,5040,卖盘
11:26:35,50.4,0.0,6,30240,卖盘
11:26:38,50.4,0.0,2,10080,卖盘
11:26:47,50.4,0.0,1,5040,卖盘
11:27:29,50.4,0.0,1,5040,卖盘
11:27:47,50.4,0.0,1,5040,卖盘
11:27:53,50.4,0.0,20,100800,卖盘
11:28:26,50.4,0.0,1,5040,卖盘
11:29:08,50.4,0.0,1,5040,卖盘
11:29:41,50.4,0.0,1,5040,卖盘
11:29:47,50.4,0.0,1,5040,卖盘
13:00:02,50.4,0.0,6,30240,卖盘
13:00:05,50.4,0.0,66,332640,卖盘
13:00:08,50.4,0.0,91,458640,卖盘
13:00:11,50.4,0.0,57,287280,卖盘
13:00:14,50.4,0.0,14,70560,卖盘
13:00:17,50.4,0.0,1,5040,卖盘
13:00:23,50.4,0.0,1,5040,卖盘
13:00:44,50.4,0.0,2,10080,卖盘
13:00:50,50.4,0.0,1,5040,卖盘
13:01:08,50.4,0.0,20,100800,卖盘
13:01:20,50.4,0.0,4,20160,卖盘
13:01:41,50.4,0.0,1,5040,卖盘
13:01:47,50.4,0.0,5,25200,卖盘
13:01:50,50.4,0.0,1,5040,卖盘
13:02:11,50.4,0.0,2,10080,卖盘
13:02:17,50.4,0.0,5,25200,卖盘
13:02:47,50.4,0.0,1,5040,卖盘
13:02:53,50.4,0.0,2,10080,卖盘
13:02:56,50.4,0.0,1,5040,卖盘
13:03:14,50.4,0.0,1,5040,卖盘
13:03:17,50.4,0.0,13,65520,卖盘
13:03:32,50.4,0.0,1,5040,卖盘
13:03:50,50.4,0.0,1,5040,卖盘
13:04:08,50.4,0.0,1,5040,卖盘
13:04:14,50.4,0.0,3,15120,卖盘
13:04:41,50.4,0.0,1,5040,卖盘
13:04:44,50.4,0.0,3,15120,卖盘
13:05:05,50.4,0.0,3,15120,卖盘
13:05:23,50.4,0.0,1,5040,卖盘
13:07:14,50.4,0.0,4,20160,卖盘
13:07:17,50.4,0.0,1,5040,卖盘
13:07:32,50.4,0.0,1,5040,卖盘
13:08:05,50.4,0.0,4,20160,卖盘
13:08:17,50.4,0.0,1,5040,卖盘
13:08:29,50.4,0.0,2,10080,卖盘
13:08:50,50.4,0.0,5,25200,卖盘
13:09:08,50.4,0.0,1,5040,卖盘
13:09:35,50.4,0.0,1,5040,卖盘
13:09:56,50.4,0.0,1,5040,卖盘
13:09:59,50.4,0.0,20,100800,卖盘
13:10:08,50.4,0.0,2,10080,卖盘
13:10:17,50.4,0.0,1,5040,卖盘
13:11:17,50.4,0.0,1,5040,卖盘
13:11:44,50.4,0.0,9,45360,卖盘
13:12:14,50.4,0.0,1,5040,卖盘
13:12:53,50.4,0.0,1,5040,卖盘
13:13:11,50.4,0.0,1,5040,卖盘
13:13:23,50.4,0.0,2,10080,卖盘
13:13:47,50.4,0.0,1,5040,卖盘
13:14:05,50.4,0.0,9,45360,卖盘
13:14:11,50.4,0.0,3,15120,卖盘
13:14:53,50.4,0.0,5,25200,卖盘
13:14:56,50.4,0.0,14,70560,卖盘
13:15:05,50.4,0.0,5,25200,卖盘
13:15:17,50.4,0.0,4,20160,卖盘
13:15:23,50.4,0.0,5,25200,卖盘
13:15:29,50.4,0.0,9,45360,卖盘
13:15:41,50.4,0.0,2,10080,卖盘
13:15:47,50.4,0.0,10,50400,卖盘
13:16:35,50.4,0.0,20,100800,卖盘
13:17:17,50.4,0.0,2,10080,卖盘
13:17:32,50.4,0.0,2,10080,卖盘
13:17:59,50.4,0.0,1,5040,卖盘
13:18:17,50.4,0.0,4,20160,卖盘
13:18:38,50.4,0.0,4,20160,卖盘
13:19:02,50.4,0.0,25,126000,卖盘
13:19:20,50.4,0.0,20,100800,卖盘
13:20:11,50.4,0.0,4,20160,卖盘
13:20:41,50.4,0.0,1,5040,卖盘
13:21:29,50.4,0.0,5,25200,卖盘
13:21:38,50.4,0.0,3,15120,卖盘
13:21:41,50.4,0.0,3,15120,卖盘
13:22:41,50.4,0.0,1,5040,卖盘
13:22:53,50.4,0.0,1,5040,卖盘
13:23:23,50.4,0.0,2,10080,卖盘
13:23:29,50.4,0.0,2,10080,卖盘
13:23:35,50.4,0.0,11,55440,卖盘
13:23:38,50.4,0.0,1,5040,卖盘
13:23:41,50.4,0.0,2,10080,卖盘
13:23:50,50.4,0.0,4,20160,卖盘
13:23:56,50.4,0.0,1,5040,卖盘
13:24:05,50.4,0.0,1,5040,卖盘
13:24:11,50.4,0.0,5,25200,卖盘
13:24:17,50.4,0.0,1,5040,卖盘
13:24:20,50.4,0.0,1,5040,卖盘
13:24:35,50.4,0.0,12,60480,卖盘
13:24:53,50.4,0.0,3,15120,卖盘
13:24:56,50.4,0.0,1,5040,卖盘
13:25:05,50.4,0.0,3,15120,卖盘
13:25:11,50.4,0.0,3,15120,卖盘
13:25:17,50.4,0.0,1,5040,卖盘
13:25:20,50.4,0.0,1,5040,卖盘
13:25:26,50.4,0.0,2,10080,卖盘
13:25:32,50.4,0.0,2,10080,卖盘
13:25:35,50.4,0.0,2,10080,卖盘
13:25:38,50.4,0.0,1,5040,卖盘
13:25:44,50.4,0.0,1,5040,卖盘
13:26:35,50.4,0.0,1,5040,卖盘
13:27:11,50.4,0.0,6,30240,卖盘
13:28:02,50.4,0.0,1,5040,卖盘
13:29:20,50.4,0.0,3,15120,卖盘
13:29:50,50.4,0.0,3,15120,卖盘
13:30:02,50.4,0.0,4,20160,卖盘
13:30:38,50.4,0.0,1,5040,卖盘
13:30:41,50.4,0.0,2,10080,卖盘
13:31:05,50.4,0.0,2,10080,卖盘
13:31:08,50.4,0.0,1,5040,卖盘
13:31:11,50.4,0.0,2,10080,卖盘
13:33:20,50.4,0.0,1,5040,卖盘
13:33:38,50.4,0.0,1,5040,卖盘
13:34:14,50.4,0.0,28,141120,卖盘
13:34:17,50.4,0.0,6,30240,卖盘
13:34:35,50.4,0.0,1,5040,卖盘
13:34:44,50.4,0.0,1,5040,卖盘
13:34:47,50.4,0.0,1,5040,卖盘
13:35:05,50.4,0.0,2,10080,卖盘
13:35:23,50.4,0.0,2,10080,卖盘
13:35:47,50.4,0.0,18,90720,卖盘
13:36:05,50.4,0.0,1,5040,卖盘
13:36:23,50.4,0.0,1,5040,卖盘
13:36:35,50.4,0.0,2,10080,卖盘
13:37:02,50.4,0.0,2,10080,卖盘
13:37:32,50.4,0.0,2,10080,卖盘
13:37:41,50.4,0.0,1,5040,卖盘
13:37:50,50.4,0.0,1,5040,卖盘
13:38:44,50.4,0.0,1,5040,卖盘
13:38:50,50.4,0.0,1,5040,卖盘
13:39:11,50.4,0.0,1,5040,卖盘
13:39:20,50.4,0.0,1,5040,卖盘
13:39:23,50.4,0.0,1,5040,卖盘
13:39:29,50.4,0.0,2,10080,卖盘
13:40:02,50.4,0.0,6,30240,卖盘
13:40:08,50.4,0.0,1,5040,卖盘
13:40:59,50.4,0.0,1,5040,卖盘
13:41:56,50.4,0.0,2,10080,卖盘
13:41:59,50.4,0.0,18,90720,卖盘
13:42:02,50.4,0.0,1,5040,卖盘
13:42:20,50.4,0.0,1,5040,卖盘
13:42:38,50.4,0.0,40,201600,卖盘
13:42:56,50.4,0.0,1,5040,卖盘
13:42:59,50.4,0.0,1,5040,卖盘
13:43:05,50.4,0.0,3,15120,卖盘
13:43:11,50.4,0.0,1,5040,卖盘
13:43:23,50.4,0.0,1,5040,卖盘
13:44:11,50.4,0.0,1,5040,卖盘
13:44:50,50.4,0.0,1,5040,卖盘
13:45:05,50.4,0.0,3,15120,卖盘
13:45:11,50.4,0.0,5,25200,卖盘
13:45:47,50.4,0.0,1,5040,卖盘
13:47:08,50.4,0.0,2,10080,卖盘
13:47:11,50.4,0.0,1,5040,卖盘
13:47:20,50.4,0.0,1,5040,卖盘
13:47:23,50.4,0.0,2,10080,卖盘
13:47:50,50.4,0.0,2,10080,卖盘
13:47:56,50.4,0.0,4,20160,卖盘
13:48:47,50.4,0.0,1,5040,卖盘
13:50:17,50.4,0.0,4,20160,卖盘
13:50:23,50.4,0.0,1,5040,卖盘
13:50:38,50.4,0.0,1,5040,卖盘
13:50:44,50.4,0.0,1,5040,卖盘
13:51:14,50.4,0.0,1,5040,卖盘
13:51:26,50.4,0.0,19,95760,卖盘
13:51:38,50.4,0.0,1,5040,卖盘
13:51:56,50.4,0.0,1,5040,卖盘
13:52:20,50.4,0.0,1,5040,卖盘
13:52:26,50.4,0.0,1,5040,卖盘
13:52:38,50.4,0.0,9,45360,卖盘
13:53:11,50.4,0.0,1,5040,卖盘
13:54:02,50.4,0.0,32,161280,卖盘
13:54:20,50.4,0.0,1,5040,卖盘
13:54:26,50.4,0.0,2,10080,卖盘
13:54:29,50.4,0.0,1,5040,卖盘
13:54:38,50.4,0.0,7,35280,卖盘
13:55:05,50.4,0.0,4,20160,卖盘
13:55:56,50.4,0.0,1,5040,卖盘
13:56:02,50.4,0.0,1,5040,卖盘
13:56:50,50.4,0.0,2,10080,卖盘
13:56:53,50.4,0.0,1,5040,卖盘
13:56:56,50.4,0.0,1,5040,卖盘
13:57:44,50.4,0.0,1,5040,卖盘
13:58:26,50.4,0.0,1,5040,卖盘
13:58:38,50.4,0.0,1,5040,卖盘
13:59:02,50.4,0.0,1,5040,卖盘
13:59:08,50.4,0.0,1,5040,卖盘
13:59:29,50.4,0.0,30,151200,卖盘
13:59:32,50.4,0.0,1,5040,卖盘
13:59:50,50.4,0.0,1,5040,卖盘
14:00:08,50.4,0.0,1,5040,卖盘
14:00:17,50.4,0.0,3,15120,卖盘
14:00:41,50.4,0.0,5,25200,卖盘
14:01:08,50.4,0.0,1,5040,卖盘
14:01:14,50.4,0.0,1,5040,卖盘
14:01:17,50.4,0.0,1,5040,卖盘
14:02:08,50.4,0.0,1,5040,卖盘
14:02:29,50.4,0.0,1,5040,卖盘
14:02:38,50.4,0.0,1,5040,卖盘
14:02:56,50.4,0.0,2,10080,卖盘
14:02:59,50.4,0.0,1,5040,卖盘
14:03:02,50.4,0.0,1,5040,卖盘
14:03:08,50.4,0.0,1,5040,卖盘
14:03:14,50.4,0.0,1,5040,卖盘
14:03:20,50.4,0.0,5,25200,卖盘
14:03:35,50.4,0.0,5,25200,卖盘
14:04:08,50.4,0.0,5,25200,卖盘
14:04:14,50.4,0.0,1,5040,卖盘
14:04:29,50.4,0.0,1,5040,卖盘
14:04:47,50.4,0.0,1,5040,卖盘
14:05:08,50.4,0.0,5,25200,卖盘
14:05:26,50.4,0.0,1,5040,卖盘
14:05:38,50.4,0.0,1,5040,卖盘
14:05:59,50.4,0.0,3,15120,卖盘
14:06:08,50.4,0.0,1,5040,卖盘
14:06:11,50.4,0.0,1,5040,卖盘
14:06:26,50.4,0.0,1,5040,卖盘
14:06:29,50.4,0.0,1,5040,卖盘
14:07:29,50.4,0.0,1,5040,卖盘
14:07:59,50.4,0.0,2,10080,卖盘
14:08:08,50.4,0.0,1,5040,卖盘
14:08:11,50.4,0.0,1,5040,卖盘
14:08:23,50.4,0.0,2,10080,卖盘
14:08:41,50.4,0.0,4,20160,卖盘
14:09:08,50.4,0.0,1,5040,卖盘
14:09:11,50.4,0.0,1,5040,卖盘
14:09:38,50.4,0.0,6,30240,卖盘
14:09:56,50.4,0.0,1,5040,卖盘
14:09:59,50.4,0.0,1,5040,卖盘
14:10:05,50.4,0.0,4,20160,卖盘
14:10:08,50.4,0.0,1,5040,卖盘
14:10:20,50.4,0.0,1,5040,卖盘
14:11:23,50.4,0.0,5,25200,卖盘
14:11:41,50.4,0.0,1,5040,卖盘
14:12:08,50.4,0.0,1,5040,卖盘
14:12:20,50.4,0.0,2,10080,卖盘
14:12:29,50.4,0.0,1,5040,卖盘
14:13:08,50.4,0.0,1,5040,卖盘
14:13:26,50.4,0.0,2,10080,卖盘
14:13:29,50.4,0.0,1,5040,卖盘
14:14:08,50.4,0.0,1,5040,卖盘
14:14:11,50.4,0.0,1,5040,卖盘
14:14:35,50.4,0.0,3,15120,卖盘
14:15:08,50.4,0.0,1,5040,卖盘
14:15:11,50.4,0.0,3,15120,卖盘
14:15:29,50.4,0.0,1,5040,卖盘
14:15:47,50.4,0.0,6,30240,卖盘
14:16:08,50.4,0.0,1,5040,卖盘
14:16:35,50.4,0.0,2,10080,卖盘
14:16:50,50.4,0.0,1,5040,卖盘
14:17:08,50.4,0.0,1,5040,卖盘
14:17:20,50.4,0.0,1,5040,卖盘
14:17:23,50.4,0.0,1,5040,卖盘
14:18:02,50.4,0.0,1,5040,卖盘
14:18:05,50.4,0.0,1,5040,卖盘
14:18:38,50.4,0.0,1,5040,卖盘
14:18:41,50.4,0.0,4,20160,卖盘
14:19:08,50.4,0.0,1,5040,卖盘
14:19:23,50.4,0.0,2,10080,卖盘
14:19:32,50.4,0.0,2,10080,卖盘
14:20:02,50.4,0.0,4,20160,卖盘
14:20:08,50.4,0.0,1,5040,卖盘
14:20:17,50.4,0.0,1,5040,卖盘
14:20:20,50.4,0.0,2,10080,卖盘
14:20:41,50.4,0.0,1,5040,卖盘
14:20:53,50.4,0.0,1,5040,卖盘
14:21:08,50.4,0.0,1,5040,卖盘
14:21:26,50.4,0.0,1,5040,卖盘
14:21:59,50.4,0.0,1,5040,卖盘
14:22:32,50.4,0.0,1,5040,卖盘
14:22:35,50.4,0.0,1,5040,卖盘
14:22:41,50.4,0.0,1,5040,卖盘
14:22:44,50.4,0.0,1,5040,卖盘
14:22:50,50.4,0.0,2,10080,卖盘
14:22:53,50.4,0.0,1,5040,卖盘
14:22:59,50.4,0.0,2,10080,卖盘
14:23:08,50.4,0.0,1,5040,卖盘
14:23:44,50.4,0.0,3,15120,卖盘
14:23:47,50.4,0.0,5,25200,卖盘
14:23:53,50.4,0.0,3,15120,卖盘
14:24:35,50.4,0.0,1,5040,卖盘
14:24:56,50.4,0.0,1,5040,卖盘
14:25:02,50.4,0.0,5,25200,卖盘
14:25:08,50.4,0.0,3,15120,卖盘
14:25:17,50.4,0.0,1,5040,卖盘
14:25:20,50.4,0.0,2,10080,卖盘
14:25:23,50.4,0.0,2,10080,卖盘
14:25:26,50.4,0.0,1,5040,卖盘
14:25:29,50.4,0.0,1,5040,卖盘
14:25:38,50.4,0.0,1,5040,卖盘
14:26:26,50.4,0.0,3,15120,卖盘
14:27:17,50.4,0.0,1,5040,卖盘
14:27:23,50.4,0.0,1,5040,卖盘
14:27:53,50.4,0.0,1,5040,卖盘
14:27:59,50.4,0.0,1,5040,卖盘
14:28:14,50.4,0.0,1,5040,卖盘
14:29:02,50.4,0.0,1,5040,卖盘
14:29:14,50.4,0.0,1,5040,卖盘
14:29:50,50.4,0.0,2,10080,卖盘
14:29:56,50.4,0.0,1,5040,卖盘
14:30:05,50.4,0.0,1,5040,卖盘
14:30:14,50.4,0.0,1,5040,卖盘
14:30:41,50.4,0.0,1,5040,卖盘
14:30:50,50.4,0.0,1,5040,卖盘
14:31:11,50.4,0.0,1,5040,卖盘
14:31:14,50.4,0.0,1,5040,卖盘
14:32:02,50.4,0.0,19,95760,卖盘
14:32:14,50.4,0.0,1,5040,卖盘
14:32:26,50.4,0.0,1,5040,卖盘
14:32:56,50.4,0.0,1,5040,卖盘
14:33:56,50.4,0.0,1,5040,卖盘
14:34:08,50.4,0.0,2,10080,卖盘
14:34:14,50.4,0.0,1,5040,卖盘
14:34:29,50.4,0.0,5,25200,卖盘
14:35:11,50.4,0.0,1,5040,卖盘
14:35:14,50.4,0.0,1,5040,卖盘
14:35:17,50.4,0.0,1,5040,卖盘
14:35:44,50.4,0.0,6,30240,卖盘
14:35:53,50.4,0.0,1,5040,卖盘
14:36:02,50.4,0.0,1,5040,卖盘
14:36:14,50.4,0.0,2,10080,卖盘
14:36:35,50.4,0.0,2,10080,卖盘
14:37:11,50.4,0.0,1,5040,卖盘
14:37:14,50.4,0.0,1,5040,卖盘
14:37:26,50.4,0.0,5,25200,卖盘
14:37:38,50.4,0.0,1,5040,卖盘
14:37:47,50.4,0.0,1,5040,卖盘
14:37:59,50.4,0.0,1,5040,卖盘
14:38:17,50.4,0.0,1,5040,卖盘
14:39:14,50.4,0.0,1,5040,卖盘
14:39:17,50.4,0.0,11,55440,卖盘
14:39:23,50.4,0.0,1,5040,卖盘
14:39:47,50.4,0.0,1,5040,卖盘
14:40:14,50.4,0.0,1,5040,卖盘
14:40:20,50.4,0.0,1,5040,卖盘
14:41:08,50.4,0.0,2,10080,卖盘
14:41:14,50.4,0.0,1,5040,卖盘
14:42:17,50.4,0.0,1,5040,卖盘
14:42:41,50.4,0.0,1,5040,卖盘
14:42:50,50.4,0.0,1,5040,卖盘
14:42:56,50.4,0.0,2,10080,卖盘
14:43:47,50.4,0.0,20,100800,卖盘
14:44:14,50.4,0.0,1,5040,卖盘
14:44:41,50.4,0.0,1,5040,卖盘
14:45:02,50.4,0.0,1,5040,卖盘
14:45:14,50.4,0.0,5,25200,卖盘
14:45:20,50.4,0.0,20,100800,卖盘
14:45:38,50.4,0.0,10,50400,卖盘
14:46:08,50.4,0.0,6,30240,卖盘
14:46:14,50.4,0.0,1,5040,卖盘
14:46:17,50.4,0.0,1,5040,卖盘
14:47:14,50.4,0.0,1,5040,卖盘
14:47:44,50.4,0.0,3,15120,卖盘
14:47:53,50.4,0.0,1,5040,卖盘
14:48:02,50.4,0.0,1,5040,卖盘
14:49:44,50.4,0.0,1,5040,卖盘
14:49:47,50.4,0.0,2,10080,卖盘
14:50:02,50.4,0.0,19,95760,卖盘
14:50:05,50.4,0.0,1,5040,卖盘
14:51:14,50.4,0.0,14,70560,卖盘
14:51:29,50.4,0.0,1,5040,卖盘
14:51:50,50.4,0.0,10,50400,卖盘
14:52:17,50.4,0.0,2,10080,卖盘
14:53:11,50.4,0.0,1,5040,卖盘
14:54:38,50.4,0.0,1,5040,卖盘
14:54:41,50.4,0.0,1,5040,卖盘
14:54:56,50.4,0.0,1,5040,卖盘
14:55:11,50.4,0.0,20,100800,卖盘
14:56:02,50.4,0.0,4,20160,卖盘
14:56:41,50.4,0.0,1,5040,卖盘
14:56:47,50.4,0.0,1,5040,卖盘
14:56:50,50.4,0.0,1,5040,卖盘
14:56:53,50.4,0.0,1,5040,卖盘
14:56:56,50.4,0.0,1,5040,卖盘
14:56:59,50.4,0.0,1,5040,卖盘
15:00:02,50.4,0.0,30,151200,卖盘
