成交时间,成交价格,价格变动,成交量,成交金额,性质
09:25:03,28.6,0.0,1103,3154580,卖盘
09:30:00,28.6,0.0,2,5720,卖盘
09:30:04,28.7,0.1,77,220802,买盘
09:30:06,28.71,0.01,103,295627,买盘
09:30:10,28.75,0.04,129,370804,买盘
09:30:12,28.71,-0.04,166,476797,卖盘
09:30:15,28.79,0.08,228,655161,买盘
09:30:18,28.8,0.01,123,353586,买盘
09:30:21,28.8,0.0,63,181493,卖盘
09:30:24,28.82,0.02,61,175714,中性盘
09:30:27,28.8,-0.02,163,469386,卖盘
09:30:30,28.82,0.02,71,204654,中性盘
09:30:33,28.78,-0.04,66,190175,卖盘
09:30:36,28.86,0.08,65,187512,买盘
09:30:39,28.82,-0.04,50,144288,卖盘
09:30:43,28.88,0.06,60,173169,买盘
09:30:45,28.86,-0.02,9,25993,卖盘
09:30:48,28.86,0.0,21,60745,卖盘
09:30:51,28.97,0.11,14,40488,买盘
09:30:54,28.87,-0.1,47,135953,卖盘
09:30:57,28.9,0.03,24,69325,买盘
09:31:00,28.9,0.0,26,75093,买盘
09:31:03,28.97,0.07,24,69401,买盘
09:31:06,28.97,0.0,38,109980,买盘
09:31:09,28.97,0.0,25,72383,买盘
09:31:12,28.99,0.02,128,370760,买盘
09:31:15,28.97,-0.02,69,199933,卖盘
09:31:18,28.96,-0.01,39,112776,买盘
09:31:21,28.9,-0.06,66,190796,卖盘
09:31:24,28.91,0.01,21,60742,中性盘
09:31:27,28.9,-0.01,68,196586,卖盘
09:31:30,28.9,0.0,51,147435,卖盘
09:31:33,28.9,0.0,334,965300,卖盘
09:31:36,28.87,-0.03,39,112619,卖盘
09:31:39,28.87,0.0,17,49079,卖盘
09:31:42,28.86,-0.01,28,80782,卖盘
09:31:45,28.82,-0.04,42,121044,卖盘
09:31:48,28.82,0.0,47,135466,卖盘
09:31:51,28.82,0.0,56,161437,卖盘
09:31:54,28.83,0.01,27,77849,中性盘
09:31:57,28.82,-0.01,53,152779,卖盘
09:32:00,28.86,0.04,94,271079,买盘
09:32:03,28.9,0.04,94,271440,买盘
09:32:06,28.87,-0.03,46,132905,卖盘
09:32:09,28.9,0.03,9,25989,中性盘
09:32:12,28.93,0.03,46,133003,买盘
09:32:15,28.94,0.01,24,69423,买盘
09:32:18,28.94,0.0,3,8684,卖盘
09:32:21,28.9,-0.04,135,390421,卖盘
09:32:24,28.99,0.09,73,211138,买盘
09:32:27,28.99,0.0,5,14491,买盘
09:32:33,29.0,0.01,62,179721,买盘
09:32:36,28.99,-0.01,109,316094,卖盘
09:32:39,29.0,0.01,36,104387,买盘
09:32:42,28.99,-0.01,20,57977,买盘
09:32:45,29.0,0.01,21,60882,买盘
09:32:48,29.0,0.0,49,142075,买盘
09:32:51,28.99,-0.01,52,150779,中性盘
09:32:54,29.0,0.01,41,118896,买盘
09:32:57,28.98,-0.02,104,301515,卖盘
09:33:00,29.0,0.02,56,162316,买盘
09:33:03,29.0,0.0,70,202930,买盘
09:33:06,29.0,0.0,45,130477,买盘
09:33:09,28.98,-0.02,47,136224,卖盘
09:33:12,28.96,-0.02,12,34776,卖盘
09:33:15,28.94,-0.02,124,358933,卖盘
09:33:18,28.89,-0.05,72,208125,卖盘
09:33:21,28.87,-0.02,18,51978,卖盘
09:33:24,28.86,-0.01,8,23094,卖盘
09:33:27,28.86,0.0,12,34606,买盘
09:33:30,28.83,-0.03,1,2883,中性盘
09:33:33,28.82,-0.01,27,77822,卖盘
09:33:36,28.82,0.0,35,100901,卖盘
09:33:39,28.83,0.01,27,77817,买盘
09:33:42,28.82,-0.01,135,389103,卖盘
09:33:45,28.82,0.0,32,92222,买盘
09:33:48,28.81,-0.01,10,28814,卖盘
09:33:51,28.82,0.01,54,155562,买盘
09:33:54,28.83,0.01,17,48983,卖盘
09:33:57,28.83,0.0,15,43232,中性盘
09:34:00,28.83,0.0,56,161526,买盘
09:34:03,28.83,0.0,19,54757,卖盘
09:34:06,28.8,-0.03,9,25934,卖盘
09:34:09,28.82,0.02,6,17296,中性盘
09:34:12,28.83,0.01,8,23064,买盘
09:34:15,28.8,-0.03,71,204653,卖盘
09:34:18,28.82,0.02,10,28826,中性盘
09:34:21,28.8,-0.02,39,112320,卖盘
09:34:24,28.8,0.0,40,115200,买盘
09:34:27,28.77,-0.03,40,115197,卖盘
09:34:30,28.77,0.0,5,14388,卖盘
09:34:33,28.86,0.09,259,746674,买盘
09:34:36,28.84,-0.02,76,218858,卖盘
09:34:39,28.77,-0.07,22,63366,卖盘
09:34:42,28.86,0.09,7,20190,买盘
09:34:45,28.81,-0.05,30,86455,卖盘
09:34:48,28.8,-0.01,41,118113,卖盘
09:34:51,28.81,0.01,30,86410,卖盘
09:34:54,28.78,-0.03,70,201663,卖盘
09:34:57,28.9,0.12,33,95149,买盘
09:35:00,28.81,-0.09,16,46097,卖盘
09:35:03,28.76,-0.05,68,195773,卖盘
09:35:06,28.75,-0.01,33,94879,卖盘
09:35:09,28.73,-0.02,10,28726,卖盘
09:35:12,28.72,-0.01,5,14364,卖盘
09:35:15,28.73,0.01,21,60323,买盘
09:35:18,28.72,-0.01,23,66073,卖盘
09:35:21,28.72,0.0,18,51709,卖盘
09:35:24,28.73,0.01,36,103452,中性盘
09:35:27,28.74,0.01,17,48838,买盘
09:35:30,28.72,-0.02,79,227086,卖盘
09:35:33,28.78,0.06,74,212542,买盘
09:35:36,28.73,-0.05,14,40247,卖盘
09:35:39,28.73,0.0,61,175259,卖盘
09:35:42,28.78,0.05,763,2195121,买盘
09:35:45,28.75,-0.03,21,60401,卖盘
09:35:48,28.78,0.03,12,34528,买盘
09:35:51,28.77,-0.01,6,17266,卖盘
09:35:54,28.78,0.01,53,152528,买盘
09:35:57,28.8,0.02,12,34540,买盘
09:36:00,28.81,0.01,7,20162,中性盘
09:36:03,28.89,0.08,34,98223,买盘
09:36:06,28.9,0.01,121,349531,买盘
09:36:09,28.88,-0.02,28,80896,卖盘
09:36:15,28.92,0.04,6,17355,卖盘
09:36:18,28.93,0.01,90,260767,卖盘
09:36:24,28.91,-0.02,74,213959,卖盘
09:36:27,28.93,0.02,130,375838,买盘
09:36:30,28.9,-0.03,69,199429,卖盘
09:36:33,28.86,-0.04,22,63528,卖盘
09:36:37,28.93,0.07,31,89680,买盘
09:36:39,28.93,0.0,30,86761,卖盘
09:36:42,28.92,-0.01,19,54918,卖盘
09:36:45,28.92,0.0,9,26020,买盘
09:36:48,28.92,0.0,25,72316,买盘
09:36:51,28.91,-0.01,3,8672,中性盘
09:36:54,28.92,0.01,7,20240,买盘
09:36:57,28.93,0.01,55,159028,买盘
09:37:00,28.92,-0.01,41,118611,中性盘
09:37:03,28.92,0.0,5,14461,卖盘
09:37:06,28.92,0.0,63,182077,买盘
09:37:09,28.85,-0.07,73,210771,卖盘
09:37:12,28.82,-0.03,23,66286,卖盘
09:37:15,28.88,0.06,18,51901,买盘
09:37:18,28.84,-0.04,67,193098,买盘
09:37:21,28.8,-0.04,116,334319,卖盘
09:37:24,28.81,0.01,2,5761,中性盘
09:37:27,28.8,-0.01,29,83562,卖盘
09:37:30,28.81,0.01,13,37446,买盘
09:37:33,28.8,-0.01,29,83543,卖盘
09:37:39,28.82,0.02,18,51860,中性盘
09:37:42,28.83,0.01,12,34580,买盘
09:37:45,28.81,-0.02,35,100841,卖盘
09:37:48,28.82,0.01,20,57659,中性盘
09:37:51,28.82,0.0,20,57651,卖盘
09:37:54,28.82,0.0,34,97988,卖盘
09:37:57,28.81,-0.01,10,28814,卖盘
09:38:00,28.88,0.07,12,34656,买盘
09:38:03,28.82,-0.06,6,17297,卖盘
09:38:06,28.83,0.01,28,80699,买盘
09:38:09,28.83,0.0,3,8649,卖盘
09:38:12,28.82,-0.01,60,172919,卖盘
09:38:15,28.82,0.0,5,14410,买盘
09:38:18,28.83,0.01,11,31707,买盘
09:38:21,28.82,-0.01,38,109570,卖盘
09:38:24,28.83,0.01,39,112467,卖盘
09:38:27,28.83,0.0,2,5766,卖盘
09:38:30,28.85,0.02,11,31715,中性盘
09:38:33,28.85,0.0,4,11538,卖盘
09:38:36,28.83,-0.02,89,256561,卖盘
09:38:39,28.82,-0.01,36,103757,卖盘
09:38:42,28.83,0.01,21,60538,买盘
09:38:45,28.82,-0.01,47,135459,卖盘
09:38:48,28.82,0.0,11,31703,卖盘
09:38:51,28.82,0.0,2,5765,卖盘
09:38:54,28.84,0.02,24,69172,买盘
09:38:57,28.83,-0.01,10,28822,买盘
09:39:00,28.82,-0.01,33,95118,卖盘
09:39:03,28.82,0.0,12,34589,卖盘
09:39:06,28.79,-0.03,327,942026,卖盘
09:39:09,28.78,-0.01,66,189947,卖盘
09:39:12,28.78,0.0,2,5756,买盘
09:39:15,28.78,0.0,36,103595,买盘
09:39:18,28.79,0.01,23,66190,买盘
09:39:21,28.78,-0.01,6,17266,卖盘
09:39:24,28.77,-0.01,23,66171,卖盘
09:39:27,28.76,-0.01,18,51774,卖盘
09:39:30,28.76,0.0,36,103538,卖盘
09:39:33,28.75,-0.01,12,34500,卖盘
09:39:36,28.75,0.0,9,25869,买盘
09:39:39,28.73,-0.02,26,74742,卖盘
09:39:42,28.73,0.0,21,60340,卖盘
09:39:45,28.73,0.0,23,66067,卖盘
09:39:51,28.71,-0.02,39,112001,卖盘
09:39:54,28.71,0.0,61,175149,卖盘
09:39:57,28.71,0.0,16,45936,卖盘
09:40:00,28.71,0.0,13,37323,买盘
09:40:03,28.66,-0.05,178,510622,卖盘
09:40:06,28.65,-0.01,17,48709,卖盘
09:40:09,28.65,0.0,4,11462,卖盘
09:40:12,28.63,-0.02,1,2863,卖盘
09:40:15,28.63,0.0,34,97396,卖盘
09:40:18,28.67,0.04,260,745214,买盘
09:40:21,28.71,0.04,108,309995,买盘
09:40:24,28.7,-0.01,44,126322,卖盘
09:40:27,28.71,0.01,27,77502,买盘
09:40:30,28.7,-0.01,21,60290,卖盘
09:40:33,28.7,0.0,12,34445,卖盘
09:40:36,28.7,0.0,19,54530,卖盘
09:40:39,28.7,0.0,14,40183,卖盘
09:40:42,28.69,-0.01,7,20087,卖盘
09:40:45,28.7,0.01,2,5739,买盘
09:40:48,28.7,0.0,20,57383,买盘
09:40:51,28.7,0.0,25,71751,买盘
09:40:54,28.71,0.01,40,114791,买盘
09:40:57,28.7,-0.01,25,71752,卖盘
09:41:01,28.71,0.01,8,22961,买盘
09:41:03,28.71,0.0,37,106208,买盘
09:41:07,28.72,0.01,115,330081,买盘
09:41:09,28.69,-0.03,75,215310,卖盘
09:41:12,28.71,0.02,17,48831,中性盘
09:41:15,28.69,-0.02,28,80344,卖盘
09:41:18,28.73,0.04,28,80442,买盘
09:41:21,28.71,-0.02,23,66066,卖盘
09:41:24,28.69,-0.02,56,160765,卖盘
09:41:27,28.73,0.04,71,203822,买盘
09:41:30,28.77,0.04,2,5754,买盘
09:41:36,28.77,0.0,21,60444,买盘
09:41:39,28.77,0.0,8,23028,卖盘
09:41:42,28.77,0.0,14,40278,卖盘
09:41:45,28.77,0.0,3,8631,卖盘
09:41:48,28.78,0.01,16,46042,中性盘
09:41:54,28.77,-0.01,10,28775,卖盘
09:41:57,28.77,0.0,1,2877,买盘
09:42:00,28.77,0.0,11,31647,买盘
09:42:06,28.77,0.0,10,28770,买盘
09:42:09,28.77,0.0,3,8632,卖盘
09:42:12,28.74,-0.03,16,45996,卖盘
09:42:18,28.71,-0.03,60,172298,卖盘
09:42:21,28.73,0.02,7,20111,中性盘
09:42:24,28.74,0.01,3,8622,买盘
09:42:27,28.73,-0.01,5,14367,卖盘
09:42:30,28.75,0.02,27,77587,买盘
09:42:33,28.76,0.01,72,207041,买盘
09:42:36,28.75,-0.01,24,69005,卖盘
09:42:39,28.77,0.02,10,28773,买盘
09:42:42,28.77,0.0,26,74809,卖盘
09:42:45,28.77,0.0,6,17262,卖盘
09:42:48,28.77,0.0,4,11508,买盘
09:42:51,28.76,-0.01,23,66163,卖盘
09:42:54,28.76,0.0,53,152383,买盘
09:42:57,28.77,0.01,47,135180,买盘
09:43:00,28.78,0.01,8,23018,买盘
09:43:03,28.82,0.04,151,434954,买盘
09:43:06,28.8,-0.02,93,268049,卖盘
09:43:09,28.81,0.01,11,31724,中性盘
09:43:12,28.86,0.05,22,63492,买盘
09:43:15,28.83,-0.03,35,100985,中性盘
09:43:18,28.82,-0.01,48,138468,卖盘
09:43:21,28.83,0.01,1,2883,中性盘
09:43:30,28.88,0.05,3,8664,买盘
09:43:33,28.88,0.0,3,8664,买盘
09:43:36,28.88,0.0,1,2888,卖盘
09:43:39,28.9,0.02,2,5779,买盘
09:43:42,28.9,0.0,10,28900,买盘
09:43:45,28.9,0.0,7,20230,买盘
09:43:48,28.9,0.0,8,23114,买盘
09:43:51,28.89,-0.01,11,31785,卖盘
09:43:54,28.9,0.01,12,34675,买盘
09:43:57,28.9,0.0,2,5779,买盘
09:44:00,28.9,0.0,66,190740,买盘
09:44:03,28.9,0.0,33,95367,买盘
09:44:06,28.9,0.0,5,14450,卖盘
09:44:09,28.86,-0.04,184,531628,卖盘
09:44:12,28.85,-0.01,12,34623,中性盘
09:44:18,28.85,0.0,5,14421,买盘
09:44:21,28.85,0.0,12,34618,买盘
09:44:24,28.85,0.0,12,34600,买盘
09:44:27,28.83,-0.02,20,57660,卖盘
09:44:30,28.83,0.0,8,23064,买盘
09:44:33,28.85,0.02,15,43254,买盘
09:44:36,28.82,-0.03,27,77836,卖盘
09:44:39,28.83,0.01,7,20187,中性盘
09:44:45,28.83,0.0,1,2883,卖盘
09:44:48,28.83,0.0,16,46130,卖盘
09:44:51,28.83,0.0,6,17298,卖盘
09:44:54,28.85,0.02,8,23080,买盘
09:44:57,28.85,0.0,7,20191,买盘
09:45:00,28.82,-0.03,52,149953,卖盘
09:45:03,28.82,0.0,7,20174,卖盘
09:45:06,28.83,0.01,4,11533,中性盘
09:45:09,28.82,-0.01,24,69176,卖盘
09:45:12,28.82,0.0,31,89342,买盘
09:45:15,28.81,-0.01,12,34576,卖盘
09:45:18,28.82,0.01,18,51860,中性盘
09:45:21,28.82,0.0,19,54757,买盘
09:45:24,28.85,0.03,69,199008,买盘
09:45:27,28.87,0.02,12,34622,买盘
09:45:30,28.88,0.01,23,66427,买盘
09:45:33,28.92,0.04,51,147385,买盘
09:45:36,28.92,0.0,14,40485,买盘
09:45:39,28.92,0.0,5,14460,买盘
09:45:42,28.93,0.01,7,20246,买盘
09:45:45,28.93,0.0,1,2893,买盘
09:45:48,28.92,-0.01,6,17354,卖盘
09:45:51,28.93,0.01,12,34716,买盘
09:45:54,28.93,0.0,10,28930,卖盘
09:45:57,28.93,0.0,23,66539,卖盘
09:46:00,28.96,0.03,15,43440,买盘
09:46:03,28.96,0.0,9,26049,中性盘
09:46:06,28.91,-0.05,307,887785,卖盘
09:46:09,28.91,0.0,17,49147,买盘
09:46:12,28.97,0.06,19,54968,买盘
09:46:18,28.92,-0.05,45,130170,卖盘
09:46:21,28.88,-0.04,49,141567,卖盘
09:46:24,28.88,0.0,16,46208,买盘
09:46:27,28.88,0.0,24,69312,买盘
09:46:30,28.87,-0.01,12,34648,卖盘
09:46:33,28.87,0.0,15,43310,买盘
09:46:36,28.86,-0.01,22,63502,卖盘
09:46:39,28.86,0.0,2,5772,买盘
09:46:45,28.85,-0.01,17,49045,卖盘
09:46:48,28.85,0.0,11,31734,买盘
09:46:51,28.86,0.01,51,147173,买盘
09:46:54,28.88,0.02,13,37541,买盘
09:46:57,28.87,-0.01,112,323219,中性盘
09:47:00,28.88,0.01,11,31768,买盘
09:47:03,28.85,-0.03,44,127027,卖盘
09:47:06,28.83,-0.02,3,8655,卖盘
09:47:15,28.86,0.03,15,43280,买盘
09:47:18,28.86,0.0,11,31744,买盘
09:47:21,28.86,0.0,14,40404,买盘
09:47:24,28.86,0.0,3,8658,卖盘
09:47:27,28.87,0.01,10,28861,买盘
09:47:30,28.86,-0.01,12,34632,卖盘
09:47:33,28.84,-0.02,38,109622,卖盘
09:47:36,28.84,0.0,41,118296,卖盘
09:47:39,28.84,0.0,8,23072,卖盘
09:47:42,28.84,0.0,14,40384,卖盘
09:47:45,28.85,0.01,6,17306,买盘
09:47:48,28.85,0.0,86,248183,买盘
09:47:51,28.84,-0.01,53,152903,卖盘
09:47:54,28.84,0.0,1,2884,买盘
09:47:57,28.83,-0.01,3,8649,卖盘
09:48:00,28.83,0.0,82,236534,卖盘
09:48:03,28.83,0.0,12,34596,卖盘
09:48:06,28.83,0.0,5,14415,买盘
09:48:09,28.9,0.07,195,562780,买盘
09:48:12,28.9,0.0,6,17340,买盘
09:48:15,28.88,-0.02,10,28884,卖盘
09:48:18,28.9,0.02,17,49106,买盘
09:48:24,28.91,0.01,34,98290,买盘
09:48:27,28.91,0.0,2,5782,卖盘
09:48:30,28.9,-0.01,8,23128,卖盘
09:48:33,28.98,0.08,45,130367,买盘
09:48:42,28.99,0.01,25,72472,买盘
09:48:45,29.0,0.01,55,159416,买盘
09:48:48,28.95,-0.05,6,17370,买盘
09:48:51,28.9,-0.05,74,214416,卖盘
09:48:54,29.0,0.1,19,55100,买盘
09:48:57,29.0,0.0,55,159498,买盘
09:49:00,29.0,0.0,17,49300,买盘
09:49:03,29.0,0.0,15,43500,卖盘
09:49:06,29.01,0.01,3,8703,买盘
09:49:09,29.01,0.0,80,232459,买盘
09:49:18,29.01,0.0,79,229484,卖盘
09:49:21,29.01,0.0,62,180186,卖盘
09:49:24,29.06,0.05,11,31966,中性盘
09:49:27,29.02,-0.04,9,26118,卖盘
09:49:30,29.06,0.04,14,40676,买盘
09:49:33,29.07,0.01,9,26161,买盘
09:49:36,29.07,0.0,14,40696,买盘
09:49:39,29.07,0.0,9,26158,买盘
09:49:42,29.05,-0.02,36,104554,卖盘
09:49:45,29.05,0.0,4,11620,买盘
09:49:48,29.05,0.0,37,107477,买盘
09:49:51,29.07,0.02,71,206337,买盘
09:49:57,29.1,0.03,104,302626,买盘
09:50:00,29.1,0.0,29,84351,买盘
09:50:03,29.12,0.02,105,305751,买盘
09:50:06,29.12,0.0,119,346522,买盘
09:50:09,29.15,0.03,38,110686,买盘
09:50:12,29.19,0.04,48,140055,买盘
09:50:15,29.2,0.01,34,99261,买盘
09:50:18,29.2,0.0,38,110960,买盘
09:50:21,29.23,0.03,216,630784,买盘
09:50:24,29.33,0.1,53,155350,买盘
09:50:27,29.26,-0.07,26,76098,卖盘
09:50:30,29.33,0.07,5,14665,中性盘
09:50:33,29.35,0.02,71,208188,买盘
09:50:36,29.26,-0.09,148,433348,卖盘
09:50:39,29.26,0.0,67,196061,买盘
09:50:42,29.28,0.02,52,152288,买盘
09:50:45,29.29,0.01,15,43935,买盘
09:50:48,29.29,0.0,33,96637,买盘
09:50:51,29.3,0.01,66,193370,中性盘
09:50:54,29.29,-0.01,44,128908,卖盘
09:50:57,29.26,-0.03,170,497747,卖盘
09:51:00,29.23,-0.03,79,231092,卖盘
09:51:03,29.25,0.02,20,58496,中性盘
09:51:06,29.25,0.0,163,476673,买盘
09:51:09,29.26,0.01,34,99450,买盘
09:51:12,29.26,0.0,93,272240,卖盘
09:51:15,29.25,-0.01,207,605751,卖盘
09:51:18,29.25,0.0,202,591475,买盘
09:51:21,29.26,0.01,60,175753,买盘
09:51:24,29.3,0.04,50,146597,买盘
09:51:30,29.36,0.06,27,79244,买盘
09:51:33,29.3,-0.06,37,108521,卖盘
09:51:36,29.39,0.09,20,58741,买盘
09:51:39,29.36,-0.03,106,311280,卖盘
09:51:42,29.38,0.02,172,504311,买盘
09:51:45,29.38,0.0,180,528501,买盘
09:51:48,29.36,-0.02,64,187953,买盘
09:51:51,29.38,0.02,200,587394,买盘
09:51:54,29.38,0.0,55,161674,卖盘
09:51:57,29.4,0.02,60,176366,买盘
09:52:00,29.4,0.0,60,176308,买盘
09:52:03,29.34,-0.06,162,475669,卖盘
09:52:06,29.28,-0.06,119,348742,卖盘
09:52:09,29.28,0.0,10,29280,买盘
09:52:12,29.27,-0.01,87,254823,卖盘
09:52:15,29.26,-0.01,32,93640,卖盘
09:52:18,29.24,-0.02,48,140394,卖盘
09:52:21,29.22,-0.02,50,146140,卖盘
09:52:24,29.25,0.03,7,20465,买盘
09:52:27,29.27,0.02,105,307140,买盘
09:52:30,29.22,-0.05,20,58468,卖盘
09:52:33,29.22,0.0,2,5844,卖盘
09:52:36,29.25,0.03,7,20475,中性盘
09:52:39,29.2,-0.05,59,172414,卖盘
09:52:42,29.2,0.0,89,259924,卖盘
09:52:45,29.23,0.03,40,116954,买盘
09:52:48,29.22,-0.01,43,125609,卖盘
09:52:51,29.2,-0.02,49,143167,卖盘
09:52:54,29.22,0.02,8,23375,买盘
09:52:57,29.22,0.0,8,23376,卖盘
09:53:00,29.23,0.01,38,111001,买盘
09:53:03,29.22,-0.01,6,17532,卖盘
09:53:06,29.22,0.0,21,61358,买盘
09:53:09,29.22,0.0,28,81781,买盘
09:53:12,29.23,0.01,41,119803,买盘
09:53:15,29.23,0.0,19,55537,卖盘
09:53:18,29.23,0.0,5,14616,卖盘
09:53:21,29.25,0.02,68,198895,买盘
09:53:24,29.25,0.0,24,70243,卖盘
09:53:27,29.25,0.0,20,58532,卖盘
09:53:30,29.27,0.02,52,152188,卖盘
09:53:33,29.28,0.01,108,315989,买盘
09:53:36,29.25,-0.03,45,131602,中性盘
09:53:39,29.22,-0.03,12,35093,卖盘
09:53:42,29.23,0.01,58,169730,中性盘
09:53:45,29.23,0.0,2,5846,买盘
09:53:48,29.22,-0.01,37,108127,卖盘
09:53:51,29.23,0.01,28,81840,中性盘
09:53:54,29.24,0.01,15,43859,买盘
09:54:03,29.24,0.0,19,55566,卖盘
09:54:06,29.23,-0.01,108,315781,卖盘
09:54:09,29.2,-0.03,60,175296,卖盘
09:54:12,29.21,0.01,87,254089,买盘
09:54:15,29.2,-0.01,81,236675,卖盘
09:54:18,29.2,0.0,7,20440,卖盘
09:54:21,29.2,0.0,26,75945,卖盘
09:54:24,29.2,0.0,37,108063,卖盘
09:54:27,29.19,-0.01,20,58397,卖盘
09:54:30,29.19,0.0,18,52553,卖盘
09:54:33,29.19,0.0,1,2919,买盘
09:54:36,29.18,-0.01,6,17508,卖盘
09:54:39,29.18,0.0,4,11672,中性盘
09:54:45,29.16,-0.02,13,37908,卖盘
09:54:48,29.16,0.0,1,2916,卖盘
09:54:51,29.13,-0.03,38,110861,卖盘
09:54:54,29.18,0.05,3,8754,买盘
09:54:57,29.13,-0.05,9,26217,卖盘
09:55:00,29.13,0.0,1,2913,卖盘
09:55:03,29.14,0.01,10,29147,中性盘
09:55:06,29.13,-0.01,64,186433,卖盘
09:55:09,29.11,-0.02,81,235873,卖盘
09:55:12,29.11,0.0,82,238726,卖盘
09:55:15,29.13,0.02,46,134039,买盘
09:55:18,29.13,0.0,2,5826,卖盘
09:55:21,29.13,0.0,2,5826,卖盘
09:55:24,29.15,0.02,160,466114,买盘
09:55:27,29.15,0.0,44,128424,卖盘
09:55:30,29.15,0.0,14,40801,卖盘
09:55:33,29.18,0.03,19,55442,卖盘
09:55:36,29.13,-0.05,31,90385,卖盘
09:55:39,29.12,-0.01,6,17473,卖盘
09:55:43,29.13,0.01,1,2913,买盘
09:55:45,29.13,0.0,7,20389,买盘
09:55:48,29.1,-0.03,106,308501,卖盘
09:55:51,29.11,0.01,7,20376,买盘
09:55:54,29.1,-0.01,28,81512,卖盘
09:55:57,29.1,0.0,100,290988,卖盘
09:56:00,29.09,-0.01,8,23270,中性盘
09:56:03,29.1,0.01,33,96007,买盘
09:56:06,29.1,0.0,64,186236,买盘
09:56:09,29.11,0.01,5,14551,买盘
09:56:12,29.13,0.02,17,49489,买盘
09:56:15,29.13,0.0,7,20375,中性盘
09:56:24,29.18,0.05,89,259609,买盘
09:56:27,29.18,0.0,13,37934,卖盘
09:56:30,29.19,0.01,35,102144,买盘
09:56:33,29.13,-0.06,20,58353,卖盘
09:56:36,29.13,0.0,8,23324,卖盘
09:56:39,29.15,0.02,4,11660,卖盘
09:56:42,29.16,0.01,7,20412,买盘
09:56:45,29.16,0.0,11,32076,买盘
09:56:51,29.16,0.0,3,8751,卖盘
09:56:54,29.17,0.01,3,8751,中性盘
09:56:57,29.18,0.01,3,8753,买盘
09:57:00,29.18,0.0,103,300466,买盘
09:57:03,29.18,0.0,23,67114,买盘
09:57:06,29.23,0.05,33,96390,买盘
09:57:09,29.18,-0.05,15,43772,卖盘
09:57:12,29.14,-0.04,149,434473,卖盘
09:57:15,29.13,-0.01,88,256358,卖盘
09:57:18,29.13,0.0,2,5826,买盘
09:57:21,29.15,0.02,61,177898,买盘
09:57:27,29.14,-0.01,131,382715,卖盘
09:57:30,29.13,-0.01,63,183640,卖盘
09:57:33,29.13,0.0,25,72835,卖盘
09:57:36,29.13,0.0,1,2913,卖盘
09:57:40,29.14,0.01,15,43708,买盘
09:57:42,29.13,-0.01,44,128192,卖盘
09:57:45,29.13,0.0,32,93216,卖盘
09:57:48,29.13,0.0,34,99068,卖盘
09:57:51,29.13,0.0,1,2913,卖盘
09:57:54,29.15,0.02,14,40801,买盘
09:57:57,29.13,-0.02,3,8739,卖盘
09:58:03,29.13,0.0,6,17483,卖盘
09:58:06,29.15,0.02,27,78663,买盘
09:58:09,29.14,-0.01,2,5828,买盘
09:58:12,29.13,-0.01,73,212728,卖盘
09:58:15,29.14,0.01,145,422936,卖盘
09:58:18,29.17,0.03,3,8751,买盘
09:58:21,29.15,-0.02,3,8745,卖盘
09:58:24,29.21,0.06,42,122576,买盘
09:58:27,29.17,-0.04,19,55473,卖盘
09:58:30,29.23,0.06,13,37991,买盘
09:58:33,29.23,0.0,3,8769,买盘
09:58:36,29.23,0.0,13,37999,买盘
09:58:39,29.18,-0.05,6,17533,卖盘
09:58:42,29.23,0.05,10,29230,买盘
09:58:45,29.24,0.01,29,84755,买盘
09:58:48,29.25,0.01,11,32167,买盘
09:58:51,29.25,0.0,3,8775,买盘
09:58:54,29.26,0.01,12,35111,买盘
09:58:57,29.27,0.01,12,35122,买盘
09:59:00,29.29,0.02,22,64424,买盘
09:59:03,29.27,-0.02,22,64425,中性盘
09:59:06,29.3,0.03,124,363320,买盘
09:59:09,29.36,0.06,31,90987,买盘
09:59:12,29.36,0.0,4,11744,买盘
09:59:15,29.36,0.0,103,302730,买盘
09:59:18,29.36,0.0,4,11746,卖盘
09:59:21,29.36,0.0,21,61658,卖盘
09:59:24,29.34,-0.02,106,311079,卖盘
09:59:27,29.36,0.02,28,82137,买盘
09:59:30,29.3,-0.06,125,366695,卖盘
09:59:33,29.36,0.06,106,311048,买盘
09:59:36,29.31,-0.05,35,102528,中性盘
09:59:39,29.32,0.01,142,416238,买盘
09:59:43,29.32,0.0,70,205433,买盘
09:59:45,29.33,0.01,9,26402,中性盘
09:59:48,29.32,-0.01,14,41048,卖盘
09:59:51,29.38,0.06,163,478579,买盘
09:59:54,29.35,-0.03,68,199696,买盘
09:59:57,29.38,0.03,56,164297,买盘
10:00:00,29.38,0.0,17,49930,买盘
10:00:03,29.38,0.0,18,52872,买盘
10:00:06,29.33,-0.05,82,240648,卖盘
10:00:09,29.37,0.04,97,284772,买盘
10:00:12,29.39,0.02,112,328930,买盘
10:00:15,29.58,0.19,513,1512729,买盘
10:00:18,29.83,0.25,554,1645872,买盘
10:00:21,29.98,0.15,198,592251,买盘
10:00:24,30.0,0.02,365,1094876,买盘
10:00:27,30.07,0.07,239,717673,买盘
10:00:30,30.1,0.03,137,412613,买盘
10:00:33,30.1,0.0,177,532753,卖盘
10:00:36,30.1,0.0,300,902800,卖盘
10:00:39,29.99,-0.11,416,1248728,卖盘
10:00:42,29.99,0.0,259,776889,买盘
10:00:45,30.04,0.05,209,627092,买盘
10:00:48,29.99,-0.05,151,452905,卖盘
10:00:51,30.08,0.09,262,786204,买盘
10:00:54,30.05,-0.03,752,2261927,中性盘
10:00:57,30.08,0.03,233,700094,买盘
10:01:00,30.05,-0.03,187,562141,买盘
10:01:03,30.04,-0.01,80,240292,卖盘
10:01:06,29.99,-0.05,511,1531864,卖盘
10:01:09,29.86,-0.13,54,161600,中性盘
10:01:12,29.86,0.0,122,364462,卖盘
10:01:15,29.77,-0.09,215,642697,卖盘
10:01:18,29.8,0.03,45,133933,买盘
10:01:21,29.8,0.0,40,119085,卖盘
10:01:24,29.84,0.04,193,575353,买盘
10:01:27,29.8,-0.04,173,515281,卖盘
10:01:30,29.71,-0.09,121,360179,卖盘
10:01:34,29.8,0.09,177,528214,买盘
10:01:36,29.8,0.0,148,441415,卖盘
10:01:39,29.8,0.0,82,244559,卖盘
10:01:42,29.8,0.0,130,387828,买盘
10:01:45,29.79,-0.01,10,29798,中性盘
10:01:48,29.78,-0.01,467,1392830,卖盘
10:01:51,29.8,0.02,118,351500,买盘
10:01:54,29.79,-0.01,214,637533,卖盘
10:01:57,29.8,0.01,49,146034,买盘
10:02:00,29.81,0.01,53,158173,卖盘
10:02:03,29.85,0.04,270,807184,中性盘
10:02:06,29.8,-0.05,113,337055,卖盘
10:02:09,29.82,0.02,151,451258,中性盘
10:02:12,29.88,0.06,182,543139,买盘
10:02:15,29.83,-0.05,180,536646,买盘
10:02:18,29.88,0.05,172,513457,买盘
10:02:21,29.88,0.0,194,579479,买盘
10:02:24,29.88,0.0,248,739858,买盘
10:02:27,29.93,0.05,95,283936,买盘
10:02:30,29.89,-0.04,52,155724,中性盘
10:02:34,29.91,0.02,367,1101391,卖盘
10:02:36,30.0,0.09,238,715180,中性盘
10:02:39,29.93,-0.07,256,767408,卖盘
10:02:42,30.0,0.07,295,884805,买盘
10:02:45,30.03,0.03,288,864539,买盘
10:02:48,30.03,0.0,137,410746,买盘
10:02:51,29.93,-0.1,378,1132926,卖盘
10:02:54,29.99,0.06,108,323512,买盘
10:02:57,30.0,0.01,278,834087,买盘
10:03:00,30.04,0.04,364,1094597,买盘
10:03:03,30.04,0.0,351,1056990,卖盘
10:03:06,30.05,0.01,207,624714,中性盘
10:03:09,30.21,0.16,272,819375,买盘
10:03:12,30.25,0.04,211,638001,买盘
10:03:15,30.28,0.03,367,1109840,买盘
10:03:18,30.28,0.0,368,1114005,卖盘
10:03:21,30.28,0.0,387,1171838,卖盘
10:03:24,30.25,-0.03,281,850055,中性盘
10:03:27,30.26,0.01,689,2075935,买盘
10:03:30,30.27,0.01,241,729327,中性盘
10:03:33,30.27,0.0,675,2044011,卖盘
10:03:36,30.27,0.0,348,1052353,卖盘
10:03:39,30.27,0.0,153,463073,买盘
10:03:42,30.27,0.0,191,578213,买盘
10:03:45,30.32,0.05,716,2170001,买盘
10:03:48,30.38,0.06,169,512757,买盘
10:03:51,30.4,0.02,117,355482,买盘
10:03:54,30.42,0.02,164,498424,买盘
10:03:57,30.43,0.01,429,1304691,买盘
10:04:00,30.45,0.02,222,675520,买盘
10:04:04,30.5,0.05,225,685083,买盘
10:04:06,30.5,0.0,443,1350272,买盘
10:04:09,30.5,0.0,437,1333154,买盘
10:04:12,30.46,-0.04,529,1613500,卖盘
10:04:15,30.29,-0.17,557,1693931,卖盘
10:04:18,30.29,0.0,181,549359,卖盘
10:04:22,30.2,-0.09,90,272612,中性盘
10:04:24,30.29,0.09,106,320221,买盘
10:04:27,30.1,-0.19,32,96284,中性盘
10:04:30,30.01,-0.09,89,267558,卖盘
10:04:33,30.06,0.05,83,249305,买盘
10:04:37,30.1,0.04,124,372492,买盘
10:04:39,30.06,-0.04,112,337646,卖盘
10:04:42,30.1,0.04,47,141909,卖盘
10:04:45,30.11,0.01,156,472063,中性盘
10:04:48,30.27,0.16,37,111876,买盘
10:04:51,30.12,-0.15,315,953351,卖盘
10:04:54,30.29,0.17,118,356847,买盘
10:04:57,30.29,0.0,51,154327,买盘
10:05:00,30.25,-0.04,154,465887,卖盘
10:05:03,30.25,0.0,52,157125,买盘
10:05:07,30.18,-0.07,152,459153,中性盘
10:05:10,30.12,-0.06,127,382806,卖盘
10:05:12,30.13,0.01,95,286158,中性盘
10:05:15,30.13,0.0,45,135552,买盘
10:05:18,30.2,0.07,120,361974,买盘
10:05:21,30.12,-0.08,241,727066,卖盘
10:05:24,30.12,0.0,83,250209,卖盘
10:05:27,30.21,0.09,270,815756,买盘
10:05:30,30.17,-0.04,365,1104997,卖盘
10:05:33,30.21,0.04,82,247918,买盘
10:05:36,30.27,0.06,119,360276,中性盘
10:05:39,30.27,0.0,114,345450,卖盘
10:05:43,30.33,0.06,60,181865,买盘
10:05:45,30.36,0.03,144,437126,中性盘
10:05:48,30.42,0.06,243,738652,买盘
10:05:51,30.4,-0.02,81,246101,卖盘
10:05:54,30.36,-0.04,110,334267,卖盘
10:05:57,30.36,0.0,135,409909,卖盘
10:06:00,30.31,-0.05,136,413263,卖盘
10:06:03,30.27,-0.04,93,281757,卖盘
10:06:06,30.27,0.0,76,230212,卖盘
10:06:09,30.26,-0.01,101,305461,中性盘
10:06:12,30.2,-0.06,68,205492,卖盘
10:06:16,30.13,-0.07,55,165928,卖盘
10:06:18,30.13,0.0,24,72417,卖盘
10:06:21,30.13,0.0,22,66288,卖盘
10:06:24,30.11,-0.02,181,545146,卖盘
10:06:27,30.11,0.0,191,575480,卖盘
10:06:30,30.11,0.0,93,280043,卖盘
10:06:33,30.13,0.02,182,548168,买盘
10:06:36,30.15,0.02,27,81405,中性盘
10:06:39,30.18,0.03,121,365123,买盘
10:06:42,30.18,0.0,122,368033,买盘
10:06:45,30.17,-0.01,65,196115,中性盘
10:06:48,30.17,0.0,94,283621,买盘
10:06:51,30.18,0.01,38,114653,买盘
10:06:54,30.17,-0.01,48,144842,卖盘
10:06:57,30.18,0.01,195,588815,买盘
10:07:00,30.18,0.0,183,553509,卖盘
10:07:03,30.27,0.09,373,1128968,买盘
10:07:06,30.36,0.09,285,864967,买盘
10:07:09,30.41,0.05,317,963457,买盘
10:07:12,30.37,-0.04,81,246246,中性盘
10:07:15,30.35,-0.02,64,194493,卖盘
10:07:18,30.35,0.0,78,236669,卖盘
10:07:21,30.3,-0.05,121,367582,卖盘
10:07:24,30.35,0.05,44,133582,中性盘
10:07:27,30.4,0.05,119,361780,买盘
10:07:30,30.43,0.03,162,492691,买盘
10:07:33,30.43,0.0,88,267712,买盘
10:07:36,30.42,-0.01,72,219020,卖盘
10:07:39,30.42,0.0,328,997308,中性盘
10:07:42,30.4,-0.02,73,221861,中性盘
10:07:45,30.37,-0.03,57,173178,中性盘
10:07:48,30.42,0.05,526,1599297,买盘
10:07:51,30.41,-0.01,164,499007,中性盘
10:07:54,30.53,0.12,1042,3177304,买盘
10:07:57,30.57,0.04,605,1850165,买盘
10:08:00,30.63,0.06,915,2799768,买盘
10:08:03,30.69,0.06,429,1316660,买盘
10:08:06,30.71,0.02,210,646624,中性盘
10:08:09,30.9,0.19,326,1006643,买盘
10:08:12,31.02,0.12,595,1844267,买盘
10:08:15,31.1,0.08,193,599856,买盘
10:08:19,31.17,0.07,230,715440,买盘
10:08:21,31.14,-0.03,240,748148,卖盘
10:08:24,31.18,0.04,407,1267171,买盘
10:08:27,31.18,0.0,385,1200084,卖盘
10:08:30,31.3,0.12,308,963500,买盘
10:08:33,31.33,0.03,230,719617,买盘
10:08:36,31.36,0.03,142,445241,买盘
10:08:39,31.36,0.0,340,1065763,卖盘
10:08:42,31.36,0.0,304,953771,卖盘
10:08:45,31.3,-0.06,843,2639314,卖盘
10:08:49,31.25,-0.05,565,1768583,中性盘
10:08:51,31.28,0.03,407,1269815,买盘
10:08:54,31.06,-0.22,415,1294554,卖盘
10:08:57,31.06,0.0,69,215267,买盘
10:09:00,31.1,0.04,72,223766,卖盘
10:09:03,31.03,-0.07,175,542611,卖盘
10:09:06,31.1,0.07,298,921867,买盘
10:09:09,31.08,-0.02,206,639893,中性盘
10:09:12,31.03,-0.05,183,567225,中性盘
10:09:15,30.91,-0.12,166,514391,中性盘
10:09:18,30.7,-0.21,98,302534,卖盘
10:09:21,30.82,0.12,54,166446,中性盘
10:09:24,30.87,0.05,252,779273,买盘
10:09:27,31.0,0.13,133,411200,买盘
10:09:30,30.99,-0.01,207,638632,中性盘
10:09:33,30.91,-0.08,65,201257,卖盘
10:09:36,31.0,0.09,281,870122,买盘
10:09:39,30.9,-0.1,43,132747,中性盘
10:09:42,30.84,-0.06,85,262407,卖盘
10:09:45,30.83,-0.01,94,289865,卖盘
10:09:48,30.84,0.01,67,206610,买盘
10:09:51,30.83,-0.01,144,443862,卖盘
10:09:54,30.83,0.0,81,249745,买盘
10:09:57,30.7,-0.13,112,345035,卖盘
10:10:01,30.82,0.12,432,1332674,买盘
10:10:03,30.76,-0.06,121,371575,中性盘
10:10:06,30.7,-0.06,144,443036,中性盘
10:10:09,30.73,0.03,130,399297,买盘
10:10:12,30.74,0.01,102,313334,买盘
10:10:15,30.76,0.02,51,156690,买盘
10:10:18,30.79,0.03,10,30783,买盘
10:10:21,30.89,0.1,78,240203,买盘
10:10:24,30.89,0.0,20,61760,买盘
10:10:27,30.89,0.0,386,1190056,买盘
10:10:30,30.88,-0.01,420,1295588,中性盘
10:10:33,30.74,-0.14,158,486994,卖盘
10:10:37,30.69,-0.05,294,903795,卖盘
10:10:39,30.7,0.01,159,488964,买盘
10:10:42,30.69,-0.01,145,445601,中性盘
10:10:45,30.81,0.12,36,110572,买盘
10:10:48,30.7,-0.11,31,95295,卖盘
10:10:51,30.71,0.01,94,288835,中性盘
10:10:54,30.75,0.04,116,356530,买盘
10:10:57,30.78,0.03,101,310696,买盘
10:11:00,30.74,-0.04,77,236810,卖盘
10:11:04,30.76,0.02,79,243027,买盘
10:11:07,30.68,-0.08,442,1357875,卖盘
10:11:10,30.73,0.05,349,1071081,买盘
10:11:12,30.68,-0.05,35,107361,买盘
10:11:15,30.68,0.0,96,294254,卖盘
10:11:18,30.61,-0.07,40,122540,中性盘
10:11:21,30.6,-0.01,53,162235,卖盘
10:11:24,30.6,0.0,149,456484,卖盘
10:11:27,30.6,0.0,52,159146,卖盘
10:11:30,30.7,0.1,104,318535,买盘
10:11:33,30.65,-0.05,27,82829,卖盘
10:11:36,30.68,0.03,65,199333,中性盘
10:11:39,30.71,0.03,20,61414,中性盘
10:11:42,30.7,-0.01,20,61392,中性盘
10:11:45,30.65,-0.05,182,558811,卖盘
10:11:48,30.69,0.04,35,107472,中性盘
10:11:51,30.65,-0.04,87,266886,卖盘
10:11:54,30.69,0.04,1,3069,买盘
10:11:57,30.67,-0.02,57,174879,卖盘
10:12:00,30.69,0.02,17,52151,中性盘
10:12:03,30.65,-0.04,112,343430,卖盘
10:12:06,30.6,-0.05,231,707021,卖盘
10:12:09,30.5,-0.1,157,479438,卖盘
10:12:12,30.53,0.03,274,835508,买盘
10:12:15,30.51,-0.02,38,115782,中性盘
10:12:18,30.44,-0.07,94,286238,卖盘
10:12:21,30.45,0.01,46,140094,买盘
10:12:24,30.45,0.0,50,152276,买盘
10:12:27,30.45,0.0,16,48707,卖盘
10:12:30,30.44,-0.01,62,188745,卖盘
10:12:33,30.45,0.01,21,63940,买盘
10:12:36,30.45,0.0,153,465791,买盘
10:12:39,30.44,-0.01,89,270936,卖盘
10:12:42,30.45,0.01,49,149312,买盘
10:12:45,30.44,-0.01,25,76116,卖盘
10:12:48,30.44,0.0,24,73055,买盘
10:12:51,30.42,-0.02,10,30424,卖盘
10:12:54,30.41,-0.01,24,73021,卖盘
10:12:57,30.42,0.01,50,152090,买盘
10:13:00,30.42,0.0,41,124685,买盘
10:13:03,30.42,0.0,41,124712,买盘
10:13:06,30.41,-0.01,81,246419,卖盘
10:13:09,30.42,0.01,62,188594,卖盘
10:13:12,30.42,0.0,104,316507,卖盘
10:13:15,30.42,0.0,137,416715,买盘
10:13:18,30.43,0.01,50,152073,买盘
10:13:21,30.42,-0.01,19,57779,卖盘
10:13:24,30.42,0.0,3,9125,买盘
10:13:27,30.42,0.0,4,12168,买盘
10:13:30,30.42,0.0,27,82130,买盘
10:13:33,30.42,0.0,34,103432,卖盘
10:13:36,30.41,-0.01,66,200709,卖盘
10:13:39,30.39,-0.02,168,510747,卖盘
10:13:42,30.36,-0.03,72,218781,卖盘
10:13:46,30.39,0.03,35,106345,买盘
10:13:49,30.39,0.0,26,78916,买盘
10:13:54,30.39,0.0,10,30384,买盘
10:13:57,30.37,-0.02,4,12148,中性盘
10:14:00,30.35,-0.02,96,291332,买盘
10:14:03,30.39,0.04,3,9117,买盘
10:14:06,30.32,-0.07,19,57621,卖盘
10:14:09,30.36,0.04,135,410100,买盘
10:14:12,30.35,-0.01,14,42483,卖盘
10:14:15,30.35,0.0,12,36427,卖盘
10:14:19,30.35,0.0,13,39450,买盘
10:14:21,30.34,-0.01,9,27309,卖盘
10:14:24,30.34,0.0,101,306425,卖盘
10:14:27,30.27,-0.07,217,657343,卖盘
10:14:30,30.25,-0.02,16,48404,卖盘
10:14:33,30.25,0.0,5,15109,中性盘
10:14:36,30.2,-0.05,6,18130,卖盘
10:14:39,30.25,0.05,30,90629,买盘
10:14:42,30.2,-0.05,16,48321,中性盘
10:14:45,30.21,0.01,17,51347,买盘
10:14:48,30.21,0.0,18,54406,买盘
10:14:51,30.22,0.01,63,190293,中性盘
10:14:54,30.22,0.0,16,48356,卖盘
10:14:57,30.21,-0.01,45,135954,卖盘
10:15:00,30.22,0.01,10,30238,卖盘
10:15:03,30.22,0.0,10,30222,买盘
10:15:06,30.24,0.02,6,18142,买盘
10:15:09,30.24,0.0,35,105778,买盘
10:15:12,30.24,0.0,14,42332,买盘
10:15:15,30.24,0.0,26,78635,卖盘
10:15:18,30.22,-0.02,35,105856,卖盘
10:15:21,30.25,0.03,20,60476,买盘
10:15:24,30.25,0.0,122,368719,买盘
10:15:27,30.25,0.0,29,87725,买盘
10:15:30,30.25,0.0,17,51431,卖盘
10:15:33,30.26,0.01,28,84702,买盘
10:15:36,30.27,0.01,7,21189,中性盘
10:15:39,30.28,0.01,11,33308,买盘
10:15:42,30.27,-0.01,76,230079,卖盘
10:15:45,30.29,0.02,68,205879,买盘
10:15:48,30.3,0.01,19,57563,买盘
10:15:51,30.3,0.0,60,181723,买盘
10:15:54,30.3,0.0,48,145440,买盘
10:15:57,30.29,-0.01,83,251453,卖盘
10:16:00,30.28,-0.01,79,239331,卖盘
10:16:03,30.3,0.02,122,369621,买盘
10:16:06,30.24,-0.06,437,1322803,卖盘
10:16:09,30.22,-0.02,154,465531,卖盘
10:16:12,30.2,-0.02,170,513519,卖盘
10:16:15,30.21,0.01,54,163082,买盘
10:16:18,30.2,-0.01,49,148231,卖盘
10:16:21,30.2,0.0,159,480955,中性盘
10:16:24,30.16,-0.04,32,96613,卖盘
10:16:27,30.18,0.02,1,3018,卖盘
10:16:30,30.16,-0.02,47,141781,卖盘
10:16:33,30.16,0.0,33,99540,卖盘
10:16:36,30.15,-0.01,102,307800,卖盘
10:16:42,30.15,0.0,23,69366,卖盘
10:16:45,30.15,0.0,51,153797,卖盘
10:16:48,30.15,0.0,12,36180,卖盘
10:16:51,30.15,0.0,88,265320,卖盘
10:16:54,30.13,-0.02,40,120571,卖盘
10:16:57,30.11,-0.02,47,141574,卖盘
10:17:00,30.1,-0.01,163,491155,卖盘
10:17:03,30.1,0.0,14,42141,卖盘
10:17:06,30.06,-0.04,181,544981,卖盘
10:17:09,30.1,0.04,29,87289,中性盘
10:17:12,30.16,0.06,21,63274,买盘
10:17:15,30.1,-0.06,105,316647,卖盘
10:17:18,30.1,0.0,4,12040,买盘
10:17:21,30.15,0.05,3,9041,中性盘
10:17:24,30.1,-0.05,55,165618,卖盘
10:17:27,30.15,0.05,8,24090,中性盘
10:17:30,30.16,0.01,26,78351,买盘
10:17:33,30.16,0.0,16,48249,买盘
10:17:36,30.17,0.01,37,111573,买盘
10:17:39,30.17,0.0,7,21122,卖盘
10:17:42,30.2,0.03,38,114686,买盘
10:17:45,30.22,0.02,47,142013,买盘
10:17:48,30.17,-0.05,86,259631,卖盘
10:17:51,30.17,0.0,7,21119,买盘
10:17:54,30.18,0.01,73,220318,买盘
10:17:57,30.18,0.0,7,21122,中性盘
10:18:00,30.2,0.02,4,12079,买盘
10:18:03,30.2,0.0,15,45290,买盘
10:18:06,30.2,0.0,12,36240,买盘
10:18:09,30.2,0.0,1,3020,卖盘
10:18:12,30.24,0.04,42,126902,买盘
10:18:15,30.21,-0.03,4,12085,卖盘
10:18:18,30.26,0.05,11,33293,中性盘
10:18:21,30.19,-0.07,217,655295,卖盘
10:18:24,30.17,-0.02,84,253570,卖盘
10:18:27,30.19,0.02,72,217228,买盘
10:18:30,30.15,-0.04,155,467527,卖盘
10:18:33,30.15,0.0,206,622007,卖盘
10:18:36,30.2,0.05,21,63412,买盘
10:18:39,30.15,-0.05,6,18098,中性盘
10:18:42,30.12,-0.03,70,210978,卖盘
10:18:45,30.12,0.0,3,9036,买盘
10:18:48,30.12,0.0,38,114479,买盘
10:18:51,30.12,0.0,28,84336,卖盘
10:18:54,30.12,0.0,12,36144,卖盘
10:18:57,30.11,-0.01,28,84324,卖盘
10:19:00,30.11,0.0,15,45167,卖盘
10:19:03,30.12,0.01,52,156607,买盘
10:19:06,30.12,0.0,26,78315,卖盘
10:19:09,30.13,0.01,6,18075,买盘
10:19:12,30.12,-0.01,11,33138,卖盘
10:19:15,30.14,0.02,8,24112,买盘
10:19:18,30.14,0.0,43,129599,买盘
10:19:21,30.15,0.01,15,45215,买盘
10:19:24,30.15,0.0,27,81388,买盘
10:19:27,30.15,0.0,10,30150,买盘
10:19:30,30.14,-0.01,18,54267,卖盘
10:19:33,30.17,0.03,3,9047,买盘
10:19:36,30.17,0.0,3,9047,买盘
10:19:39,30.17,0.0,51,153835,买盘
10:19:42,30.17,0.0,39,117645,买盘
10:19:45,30.17,0.0,34,102618,买盘
10:19:48,30.2,0.03,13,39230,买盘
10:19:51,30.2,0.0,28,84554,卖盘
10:19:54,30.2,0.0,9,27180,卖盘
10:19:57,30.21,0.01,7,21146,买盘
10:20:00,30.21,0.0,22,66489,卖盘
10:20:03,30.18,-0.03,71,214498,卖盘
10:20:06,30.14,-0.04,99,298612,卖盘
10:20:09,30.12,-0.02,116,349558,卖盘
10:20:12,30.11,-0.01,79,237927,卖盘
10:20:15,30.11,0.0,23,69263,卖盘
10:20:18,30.17,0.06,75,226121,买盘
10:20:21,30.11,-0.06,40,120794,卖盘
10:20:24,30.12,0.01,39,117522,中性盘
10:20:27,30.19,0.07,34,102492,买盘
10:20:33,30.14,-0.05,9,27163,中性盘
10:20:36,30.19,0.05,8,24152,买盘
10:20:39,30.19,0.0,11,33185,中性盘
10:20:42,30.19,0.0,10,30190,买盘
10:20:45,30.19,0.0,5,15091,买盘
10:20:48,30.19,0.0,6,18111,买盘
10:20:51,30.15,-0.04,27,81413,卖盘
10:20:54,30.14,-0.01,7,21098,卖盘
10:20:57,30.15,0.01,18,54253,买盘
10:21:00,30.14,-0.01,16,48230,卖盘
10:21:03,30.13,-0.01,28,84392,卖盘
10:21:06,30.13,0.0,21,63273,卖盘
10:21:09,30.13,0.0,14,42191,卖盘
10:21:12,30.13,0.0,65,195861,卖盘
10:21:15,30.11,-0.02,341,1026756,卖盘
10:21:18,30.11,0.0,1,3011,买盘
10:21:21,30.09,-0.02,196,590256,卖盘
10:21:24,30.11,0.02,7,21077,买盘
10:21:27,30.11,0.0,2,6022,卖盘
10:21:30,30.11,0.0,46,138548,卖盘
10:21:33,30.13,0.02,3,9039,买盘
10:21:36,30.11,-0.02,18,54204,卖盘
10:21:39,30.1,-0.01,49,147538,卖盘
10:21:42,30.11,0.01,14,42163,卖盘
10:21:45,30.13,0.02,1,3013,买盘
10:21:48,30.11,-0.02,27,81337,卖盘
10:21:51,30.11,0.0,3,9033,卖盘
10:21:54,30.11,0.0,18,54198,卖盘
10:21:57,30.11,0.0,2,6022,买盘
10:22:00,30.11,0.0,13,39143,买盘
10:22:03,30.1,-0.01,59,177608,卖盘
10:22:06,30.08,-0.02,75,225655,卖盘
10:22:09,30.1,0.02,15,45146,中性盘
10:22:12,30.1,0.0,74,222895,卖盘
10:22:15,30.1,0.0,34,102347,卖盘
10:22:18,30.1,0.0,1,3010,买盘
10:22:21,30.1,0.0,5,15050,买盘
10:22:24,30.1,0.0,3,9030,买盘
10:22:27,30.07,-0.03,26,78204,卖盘
10:22:30,30.07,0.0,5,15035,卖盘
10:22:33,30.07,0.0,10,30070,卖盘
10:22:36,30.07,0.0,1,3007,卖盘
10:22:39,30.07,0.0,6,18043,卖盘
10:22:42,30.08,0.01,4,12029,买盘
10:22:45,30.08,0.0,12,36086,买盘
10:22:48,30.08,0.0,74,222590,买盘
10:22:51,30.09,0.01,8,24065,买盘
10:22:54,30.08,-0.01,73,219574,卖盘
10:22:57,30.08,0.0,9,27073,卖盘
10:23:00,30.07,-0.01,76,228559,卖盘
10:23:03,30.07,0.0,27,81188,买盘
10:23:06,30.06,-0.01,78,234573,卖盘
10:23:09,30.07,0.01,32,96203,卖盘
10:23:12,30.06,-0.01,5,15030,卖盘
10:23:15,30.06,0.0,13,39078,卖盘
10:23:18,30.06,0.0,3,9018,买盘
10:23:24,30.05,-0.01,20,60100,卖盘
10:23:27,30.05,0.0,18,54090,卖盘
10:23:30,30.05,0.0,221,663171,卖盘
10:23:33,30.04,-0.01,61,183020,买盘
10:23:36,30.0,-0.04,90,270425,卖盘
10:23:39,30.04,0.04,1,3004,买盘
10:23:42,30.04,0.0,24,72006,买盘
10:23:45,30.01,-0.03,13,39023,卖盘
10:23:48,30.01,0.0,25,75025,买盘
10:23:51,30.01,0.0,11,33011,买盘
10:23:54,30.0,-0.01,42,126041,卖盘
10:23:57,30.0,0.0,69,207000,卖盘
10:24:00,30.0,0.0,179,537000,卖盘
10:24:03,30.0,0.0,873,2619005,卖盘
10:24:06,29.91,-0.09,324,972129,卖盘
10:24:09,29.93,0.02,35,104755,买盘
10:24:13,29.95,0.02,211,632451,买盘
10:24:15,30.0,0.05,108,324032,买盘
10:24:18,29.95,-0.05,60,180095,卖盘
10:24:21,30.0,0.05,65,195000,买盘
10:24:24,30.0,0.0,66,197990,卖盘
10:24:27,30.0,0.0,21,62995,买盘
10:24:30,29.95,-0.05,32,95840,卖盘
10:24:33,29.95,0.0,14,41965,买盘
10:24:36,29.95,0.0,38,113940,卖盘
10:24:39,29.95,0.0,15,44947,卖盘
10:24:42,29.95,0.0,11,32975,卖盘
10:24:45,30.0,0.05,37,110933,买盘
10:24:48,29.95,-0.05,7,20975,卖盘
10:24:51,30.0,0.05,73,218650,买盘
10:24:54,29.95,-0.05,115,344246,中性盘
10:24:57,29.99,0.04,208,623242,买盘
10:25:00,29.99,0.0,55,165223,卖盘
10:25:03,30.0,0.01,8,23996,买盘
10:25:06,29.99,-0.01,19,56991,中性盘
10:25:09,30.0,0.01,5,15000,买盘
10:25:12,29.99,-0.01,8,23997,卖盘
10:25:15,29.99,0.0,19,56980,卖盘
10:25:18,29.99,0.0,24,71976,买盘
10:25:21,29.98,-0.01,44,131951,卖盘
10:25:24,29.99,0.01,4,11994,中性盘
10:25:30,29.99,0.0,6,17994,卖盘
10:25:33,29.99,0.0,34,101987,买盘
10:25:36,29.99,0.0,34,101936,买盘
10:25:39,29.99,0.0,16,47984,买盘
10:25:42,29.98,-0.01,10,29984,卖盘
10:25:45,29.98,0.0,72,215863,卖盘
10:25:48,29.97,-0.01,60,179901,卖盘
10:25:51,29.98,0.01,5,14989,买盘
10:25:54,29.97,-0.01,94,281780,卖盘
10:25:57,29.97,0.0,13,38961,买盘
10:26:00,29.96,-0.01,16,47939,卖盘
10:26:03,29.95,-0.01,65,194767,卖盘
10:26:09,29.96,0.01,31,92876,买盘
10:26:12,29.96,0.0,17,50922,买盘
10:26:15,29.94,-0.02,64,191699,卖盘
10:26:18,29.94,0.0,3,8982,卖盘
10:26:21,29.95,0.01,15,44927,买盘
10:26:24,29.95,0.0,5,14976,卖盘
10:26:27,29.96,0.01,62,185713,买盘
10:26:30,29.95,-0.01,41,122779,卖盘
10:26:33,29.95,0.0,18,53910,买盘
10:26:36,29.94,-0.01,16,47913,卖盘
10:26:39,29.95,0.01,19,56891,买盘
10:26:42,29.95,0.0,3,8985,卖盘
10:26:45,29.95,0.0,21,62909,卖盘
10:26:48,29.94,-0.01,36,107818,卖盘
10:26:51,29.94,0.0,12,35938,卖盘
10:26:54,29.94,0.0,10,29942,卖盘
10:26:57,29.94,0.0,29,86840,卖盘
10:27:00,29.95,0.01,8,23955,买盘
10:27:03,29.95,0.0,26,77859,买盘
10:27:06,29.94,-0.01,26,77844,卖盘
10:27:09,29.94,0.0,12,35928,买盘
10:27:12,29.93,-0.01,46,137703,卖盘
10:27:15,29.94,0.01,28,83831,买盘
10:27:18,29.93,-0.01,37,110759,卖盘
10:27:21,29.95,0.02,53,158688,买盘
10:27:24,29.95,0.0,46,137770,买盘
10:27:27,29.94,-0.01,15,44919,中性盘
10:27:30,29.94,0.0,10,29940,买盘
10:27:33,29.96,0.02,25,74892,买盘
10:27:36,29.99,0.03,76,227719,买盘
10:27:39,29.95,-0.04,98,293578,卖盘
10:27:42,29.99,0.04,56,167928,买盘
10:27:45,30.0,0.01,40,120000,买盘
10:27:48,29.99,-0.01,3,8997,买盘
10:27:51,30.0,0.01,42,125869,买盘
10:27:54,30.0,0.0,9,26995,买盘
10:27:57,30.0,0.0,14,42000,买盘
10:28:00,30.0,0.0,20,60000,买盘
10:28:03,30.0,0.0,73,219000,买盘
10:28:06,30.02,0.02,2,6004,买盘
10:28:09,30.05,0.03,3,9015,买盘
10:28:12,30.05,0.0,34,102148,买盘
10:28:15,30.05,0.0,23,69090,买盘
10:28:18,30.06,0.01,27,81121,买盘
10:28:21,30.06,0.0,11,33061,买盘
10:28:25,30.07,0.01,38,114299,买盘
10:28:30,30.08,0.01,55,165440,买盘
10:28:33,30.08,0.0,219,658619,买盘
10:28:36,30.08,0.0,93,279886,买盘
10:28:39,30.1,0.02,11,33110,买盘
10:28:42,30.1,0.0,76,228760,买盘
10:28:45,30.1,0.0,36,108343,买盘
10:28:48,30.1,0.0,79,237790,买盘
10:28:51,30.11,0.01,76,228762,买盘
10:28:54,30.15,0.04,47,141645,买盘
10:28:57,30.1,-0.05,13,39133,卖盘
10:29:00,30.15,0.05,73,220090,买盘
10:29:03,30.15,0.0,10,30145,买盘
10:29:06,30.16,0.01,70,211052,买盘
10:29:09,30.16,0.0,1,3016,卖盘
10:29:12,30.18,0.02,105,316890,买盘
10:29:15,30.15,-0.03,225,678573,卖盘
10:29:18,30.12,-0.03,150,452036,卖盘
10:29:21,30.14,0.02,71,213931,买盘
10:29:24,30.14,0.0,135,407232,买盘
10:29:27,30.08,-0.06,237,713769,卖盘
10:29:30,30.1,0.02,64,192592,买盘
10:29:33,30.1,0.0,13,39130,买盘
10:29:36,30.18,0.08,90,271213,买盘
10:29:39,30.18,0.0,45,135791,买盘
10:29:42,30.11,-0.07,10,30118,卖盘
10:29:45,30.11,0.0,26,78298,卖盘
10:29:48,30.13,0.02,14,43213,买盘
10:29:51,30.14,0.01,14,42192,买盘
10:29:57,30.18,0.04,34,102565,买盘
10:30:00,30.18,0.0,13,39234,买盘
10:30:03,30.18,0.0,41,123738,买盘
10:30:06,30.18,0.0,57,172024,买盘
10:30:09,30.19,0.01,20,60365,买盘
10:30:12,30.19,0.0,4,12076,买盘
10:30:15,30.2,0.01,5,15098,买盘
10:30:18,30.2,0.0,10,30200,买盘
10:30:21,30.19,-0.01,94,283795,卖盘
10:30:24,30.2,0.01,2,6040,卖盘
10:30:30,30.19,-0.01,105,317104,卖盘
10:30:33,30.18,-0.01,81,244490,卖盘
10:30:36,30.18,0.0,148,446994,卖盘
10:30:39,30.18,0.0,33,99697,卖盘
10:30:42,30.19,0.01,15,45285,中性盘
10:30:46,30.2,0.01,15,45286,买盘
10:30:48,30.19,-0.01,72,217398,卖盘
10:30:51,30.18,-0.01,82,247470,卖盘
10:30:54,30.19,0.01,59,178077,买盘
10:30:57,30.19,0.0,74,223473,卖盘
10:31:00,30.2,0.01,45,135866,买盘
10:31:03,30.19,-0.01,82,247614,卖盘
10:31:06,30.22,0.03,18,54368,买盘
10:31:09,30.24,0.02,58,175375,买盘
10:31:12,30.24,0.0,170,514287,买盘
10:31:15,30.24,0.0,89,269517,卖盘
10:31:18,30.24,0.0,20,60524,卖盘
10:31:21,30.24,0.0,1,3024,卖盘
10:31:24,30.28,0.04,40,121112,买盘
10:31:27,30.29,0.01,64,193793,买盘
10:31:30,30.28,-0.01,31,93864,买盘
10:31:33,30.3,0.02,57,172663,买盘
10:31:36,30.3,0.0,24,72731,卖盘
10:31:39,30.31,0.01,15,45465,买盘
10:31:42,30.31,0.0,19,57584,买盘
10:31:45,30.32,0.01,15,45459,买盘
10:31:48,30.3,-0.02,70,212180,卖盘
10:31:51,30.31,0.01,56,169740,买盘
10:31:54,30.31,0.0,18,54561,卖盘
10:31:57,30.32,0.01,28,84886,买盘
10:32:00,30.26,-0.06,128,387733,卖盘
10:32:03,30.34,0.08,49,148563,买盘
10:32:06,30.34,0.0,132,400314,买盘
10:32:09,30.3,-0.04,17,51555,卖盘
10:32:12,30.3,0.0,10,30306,买盘
10:32:15,30.27,-0.03,16,48467,卖盘
10:32:18,30.27,0.0,64,193773,卖盘
10:32:21,30.27,0.0,16,48422,买盘
10:32:24,30.26,-0.01,95,287537,卖盘
10:32:27,30.27,0.01,9,27236,买盘
10:32:30,30.25,-0.02,49,148262,卖盘
10:32:33,30.26,0.01,49,148341,买盘
10:32:37,30.26,0.0,19,57494,卖盘
10:32:39,30.26,0.0,52,157324,卖盘
10:32:42,30.26,0.0,39,118038,卖盘
10:32:45,30.33,0.07,124,375615,买盘
10:32:48,30.45,0.12,450,1366877,买盘
10:32:51,30.58,0.13,250,762881,买盘
10:32:54,30.57,-0.01,6,18357,卖盘
10:32:57,30.57,0.0,7,21405,卖盘
10:33:00,30.6,0.03,21,64239,买盘
10:33:03,30.6,0.0,43,131518,买盘
10:33:06,30.57,-0.03,199,608738,卖盘
10:33:09,30.56,-0.01,35,106978,卖盘
10:33:12,30.57,0.01,116,354592,买盘
10:33:15,30.57,0.0,101,308840,卖盘
10:33:18,30.57,0.0,25,76431,卖盘
10:33:21,30.57,0.0,155,473881,卖盘
10:33:24,30.57,0.0,133,406905,卖盘
10:33:27,30.59,0.02,188,575236,中性盘
10:33:30,30.54,-0.05,32,97809,卖盘
10:33:33,30.54,0.0,73,223136,卖盘
10:33:36,30.56,0.02,14,42794,中性盘
10:33:39,30.57,0.01,32,97750,买盘
10:33:42,30.57,0.0,93,284228,买盘
10:33:45,30.57,0.0,33,100882,卖盘
10:33:48,30.57,0.0,11,33621,买盘
10:33:51,30.55,-0.02,147,449413,中性盘
10:33:54,30.57,0.02,46,140579,买盘
10:33:57,30.57,0.0,34,103917,买盘
10:34:00,30.54,-0.03,13,39723,卖盘
10:34:03,30.57,0.03,30,91671,买盘
10:34:06,30.56,-0.01,43,131416,中性盘
10:34:09,30.66,0.1,244,746180,买盘
10:34:12,30.74,0.08,383,1176048,买盘
10:34:15,30.79,0.05,239,735957,买盘
10:34:18,30.8,0.01,60,185136,中性盘
10:34:21,30.88,0.08,16,49394,买盘
10:34:24,30.85,-0.03,4,12345,卖盘
10:34:27,30.88,0.03,72,222200,买盘
10:34:30,30.85,-0.03,111,342532,卖盘
10:34:33,30.8,-0.05,160,493301,卖盘
10:34:36,30.76,-0.04,41,126233,卖盘
10:34:39,30.8,0.04,130,401005,买盘
10:34:42,30.85,0.05,73,224764,买盘
10:34:45,30.8,-0.05,38,117132,卖盘
10:34:48,30.76,-0.04,136,418646,卖盘
10:34:51,30.8,0.04,63,194208,买盘
10:34:54,30.75,-0.05,28,86135,卖盘
10:34:57,30.75,0.0,14,43041,买盘
10:35:00,30.75,0.0,27,83034,买盘
10:35:03,30.75,0.0,9,27675,卖盘
10:35:07,30.75,0.0,24,73800,卖盘
10:35:09,30.73,-0.02,69,212156,卖盘
10:35:12,30.7,-0.03,25,76785,卖盘
10:35:15,30.72,0.02,24,73666,中性盘
10:35:18,30.47,-0.25,171,522703,卖盘
10:35:21,30.58,0.11,31,94667,买盘
10:35:24,30.45,-0.13,31,94464,卖盘
10:35:27,30.58,0.13,56,170707,买盘
10:35:30,30.58,0.0,58,176941,卖盘
10:35:33,30.59,0.01,42,128444,买盘
10:35:36,30.56,-0.03,36,109871,中性盘
10:35:39,30.59,0.03,160,489221,买盘
10:35:42,30.61,0.02,163,498678,买盘
10:35:45,30.61,0.0,27,82647,卖盘
10:35:48,30.61,0.0,24,73464,卖盘
10:35:51,30.56,-0.05,12,36690,卖盘
10:35:54,30.59,0.03,15,45781,买盘
10:35:57,30.56,-0.03,99,302013,中性盘
10:36:00,30.6,0.04,16,48939,买盘
10:36:03,30.58,-0.02,37,113040,买盘
10:36:06,30.52,-0.06,2,6104,卖盘
10:36:09,30.52,0.0,1,3052,卖盘
10:36:12,30.49,-0.03,9,27441,卖盘
10:36:15,30.49,0.0,79,241261,卖盘
10:36:19,30.26,-0.23,96,291417,卖盘
10:36:21,30.41,0.15,1,3041,买盘
10:36:24,30.26,-0.15,21,63552,卖盘
10:36:27,30.26,0.0,17,51613,卖盘
10:36:30,30.38,0.12,14,42510,中性盘
10:36:33,30.27,-0.11,2,6066,卖盘
10:36:39,30.27,0.0,10,30282,卖盘
10:36:42,30.27,0.0,29,87846,卖盘
10:36:45,30.27,0.0,27,81948,卖盘
10:36:48,30.37,0.1,12,36428,买盘
10:36:51,30.37,0.0,9,27337,卖盘
10:36:54,30.38,0.01,18,54662,买盘
10:36:57,30.29,-0.09,80,242261,卖盘
10:37:00,30.37,0.08,11,33412,中性盘
10:37:03,30.36,-0.01,79,239850,卖盘
10:37:06,30.4,0.04,103,312899,买盘
10:37:09,30.37,-0.03,3,9110,中性盘
10:37:12,30.42,0.05,39,118542,买盘
10:37:15,30.48,0.06,11,33502,买盘
10:37:18,30.48,0.0,145,442199,卖盘
10:37:21,30.61,0.13,207,633345,买盘
10:37:27,30.6,-0.01,8,24480,买盘
10:37:30,30.58,-0.02,24,73392,卖盘
10:37:33,30.58,0.0,18,55033,买盘
10:37:36,30.57,-0.01,28,85609,卖盘
10:37:39,30.57,0.0,60,183414,买盘
10:37:42,30.57,0.0,128,391280,买盘
10:37:45,30.5,-0.07,44,134415,卖盘
10:37:48,30.56,0.06,7,21387,买盘
10:37:51,30.5,-0.06,10,30500,卖盘
10:37:54,30.45,-0.05,1,3045,卖盘
10:37:57,30.51,0.06,12,36602,买盘
10:38:00,30.51,0.0,29,88462,买盘
10:38:03,30.62,0.11,250,764517,买盘
10:38:06,30.73,0.11,153,469607,买盘
10:38:09,30.75,0.02,77,236720,买盘
10:38:12,30.75,0.0,52,159894,买盘
10:38:15,30.76,0.01,14,43056,买盘
10:38:18,30.76,0.0,124,381225,买盘
10:38:21,30.74,-0.02,6,18440,买盘
10:38:24,30.72,-0.02,9,27648,卖盘
10:38:27,30.7,-0.02,6,18424,卖盘
10:38:30,30.7,0.0,35,107450,卖盘
10:38:33,30.69,-0.01,4,12277,中性盘
10:38:36,30.61,-0.08,20,61288,卖盘
10:38:39,30.69,0.08,18,55222,买盘
10:38:42,30.61,-0.08,26,79586,卖盘
10:38:45,30.6,-0.01,23,70419,卖盘
10:38:48,30.62,0.02,4,12244,买盘
10:38:51,30.6,-0.02,22,67388,卖盘
10:38:54,30.6,0.0,39,119385,买盘
10:38:57,30.61,0.01,56,171382,买盘
10:39:00,30.68,0.07,100,306235,买盘
10:39:03,30.61,-0.07,283,868318,卖盘
10:39:06,30.61,0.0,1,3061,买盘
10:39:09,30.68,0.07,48,147168,买盘
10:39:12,30.68,0.0,179,549404,中性盘
10:39:15,30.67,-0.01,582,1787409,卖盘
10:39:18,30.81,0.14,279,859159,买盘
10:39:21,30.91,0.1,542,1673043,买盘
10:39:24,30.9,-0.01,10,30900,卖盘
10:39:27,30.93,0.03,84,259812,买盘
10:39:30,30.96,0.03,92,284619,买盘
10:39:33,30.97,0.01,43,133104,买盘
10:39:36,30.97,0.0,133,411895,买盘
10:39:39,30.98,0.01,115,356259,买盘
10:39:42,30.98,0.0,55,170372,买盘
10:39:45,30.97,-0.01,306,947699,卖盘
10:39:48,30.97,0.0,139,430568,卖盘
10:39:51,30.98,0.01,156,483096,买盘
10:39:54,30.89,-0.09,183,566770,卖盘
10:39:57,30.98,0.09,273,845750,买盘
10:40:01,30.89,-0.09,23,71098,卖盘
10:40:03,30.93,0.04,31,95790,买盘
10:40:06,30.87,-0.06,5,15438,卖盘
10:40:09,30.88,0.01,28,86470,买盘
10:40:13,30.84,-0.04,31,95660,中性盘
10:40:16,30.83,-0.01,22,67836,卖盘
10:40:18,30.72,-0.11,46,141732,中性盘
10:40:21,30.73,0.01,253,779815,中性盘
10:40:24,30.93,0.2,491,1519941,买盘
10:40:27,31.01,0.08,1565,4851484,买盘
10:40:30,31.03,0.02,408,1269254,中性盘
10:40:33,31.25,0.22,758,2364777,买盘
10:40:36,31.25,0.0,23,71715,买盘
10:40:39,31.27,0.02,208,650063,买盘
10:40:42,31.09,-0.18,297,928472,卖盘
10:40:45,31.24,0.15,169,527757,中性盘
10:40:48,31.3,0.06,409,1280199,买盘
10:40:51,31.32,0.02,159,497768,买盘
10:40:54,31.32,0.0,292,914709,卖盘
10:40:57,31.26,-0.06,265,829018,卖盘
10:41:00,31.27,0.01,110,343965,买盘
10:41:03,31.26,-0.01,302,944397,卖盘
10:41:06,31.26,0.0,207,646855,买盘
10:41:09,31.24,-0.02,35,109329,卖盘
10:41:12,31.19,-0.05,4,12477,中性盘
10:41:15,31.1,-0.09,37,115162,卖盘
10:41:18,31.1,0.0,43,133754,卖盘
10:41:21,31.06,-0.04,36,111915,卖盘
10:41:24,31.1,0.04,21,65228,买盘
10:41:27,31.0,-0.1,92,285350,卖盘
10:41:30,31.0,0.0,93,288472,卖盘
10:41:33,30.98,-0.02,26,80592,卖盘
10:41:36,30.84,-0.14,10,30937,卖盘
10:41:39,30.85,0.01,38,117620,中性盘
10:41:42,30.98,0.13,8,24784,买盘
10:41:45,30.95,-0.03,41,126642,卖盘
10:41:48,30.85,-0.1,29,89507,卖盘
10:41:51,30.97,0.12,9,27873,买盘
10:41:54,30.98,0.01,85,263206,买盘
10:41:57,30.89,-0.09,53,163863,卖盘
10:42:00,30.86,-0.03,57,176391,卖盘
10:42:03,30.98,0.12,34,105220,买盘
10:42:06,30.94,-0.04,21,65038,卖盘
10:42:10,30.96,0.02,24,74306,中性盘
10:42:12,30.97,0.01,197,609270,买盘
10:42:15,30.98,0.01,70,216742,买盘
10:42:18,30.98,0.0,61,188963,买盘
10:42:21,30.98,0.0,604,1871836,买盘
10:42:24,30.98,0.0,143,444451,卖盘
10:42:27,31.16,0.18,143,445684,买盘
10:42:30,31.16,0.0,10,31160,卖盘
10:42:33,31.23,0.07,76,236909,买盘
10:42:36,31.19,-0.04,72,224721,卖盘
10:42:39,31.16,-0.03,63,196544,中性盘
10:42:42,31.17,0.01,37,115381,买盘
10:42:45,31.16,-0.01,18,56088,卖盘
10:42:48,31.19,0.03,76,236977,买盘
10:42:51,31.19,0.0,60,187071,买盘
10:42:54,31.2,0.01,163,508163,买盘
10:42:57,31.19,-0.01,42,130839,中性盘
10:43:00,31.0,-0.19,193,600107,卖盘
10:43:03,31.16,0.16,61,189222,买盘
10:43:06,31.16,0.0,6,18696,买盘
10:43:09,31.06,-0.1,222,691854,中性盘
10:43:12,31.11,0.05,38,118184,买盘
10:43:15,31.2,0.09,380,1185318,买盘
10:43:18,31.32,0.12,997,3116351,买盘
10:43:21,31.28,-0.04,58,181484,中性盘
10:43:24,31.35,0.07,290,908907,买盘
10:43:27,31.34,-0.01,179,561682,卖盘
10:43:30,31.4,0.06,338,1061132,买盘
10:43:33,31.4,0.0,201,631058,买盘
10:43:36,31.4,0.0,223,699927,买盘
10:43:39,31.38,-0.02,353,1107899,中性盘
10:43:42,31.4,0.02,190,596318,买盘
10:43:45,31.37,-0.03,214,671010,中性盘
10:43:48,31.37,0.0,99,310490,买盘
10:43:51,31.4,0.03,286,897877,买盘
10:43:54,31.4,0.0,43,135008,买盘
10:43:57,31.41,0.01,197,618838,买盘
10:44:00,31.44,0.03,229,719474,买盘
10:44:03,31.41,-0.03,320,1005452,卖盘
10:44:07,31.44,0.03,257,807926,买盘
10:44:09,31.44,0.0,68,213781,中性盘
10:44:12,31.4,-0.04,345,1084395,卖盘
10:44:15,31.39,-0.01,100,313995,卖盘
10:44:18,31.38,-0.01,175,549440,卖盘
10:44:21,31.33,-0.05,39,122333,卖盘
10:44:24,31.33,0.0,79,247620,卖盘
10:44:27,31.33,0.0,349,1095393,卖盘
10:44:30,31.29,-0.04,169,529974,卖盘
10:44:33,31.3,0.01,35,109536,买盘
10:44:36,31.31,0.01,2004,6272512,买盘
10:44:39,31.3,-0.01,263,824041,卖盘
10:44:42,31.3,0.0,586,1840526,卖盘
10:44:45,31.3,0.0,81,254397,卖盘
10:44:48,31.45,0.15,130,407723,买盘
10:44:51,31.31,-0.14,1414,4454127,卖盘
10:44:54,31.35,0.04,203,637424,买盘
10:44:57,31.35,0.0,97,305040,卖盘
10:45:00,31.59,0.24,378,1185654,买盘
10:45:03,31.59,0.0,379,1197274,卖盘
10:45:06,31.59,0.0,15,47387,卖盘
10:45:09,31.59,0.0,169,533916,卖盘
10:45:12,31.58,-0.01,31,97922,卖盘
10:45:15,31.59,0.01,42,132677,买盘
10:45:18,31.59,0.0,42,132434,买盘
10:45:21,31.59,0.0,124,391675,买盘
10:45:24,31.59,0.0,87,274697,买盘
10:45:27,31.59,0.0,93,293525,买盘
10:45:30,31.59,0.0,51,160986,买盘
10:45:33,31.59,0.0,68,214587,买盘
10:45:36,31.48,-0.11,94,296843,卖盘
10:45:39,31.58,0.1,47,148144,买盘
10:45:42,31.54,-0.04,43,135557,买盘
10:45:45,31.55,0.01,646,2040179,买盘
10:45:48,31.55,0.0,660,2084797,买盘
10:45:51,31.54,-0.01,702,2217648,中性盘
10:45:54,31.59,0.05,553,1747359,买盘
10:45:57,31.7,0.11,233,737751,买盘
10:46:00,31.7,0.0,58,183511,买盘
10:46:03,31.54,-0.16,168,530364,卖盘
10:46:06,31.61,0.07,161,507783,买盘
10:46:09,31.66,0.05,45,142433,买盘
10:46:12,31.71,0.05,304,963990,买盘
10:46:15,31.8,0.09,379,1203623,买盘
10:46:18,31.8,0.0,486,1542275,买盘
10:46:21,31.82,0.02,148,470702,买盘
10:46:24,31.84,0.02,60,190952,买盘
10:46:27,31.83,-0.01,130,413939,中性盘
10:46:30,31.85,0.02,82,261082,买盘
10:46:33,32.04,0.19,12495,39996980,买盘
10:46:36,32.04,0.0,1325,4245300,卖盘
10:46:39,32.04,0.0,288,922752,卖盘
10:46:42,32.04,0.0,667,2137068,卖盘
10:46:45,32.04,0.0,791,2534364,卖盘
10:46:48,32.04,0.0,496,1587710,卖盘
10:46:51,32.04,0.0,441,1412099,卖盘
10:46:54,32.04,0.0,328,1050912,卖盘
10:46:57,32.04,0.0,132,422928,卖盘
10:47:00,32.04,0.0,324,1038096,卖盘
10:47:03,32.04,0.0,157,503028,卖盘
10:47:07,32.04,0.0,271,868284,卖盘
10:47:09,32.04,0.0,111,355644,卖盘
10:47:12,32.04,0.0,112,358848,卖盘
10:47:15,32.04,0.0,162,519048,卖盘
10:47:18,32.04,0.0,160,512640,卖盘
10:47:21,32.04,0.0,119,381276,卖盘
10:47:24,32.04,0.0,37,118548,卖盘
10:47:27,32.04,0.0,189,605556,卖盘
10:47:30,32.04,0.0,123,394092,卖盘
10:47:33,32.04,0.0,203,650412,卖盘
10:47:36,32.04,0.0,81,259524,卖盘
10:47:39,32.04,0.0,73,233892,卖盘
10:47:42,32.04,0.0,329,1054116,卖盘
10:47:45,32.04,0.0,24,76896,卖盘
10:47:48,32.04,0.0,49,156996,卖盘
10:47:51,32.04,0.0,92,294768,卖盘
10:47:54,32.04,0.0,134,429336,卖盘
10:47:57,32.04,0.0,44,140976,卖盘
10:48:00,32.04,0.0,48,153792,卖盘
10:48:03,32.04,0.0,221,708084,卖盘
10:48:06,32.04,0.0,21,67284,卖盘
10:48:09,32.04,0.0,44,140976,卖盘
10:48:12,32.04,0.0,25,80100,卖盘
10:48:15,32.04,0.0,64,205056,卖盘
10:48:18,32.04,0.0,36,115344,卖盘
10:48:21,32.04,0.0,57,182628,卖盘
10:48:24,32.04,0.0,56,179424,卖盘
10:48:27,32.04,0.0,8,25632,卖盘
10:48:30,32.04,0.0,53,169812,卖盘
10:48:33,32.04,0.0,21,67284,卖盘
10:48:36,32.04,0.0,59,189036,卖盘
10:48:39,32.04,0.0,54,173016,卖盘
10:48:42,32.04,0.0,33,105732,卖盘
10:48:45,32.04,0.0,45,144180,卖盘
10:48:48,32.04,0.0,29,92916,卖盘
10:48:51,32.04,0.0,17,54468,卖盘
10:48:54,32.04,0.0,9,28836,卖盘
10:48:57,32.04,0.0,226,724104,卖盘
10:49:03,32.04,0.0,2,6408,卖盘
10:49:06,32.04,0.0,24,76896,卖盘
10:49:09,32.04,0.0,20,64080,卖盘
10:49:12,32.04,0.0,60,192240,卖盘
10:49:15,32.04,0.0,19,60876,卖盘
10:49:18,32.04,0.0,185,592740,卖盘
10:49:21,32.04,0.0,113,362052,卖盘
10:49:24,32.04,0.0,29,92916,卖盘
10:49:27,32.04,0.0,17,54468,卖盘
10:49:30,32.04,0.0,26,83304,卖盘
10:49:33,32.04,0.0,14,44856,卖盘
10:49:36,32.04,0.0,66,211464,卖盘
10:49:39,32.04,0.0,49,156996,卖盘
10:49:42,32.04,0.0,17,54468,卖盘
10:49:45,32.04,0.0,176,563904,卖盘
10:49:48,32.04,0.0,14,44856,卖盘
10:49:51,32.04,0.0,102,326808,卖盘
10:49:55,32.04,0.0,46,147384,卖盘
10:49:57,32.04,0.0,28,89712,卖盘
10:50:00,32.04,0.0,27,86508,卖盘
10:50:04,32.04,0.0,68,217872,卖盘
10:50:06,32.04,0.0,51,163404,卖盘
10:50:09,32.04,0.0,41,131364,卖盘
10:50:12,32.04,0.0,10,32040,卖盘
10:50:15,32.04,0.0,244,781776,卖盘
10:50:18,32.04,0.0,29,92916,卖盘
10:50:21,32.04,0.0,24,76896,卖盘
10:50:24,32.04,0.0,7,22428,卖盘
10:50:27,32.04,0.0,26,83304,卖盘
10:50:30,32.04,0.0,28,89712,卖盘
10:50:33,32.04,0.0,7,22428,卖盘
10:50:36,32.04,0.0,10,32040,卖盘
10:50:39,32.04,0.0,28,89712,卖盘
10:50:42,32.04,0.0,120,384480,卖盘
10:50:45,32.04,0.0,19,60876,卖盘
10:50:48,32.04,0.0,17,54468,卖盘
10:50:51,32.04,0.0,6,19224,卖盘
10:50:54,32.04,0.0,40,128160,卖盘
10:50:57,32.04,0.0,2,6408,卖盘
10:51:00,32.04,0.0,2,6408,卖盘
10:51:03,32.04,0.0,166,531864,卖盘
10:51:06,32.04,0.0,23,73692,卖盘
10:51:09,32.04,0.0,1,3204,卖盘
10:51:12,32.04,0.0,20,64080,卖盘
10:51:15,32.04,0.0,32,102528,卖盘
10:51:18,32.04,0.0,39,124956,卖盘
10:51:24,32.04,0.0,26,83304,卖盘
10:51:27,32.04,0.0,19,60876,卖盘
10:51:33,32.04,0.0,23,73692,卖盘
10:51:36,32.04,0.0,23,73692,卖盘
10:51:39,32.04,0.0,9,28836,卖盘
10:51:42,32.04,0.0,7,22428,卖盘
10:51:45,32.04,0.0,20,64080,卖盘
10:51:48,32.04,0.0,100,320400,卖盘
10:51:51,32.04,0.0,43,137772,卖盘
10:51:54,32.04,0.0,27,86508,卖盘
10:52:00,32.04,0.0,20,64080,卖盘
10:52:03,32.04,0.0,34,108936,卖盘
10:52:10,32.04,0.0,42,134568,卖盘
10:52:12,32.04,0.0,4,12816,卖盘
10:52:15,32.04,0.0,253,810612,卖盘
10:52:18,32.04,0.0,2,6408,卖盘
10:52:21,32.04,0.0,18,57672,卖盘
10:52:24,32.04,0.0,4,12816,卖盘
10:52:27,32.04,0.0,12,38448,卖盘
10:52:36,32.04,0.0,1,3204,卖盘
10:52:42,32.04,0.0,63,201852,卖盘
10:52:48,32.04,0.0,6,19224,卖盘
10:52:51,32.04,0.0,213,682452,卖盘
10:52:54,32.04,0.0,10,32040,卖盘
10:52:57,32.04,0.0,16,51264,卖盘
10:53:00,32.04,0.0,10,32040,卖盘
10:53:03,32.04,0.0,62,198648,卖盘
10:53:06,32.04,0.0,1,3204,卖盘
10:53:12,32.04,0.0,2,6408,卖盘
10:53:15,32.04,0.0,12,38448,卖盘
10:53:18,32.04,0.0,15,48060,卖盘
10:53:21,32.04,0.0,16,51264,卖盘
10:53:24,32.04,0.0,3,9612,卖盘
10:53:27,32.04,0.0,12,38448,卖盘
10:53:30,32.04,0.0,15,48060,卖盘
10:53:33,32.04,0.0,10,32040,卖盘
10:53:42,32.04,0.0,21,67284,卖盘
10:53:45,32.04,0.0,169,541476,卖盘
10:53:48,32.04,0.0,10,32040,卖盘
10:53:51,32.04,0.0,3,9612,卖盘
10:54:00,32.04,0.0,6,19224,卖盘
10:54:06,32.04,0.0,40,128160,卖盘
10:54:09,32.04,0.0,21,67284,卖盘
10:54:12,32.04,0.0,5,16020,卖盘
10:54:15,32.04,0.0,11,35244,卖盘
10:54:21,32.04,0.0,3,9612,卖盘
10:54:24,32.04,0.0,1,3204,卖盘
10:54:27,32.04,0.0,10,32040,卖盘
10:54:30,32.04,0.0,2,6408,卖盘
10:54:33,32.04,0.0,2,6408,卖盘
10:54:37,32.04,0.0,2,6408,卖盘
10:54:39,32.04,0.0,1,3204,卖盘
10:54:42,32.04,0.0,11,35244,卖盘
10:54:45,32.04,0.0,13,41652,卖盘
10:54:48,32.04,0.0,1,3204,卖盘
10:54:54,32.04,0.0,2,6408,卖盘
10:54:57,32.04,0.0,3,9612,卖盘
10:55:00,32.04,0.0,12,38448,卖盘
10:55:03,32.04,0.0,41,131364,卖盘
10:55:06,32.04,0.0,10,32040,卖盘
10:55:09,32.04,0.0,16,51264,卖盘
10:55:15,32.04,0.0,1,3204,卖盘
10:55:21,32.04,0.0,24,76896,卖盘
10:55:24,32.04,0.0,2,6408,卖盘
10:55:33,32.04,0.0,1,4165,卖盘
10:55:36,32.04,0.0,5,16020,卖盘
10:55:39,32.04,0.0,23,73692,卖盘
10:55:42,32.04,0.0,35,112140,卖盘
10:55:45,32.04,0.0,9,28836,卖盘
10:55:54,32.04,0.0,21,67284,卖盘
10:56:04,32.04,0.0,20,64080,卖盘
10:56:09,32.04,0.0,17,54468,卖盘
10:56:12,32.04,0.0,3,9612,卖盘
10:56:18,32.04,0.0,5,16020,卖盘
10:56:21,32.04,0.0,21,67284,卖盘
10:56:27,32.04,0.0,38,121752,卖盘
10:56:36,32.04,0.0,10,32040,卖盘
10:56:42,32.04,0.0,19,60876,卖盘
10:56:48,32.04,0.0,15,48060,卖盘
10:56:51,32.04,0.0,1,3204,卖盘
10:56:54,32.04,0.0,40,128160,卖盘
10:56:57,32.04,0.0,25,80100,卖盘
10:57:00,32.04,0.0,16,51264,卖盘
10:57:03,32.04,0.0,3,9612,卖盘
10:57:06,32.04,0.0,5,16020,卖盘
10:57:09,32.04,0.0,6,19224,卖盘
10:57:12,32.04,0.0,1,3204,卖盘
10:57:18,32.04,0.0,5,16020,卖盘
10:57:21,32.04,0.0,3,9612,卖盘
10:57:24,32.04,0.0,3,9612,卖盘
10:57:30,32.04,0.0,1,3204,卖盘
10:57:33,32.04,0.0,13,41652,卖盘
10:57:36,32.04,0.0,3,9612,卖盘
10:57:39,32.04,0.0,9,28836,卖盘
10:57:42,32.04,0.0,1,3204,卖盘
10:57:48,32.04,0.0,2,6408,卖盘
10:57:54,32.04,0.0,10,32040,卖盘
10:57:57,32.04,0.0,5,16020,卖盘
10:58:00,32.04,0.0,5,16020,卖盘
10:58:09,32.04,0.0,8,25632,卖盘
10:58:12,32.04,0.0,1,3204,卖盘
10:58:15,32.04,0.0,1,3204,卖盘
10:58:21,32.04,0.0,3,9612,卖盘
10:58:27,32.04,0.0,10,32040,卖盘
10:58:33,32.04,0.0,1,3204,卖盘
10:58:39,32.04,0.0,5,16020,卖盘
10:58:42,32.04,0.0,15,48060,卖盘
10:58:45,32.04,0.0,2,6408,卖盘
10:58:48,32.04,0.0,4,12816,卖盘
10:58:54,32.04,0.0,3,9612,卖盘
10:58:57,32.04,0.0,12,38448,卖盘
10:59:00,32.04,0.0,8,25632,卖盘
10:59:03,32.04,0.0,8,25632,卖盘
10:59:06,32.04,0.0,43,137772,卖盘
10:59:09,32.04,0.0,2,6408,卖盘
10:59:12,32.04,0.0,14,44856,卖盘
10:59:18,32.04,0.0,18,57672,卖盘
10:59:21,32.04,0.0,25,80100,卖盘
10:59:24,32.04,0.0,2,6408,卖盘
10:59:39,32.04,0.0,1,3204,卖盘
10:59:45,32.04,0.0,1,3204,卖盘
10:59:54,32.04,0.0,4,12816,卖盘
10:59:57,32.04,0.0,2,6408,卖盘
11:00:03,32.04,0.0,3,9612,卖盘
11:00:09,32.04,0.0,89,285156,卖盘
11:00:15,32.04,0.0,2,6408,卖盘
11:00:21,32.04,0.0,3,9612,卖盘
11:00:24,32.04,0.0,5,16020,卖盘
11:00:30,32.04,0.0,1,3204,卖盘
11:00:36,32.04,0.0,15,48060,卖盘
11:00:39,32.04,0.0,10,32040,卖盘
11:00:45,32.04,0.0,53,169812,卖盘
11:00:48,32.04,0.0,57,182628,卖盘
11:00:51,32.04,0.0,1,3204,卖盘
11:00:54,32.04,0.0,4,12816,卖盘
11:00:57,32.04,0.0,5,16020,卖盘
11:01:00,32.04,0.0,12,38448,卖盘
11:01:06,32.04,0.0,23,73692,卖盘
11:01:10,32.04,0.0,66,211464,卖盘
11:01:15,32.04,0.0,3,9612,卖盘
11:01:21,32.04,0.0,1,3204,卖盘
11:01:24,32.04,0.0,50,160200,卖盘
11:01:33,32.04,0.0,1,3204,卖盘
11:01:39,32.04,0.0,10,32040,卖盘
11:01:42,32.04,0.0,5,16020,卖盘
11:01:48,32.04,0.0,11,35244,卖盘
11:01:51,32.04,0.0,14,44856,卖盘
11:01:55,32.04,0.0,4,12816,卖盘
11:01:57,32.04,0.0,1,3204,卖盘
11:02:00,32.04,0.0,10,32040,卖盘
11:02:03,32.04,0.0,1,3204,卖盘
11:02:06,32.04,0.0,10,32040,卖盘
11:02:09,32.04,0.0,7,22428,卖盘
11:02:12,32.04,0.0,5,16020,卖盘
11:02:24,32.04,0.0,5,16020,卖盘
11:02:27,32.04,0.0,5,16020,卖盘
11:02:30,32.04,0.0,5,16020,卖盘
11:02:33,32.04,0.0,9,28836,卖盘
11:02:36,32.04,0.0,38,121752,卖盘
11:02:43,32.04,0.0,9,28836,卖盘
11:02:45,32.04,0.0,10,32040,卖盘
11:02:49,32.04,0.0,4,12816,卖盘
11:02:57,32.04,0.0,12,38448,卖盘
11:03:00,32.04,0.0,5,16020,卖盘
11:03:06,32.04,0.0,32,102528,卖盘
11:03:15,32.04,0.0,6,19224,卖盘
11:03:18,32.04,0.0,2,6408,卖盘
11:03:24,32.04,0.0,2,6408,卖盘
11:03:27,32.04,0.0,3,9612,卖盘
11:03:33,32.04,0.0,1,3204,卖盘
11:03:42,32.04,0.0,2,6408,卖盘
11:03:51,32.04,0.0,7,22428,卖盘
11:03:54,32.04,0.0,6,19224,卖盘
11:03:57,32.04,0.0,3,9612,卖盘
11:04:01,32.04,0.0,24,76896,卖盘
11:04:10,32.04,0.0,10,32040,卖盘
11:04:30,32.04,0.0,1,3204,卖盘
11:04:39,32.04,0.0,3,9612,卖盘
11:04:45,32.04,0.0,30,96120,卖盘
11:04:48,32.04,0.0,5,16020,卖盘
11:04:58,32.04,0.0,7,22428,卖盘
11:05:03,32.04,0.0,3,9612,卖盘
11:05:09,32.04,0.0,2,6408,卖盘
11:05:12,32.04,0.0,4,12816,卖盘
11:05:24,32.04,0.0,3,9612,卖盘
11:05:30,32.04,0.0,20,64080,卖盘
11:05:36,32.04,0.0,30,96120,卖盘
11:05:45,32.04,0.0,6,19224,卖盘
11:05:54,32.04,0.0,1,3204,卖盘
11:06:00,32.04,0.0,104,333216,卖盘
11:06:06,32.04,0.0,10,32040,卖盘
11:06:24,32.04,0.0,11,35244,卖盘
11:06:27,32.04,0.0,5,16020,卖盘
11:06:30,32.04,0.0,1,3204,卖盘
11:06:33,32.04,0.0,16,51264,卖盘
11:06:36,32.04,0.0,2,6408,卖盘
11:06:42,32.04,0.0,10,32040,卖盘
11:06:45,32.04,0.0,7,22428,卖盘
11:06:57,32.04,0.0,2,6408,卖盘
11:07:01,32.04,0.0,51,163404,卖盘
11:07:09,32.04,0.0,7,22428,卖盘
11:07:12,32.04,0.0,3,9612,卖盘
11:07:21,32.04,0.0,3,9612,卖盘
11:07:27,32.04,0.0,1,3204,卖盘
11:07:36,32.04,0.0,3,9612,卖盘
11:07:45,32.04,0.0,11,35244,卖盘
11:07:48,32.04,0.0,4,12816,卖盘
11:07:54,32.04,0.0,8,25632,卖盘
11:08:06,32.04,0.0,1,3204,卖盘
11:08:09,32.04,0.0,10,32040,卖盘
11:08:19,32.04,0.0,50,160200,卖盘
11:08:22,32.04,0.0,1,3204,卖盘
11:08:30,32.04,0.0,2,6408,卖盘
11:08:42,32.04,0.0,16,51264,卖盘
11:08:51,32.04,0.0,16,51264,卖盘
11:08:57,32.04,0.0,1,3204,卖盘
11:09:00,32.04,0.0,5,16020,卖盘
11:09:03,32.04,0.0,5,16020,卖盘
11:09:06,32.04,0.0,2,6408,卖盘
11:09:09,32.04,0.0,5,16020,卖盘
11:09:12,32.04,0.0,39,124956,卖盘
11:09:15,32.04,0.0,81,259524,卖盘
11:09:24,32.04,0.0,1,3204,卖盘
11:09:36,32.04,0.0,2,6408,卖盘
11:09:45,32.04,0.0,8,25632,卖盘
11:09:51,32.04,0.0,56,179424,卖盘
11:09:54,32.04,0.0,2,6408,卖盘
11:10:06,32.04,0.0,16,51264,卖盘
11:10:09,32.04,0.0,1,3204,卖盘
11:10:12,32.04,0.0,4,12816,卖盘
11:10:24,32.04,0.0,40,128160,卖盘
11:10:27,32.04,0.0,1,3204,卖盘
11:10:39,32.04,0.0,4,12816,卖盘
11:10:54,32.04,0.0,4,12816,卖盘
11:11:00,32.04,0.0,1,3204,卖盘
11:11:09,32.04,0.0,8,25632,卖盘
11:11:15,32.04,0.0,10,32040,卖盘
11:11:19,32.04,0.0,1,3204,卖盘
11:11:24,32.04,0.0,10,32040,卖盘
11:11:36,32.04,0.0,3,9612,卖盘
11:11:39,32.04,0.0,33,105732,卖盘
11:11:42,32.04,0.0,5,16020,卖盘
11:11:48,32.04,0.0,1,3204,卖盘
11:11:54,32.04,0.0,1,3204,卖盘
11:11:57,32.04,0.0,50,160200,卖盘
11:12:12,32.04,0.0,6,19224,卖盘
11:12:15,32.04,0.0,2,6408,卖盘
11:12:30,32.04,0.0,2,6408,卖盘
11:12:33,32.04,0.0,17,54468,卖盘
11:12:49,32.04,0.0,8,25632,卖盘
11:13:00,32.04,0.0,8,25632,卖盘
11:13:03,32.04,0.0,4,12816,卖盘
11:13:09,32.04,0.0,4,12816,卖盘
11:13:12,32.04,0.0,7,22428,卖盘
11:13:24,32.04,0.0,2,6408,卖盘
11:13:27,32.04,0.0,18,57672,卖盘
11:13:34,32.04,0.0,3,9612,卖盘
11:13:36,32.04,0.0,91,291564,卖盘
11:13:42,32.04,0.0,6,19224,卖盘
11:13:54,32.04,0.0,5,16020,卖盘
11:14:06,32.04,0.0,1,3204,卖盘
11:14:09,32.04,0.0,1,3204,卖盘
11:14:18,32.04,0.0,10,32040,卖盘
11:14:27,32.04,0.0,6,19224,卖盘
11:14:30,32.04,0.0,100,320400,卖盘
11:14:36,32.04,0.0,6,19224,卖盘
11:14:39,32.04,0.0,4,12816,卖盘
11:14:45,32.04,0.0,1,3204,卖盘
11:14:51,32.04,0.0,10,32040,卖盘
11:14:54,32.04,0.0,4,12816,卖盘
11:14:57,32.04,0.0,7,22428,卖盘
11:15:00,32.04,0.0,4,12816,卖盘
11:15:06,32.04,0.0,16,51264,卖盘
11:15:24,32.04,0.0,13,41652,卖盘
11:15:27,32.04,0.0,7,22428,卖盘
11:15:33,32.04,0.0,517,1656468,卖盘
11:15:39,32.04,0.0,11,35244,卖盘
11:15:42,32.04,0.0,10,32040,卖盘
11:15:45,32.04,0.0,11,35244,卖盘
11:16:03,32.04,0.0,22,70488,卖盘
11:16:06,32.04,0.0,2,6408,卖盘
11:16:21,32.04,0.0,11,35244,卖盘
11:16:30,32.04,0.0,1,3204,卖盘
11:16:36,32.04,0.0,5,16020,卖盘
11:16:39,32.04,0.0,10,32040,卖盘
11:16:42,32.04,0.0,12,38448,卖盘
11:16:51,32.04,0.0,3,9612,卖盘
11:16:57,32.04,0.0,10,32040,卖盘
11:17:00,32.04,0.0,2,6408,卖盘
11:17:03,32.04,0.0,7,22428,卖盘
11:17:06,32.04,0.0,2,6408,卖盘
11:17:18,32.04,0.0,10,32040,卖盘
11:17:21,32.04,0.0,3,9612,卖盘
11:17:30,32.04,0.0,5,16020,卖盘
11:17:33,32.04,0.0,3,9612,卖盘
11:17:36,32.04,0.0,2,6408,卖盘
11:17:42,32.04,0.0,8,25632,卖盘
11:17:45,32.04,0.0,3,9612,卖盘
11:17:54,32.04,0.0,5,16020,卖盘
11:18:00,32.04,0.0,3,9612,卖盘
11:18:03,32.04,0.0,2,6408,卖盘
11:18:15,32.04,0.0,3,9612,卖盘
11:18:39,32.04,0.0,3,9612,卖盘
11:19:00,32.04,0.0,32,102528,卖盘
11:19:03,32.04,0.0,1,3204,卖盘
11:19:09,32.04,0.0,1,3204,卖盘
11:19:12,32.04,0.0,1,3204,卖盘
11:19:18,32.04,0.0,5,16020,卖盘
11:19:27,32.04,0.0,2,6408,卖盘
11:19:36,32.04,0.0,1,3204,卖盘
11:20:18,32.04,0.0,3,9612,卖盘
11:20:30,32.04,0.0,15,48060,卖盘
11:20:33,32.04,0.0,6,19224,卖盘
11:21:06,32.04,0.0,15,48060,卖盘
11:21:12,32.04,0.0,1,3204,卖盘
11:21:33,32.04,0.0,4,12816,卖盘
11:21:36,32.04,0.0,7,22428,卖盘
11:21:42,32.04,0.0,3,9612,卖盘
11:21:45,32.04,0.0,13,41652,卖盘
11:21:51,32.04,0.0,1,3204,卖盘
11:22:33,32.04,0.0,3,9612,卖盘
11:22:42,32.04,0.0,20,64080,卖盘
11:22:48,32.04,0.0,3,9612,卖盘
11:23:00,32.04,0.0,2,6408,卖盘
11:23:12,32.04,0.0,2,6408,卖盘
11:23:24,32.04,0.0,3,9612,卖盘
11:23:36,32.04,0.0,44,140976,卖盘
11:24:03,32.04,0.0,3,9612,卖盘
11:24:09,32.04,0.0,3,9612,卖盘
11:24:30,32.04,0.0,3,9612,卖盘
11:24:42,32.04,0.0,1,3204,卖盘
11:25:21,32.04,0.0,3,9612,卖盘
11:25:27,32.04,0.0,2,6408,卖盘
11:25:48,32.04,0.0,11,35244,卖盘
11:26:12,32.04,0.0,18,57672,卖盘
11:26:27,32.04,0.0,10,32040,卖盘
11:26:33,32.04,0.0,15,48060,卖盘
11:26:51,32.04,0.0,1,3204,卖盘
11:26:54,32.04,0.0,7,22428,卖盘
11:26:57,32.04,0.0,18,57672,卖盘
11:27:00,32.04,0.0,2,6408,卖盘
11:27:06,32.04,0.0,1,3204,卖盘
11:27:09,32.04,0.0,1,3204,卖盘
11:27:18,32.04,0.0,1,3204,卖盘
11:27:30,32.04,0.0,4,12816,卖盘
11:27:48,32.04,0.0,40,128160,卖盘
11:27:57,32.04,0.0,4,12816,卖盘
11:28:09,32.04,0.0,6,19224,卖盘
11:28:15,32.04,0.0,25,80100,卖盘
11:28:27,32.04,0.0,1,3204,卖盘
11:28:33,32.04,0.0,124,397296,卖盘
11:28:36,32.04,0.0,1,3204,卖盘
11:28:45,32.04,0.0,30,96120,卖盘
11:28:57,32.04,0.0,2,6408,卖盘
11:29:00,32.04,0.0,2,6408,卖盘
11:29:03,32.04,0.0,4,12816,卖盘
11:29:15,32.04,0.0,2,6408,卖盘
11:29:18,32.04,0.0,56,179424,卖盘
11:29:30,32.04,0.0,2,6408,卖盘
11:29:33,32.04,0.0,2,6408,卖盘
13:00:00,32.04,0.0,10,32040,卖盘
13:00:03,32.04,0.0,182,583128,卖盘
13:00:06,32.04,0.0,202,647208,卖盘
13:00:09,32.04,0.0,195,624780,卖盘
13:00:13,32.04,0.0,69,221076,卖盘
13:00:15,32.04,0.0,85,272340,卖盘
13:00:21,32.04,0.0,20,64080,卖盘
13:00:27,32.04,0.0,32,102528,卖盘
13:00:30,32.04,0.0,20,64080,卖盘
13:01:15,32.04,0.0,1,3204,卖盘
13:01:27,32.04,0.0,2,6408,卖盘
13:01:30,32.04,0.0,1,3204,卖盘
13:01:42,32.04,0.0,50,160200,卖盘
13:01:57,32.04,0.0,1,3204,卖盘
13:02:00,32.04,0.0,5,16020,卖盘
13:02:18,32.04,0.0,3,9612,卖盘
13:02:27,32.04,0.0,7,22428,卖盘
13:02:30,32.04,0.0,105,336420,卖盘
13:02:33,32.04,0.0,20,64080,卖盘
13:03:03,32.04,0.0,6,19224,卖盘
13:03:10,32.04,0.0,50,160200,卖盘
13:03:21,32.04,0.0,4,12816,卖盘
13:03:27,32.04,0.0,56,179424,卖盘
13:03:45,32.04,0.0,4,12816,卖盘
13:03:57,32.04,0.0,60,192240,卖盘
13:04:12,32.04,0.0,1,3204,卖盘
13:04:21,32.04,0.0,50,160200,卖盘
13:04:33,32.04,0.0,56,179424,卖盘
13:04:42,32.04,0.0,2,6408,卖盘
13:04:45,32.04,0.0,3,9612,卖盘
13:04:48,32.04,0.0,1,3204,卖盘
13:04:51,32.04,0.0,5,16020,卖盘
13:04:54,32.04,0.0,3,9612,卖盘
13:04:57,32.04,0.0,50,160200,卖盘
13:05:12,32.04,0.0,50,160200,卖盘
13:05:15,32.04,0.0,13,41652,卖盘
13:05:24,32.04,0.0,1,3204,卖盘
13:05:33,32.04,0.0,1,3204,卖盘
13:05:39,32.04,0.0,71,227484,卖盘
13:05:42,32.04,0.0,6,19224,卖盘
13:06:15,32.04,0.0,50,160200,卖盘
13:06:18,32.04,0.0,5,16020,卖盘
13:06:21,32.04,0.0,2,6408,卖盘
13:06:24,32.04,0.0,51,163404,卖盘
13:06:27,32.04,0.0,2,6408,卖盘
13:06:42,32.04,0.0,1,3204,卖盘
13:06:51,32.04,0.0,1,3204,卖盘
13:06:57,32.04,0.0,20,64080,卖盘
13:07:03,32.04,0.0,8,25632,卖盘
13:07:06,32.04,0.0,10,32040,卖盘
13:07:09,32.04,0.0,3,9612,卖盘
13:07:18,32.04,0.0,2,6408,卖盘
13:07:21,32.04,0.0,5,16020,卖盘
13:07:30,32.04,0.0,14,44856,卖盘
13:07:33,32.04,0.0,20,64080,卖盘
13:07:42,32.04,0.0,41,131364,卖盘
13:07:45,32.04,0.0,30,96120,卖盘
13:07:48,32.04,0.0,45,144180,卖盘
13:07:54,32.04,0.0,6,19224,卖盘
13:08:03,32.04,0.0,1,3204,卖盘
13:08:15,32.04,0.0,3,9612,卖盘
13:08:21,32.04,0.0,1,3204,卖盘
13:08:45,32.04,0.0,3,9612,卖盘
13:09:00,32.04,0.0,92,294768,卖盘
13:09:12,32.04,0.0,5,16020,卖盘
13:09:27,32.04,0.0,3,9612,卖盘
13:09:57,32.04,0.0,28,89712,卖盘
13:10:00,32.04,0.0,9,28836,卖盘
13:10:15,32.04,0.0,1,3204,卖盘
13:10:30,32.04,0.0,2,6408,卖盘
13:11:03,32.04,0.0,50,160200,卖盘
13:11:09,32.04,0.0,7,22428,卖盘
13:11:15,32.04,0.0,3,9612,卖盘
13:11:31,32.04,0.0,1,3204,卖盘
13:11:33,32.04,0.0,30,96120,卖盘
13:12:24,32.04,0.0,8,25632,卖盘
13:12:30,32.04,0.0,9,28836,卖盘
13:12:33,32.04,0.0,4,12816,卖盘
13:12:36,32.04,0.0,1,3204,卖盘
13:12:45,32.04,0.0,5,16020,卖盘
13:12:48,32.04,0.0,2,6408,卖盘
13:13:30,32.04,0.0,10,32040,卖盘
13:13:33,32.04,0.0,30,96120,卖盘
13:13:37,32.04,0.0,7,22428,卖盘
13:13:45,32.04,0.0,1,3204,卖盘
13:14:06,32.04,0.0,1,3204,卖盘
13:14:36,32.04,0.0,3,9612,卖盘
13:14:42,32.04,0.0,1,3204,卖盘
13:14:48,32.04,0.0,1,3204,卖盘
13:14:51,32.04,0.0,20,64080,卖盘
13:15:00,32.04,0.0,20,64080,卖盘
13:15:03,32.04,0.0,6,19224,卖盘
13:15:15,32.04,0.0,3,9612,卖盘
13:15:21,32.04,0.0,4,12816,卖盘
13:15:27,32.04,0.0,5,16020,卖盘
13:15:33,32.04,0.0,5,16020,卖盘
13:15:42,32.04,0.0,52,166608,卖盘
13:15:51,32.04,0.0,1,3204,卖盘
13:15:57,32.04,0.0,2,6408,卖盘
13:16:00,32.04,0.0,50,160200,卖盘
13:16:03,32.04,0.0,18,57672,卖盘
13:16:12,32.04,0.0,38,121752,卖盘
13:16:18,32.04,0.0,9,28836,卖盘
13:16:21,32.04,0.0,1,3204,卖盘
13:16:27,32.04,0.0,2,6408,卖盘
13:16:30,32.04,0.0,1,3204,卖盘
13:16:33,32.04,0.0,9,28836,卖盘
13:16:36,32.04,0.0,44,140976,卖盘
13:16:42,32.04,0.0,1,3204,卖盘
13:16:48,32.04,0.0,100,320400,卖盘
13:16:54,32.04,0.0,1,3204,卖盘
13:17:00,32.04,0.0,15,48060,卖盘
13:17:03,32.04,0.0,10,32040,卖盘
13:17:09,32.04,0.0,2,6408,卖盘
13:17:18,32.04,0.0,10,32040,卖盘
13:17:30,32.04,0.0,9,28836,卖盘
13:17:33,32.04,0.0,1,3204,卖盘
13:17:57,32.04,0.0,1,3204,卖盘
13:18:00,32.04,0.0,10,32040,卖盘
13:18:06,32.04,0.0,10,32040,卖盘
13:18:21,32.04,0.0,6,19224,卖盘
13:18:27,32.04,0.0,15,48060,卖盘
13:18:33,32.04,0.0,1,3204,卖盘
13:18:36,32.04,0.0,42,134568,卖盘
13:18:42,32.04,0.0,3,9612,卖盘
13:18:48,32.04,0.0,3,9612,卖盘
13:19:06,32.04,0.0,5,16020,卖盘
13:19:09,32.04,0.0,37,118548,卖盘
13:19:12,32.04,0.0,10,32040,卖盘
13:19:21,32.04,0.0,2,6408,卖盘
13:19:30,32.04,0.0,10,32040,卖盘
13:19:45,32.04,0.0,1,3204,卖盘
13:19:57,32.04,0.0,7,22428,卖盘
13:20:27,32.04,0.0,6,19224,卖盘
13:20:42,32.04,0.0,1,3204,卖盘
13:20:51,32.04,0.0,108,346032,卖盘
13:20:54,32.04,0.0,10,32040,卖盘
13:20:57,32.04,0.0,5,16020,卖盘
13:21:06,32.04,0.0,1,3204,卖盘
13:21:09,32.04,0.0,2,6408,卖盘
13:21:21,32.04,0.0,5,16020,卖盘
13:21:36,32.04,0.0,22,70488,卖盘
13:21:40,32.04,0.0,15,48060,卖盘
13:21:42,32.04,0.0,3,9612,卖盘
13:21:45,32.04,0.0,5,16020,卖盘
13:21:57,32.04,0.0,4,12816,卖盘
13:22:06,32.04,0.0,6,19224,卖盘
13:22:33,32.04,0.0,17,54468,卖盘
13:22:48,32.04,0.0,1,3204,卖盘
13:23:00,32.04,0.0,15,48060,卖盘
13:23:09,32.04,0.0,1,3204,卖盘
13:23:18,32.04,0.0,10,32040,卖盘
13:23:39,32.04,0.0,55,176220,卖盘
13:23:48,32.04,0.0,30,96120,卖盘
13:24:00,32.04,0.0,1,3204,卖盘
13:24:15,32.04,0.0,6,19224,卖盘
13:24:27,32.04,0.0,2,6408,卖盘
13:24:30,32.04,0.0,41,131364,卖盘
13:24:39,32.04,0.0,2,6408,卖盘
13:25:03,32.04,0.0,5,16020,卖盘
13:25:06,32.04,0.0,1,3204,卖盘
13:25:27,32.04,0.0,2,6408,卖盘
13:25:30,32.04,0.0,4,12816,卖盘
13:25:33,32.04,0.0,3,9612,卖盘
13:25:42,32.04,0.0,3,9612,卖盘
13:25:51,32.04,0.0,1,3204,卖盘
13:26:06,32.04,0.0,1,3204,卖盘
13:26:21,32.04,0.0,2,6408,卖盘
13:26:30,32.04,0.0,1,3204,卖盘
13:26:42,32.04,0.0,3,9612,卖盘
13:26:51,32.04,0.0,2,6408,卖盘
13:26:57,32.04,0.0,2,6408,卖盘
13:27:06,32.04,0.0,14,44856,卖盘
13:27:15,32.04,0.0,6,19224,卖盘
13:27:24,32.04,0.0,1,3204,卖盘
13:27:30,32.04,0.0,10,32040,卖盘
13:27:46,32.04,0.0,2,6408,卖盘
13:27:54,32.04,0.0,9,28836,卖盘
13:28:00,32.04,0.0,1,3204,卖盘
13:28:03,32.04,0.0,50,160200,卖盘
13:28:09,32.04,0.0,2,6408,卖盘
13:28:24,32.04,0.0,50,160200,卖盘
13:28:36,32.04,0.0,50,160200,卖盘
13:28:57,32.04,0.0,1,3204,卖盘
13:29:06,32.04,0.0,2,6408,卖盘
13:29:24,32.04,0.0,29,92916,卖盘
13:29:57,32.04,0.0,5,16020,卖盘
13:30:07,32.04,0.0,4,12816,卖盘
13:30:15,32.04,0.0,3,9612,卖盘
13:30:18,32.04,0.0,1,3204,卖盘
13:30:39,32.04,0.0,5,16020,卖盘
13:30:45,32.04,0.0,1,3204,卖盘
13:31:01,32.04,0.0,1,3204,卖盘
13:31:03,32.04,0.0,4,12816,卖盘
13:31:09,32.04,0.0,10,32040,卖盘
13:31:12,32.04,0.0,16,51264,卖盘
13:31:18,32.04,0.0,8,25632,卖盘
13:31:30,32.04,0.0,3,9612,卖盘
13:31:42,32.04,0.0,50,160200,卖盘
13:31:54,32.04,0.0,16,51264,卖盘
13:32:00,32.04,0.0,10,32040,卖盘
13:32:03,32.04,0.0,3,9612,卖盘
13:32:09,32.04,0.0,1,3204,卖盘
13:32:12,32.04,0.0,1,3204,卖盘
13:32:18,32.04,0.0,1,3204,卖盘
13:32:36,32.04,0.0,4,12816,卖盘
13:32:39,32.04,0.0,2,6408,卖盘
13:32:45,32.04,0.0,18,57672,卖盘
13:32:48,32.04,0.0,4,12816,卖盘
13:32:54,32.04,0.0,2,6408,卖盘
13:33:00,32.04,0.0,1,3204,卖盘
13:33:03,32.04,0.0,2,6408,卖盘
13:33:27,32.04,0.0,1,3204,卖盘
13:33:43,32.04,0.0,106,339624,卖盘
13:33:57,32.04,0.0,22,70488,卖盘
13:34:00,32.04,0.0,8,25632,卖盘
13:34:15,32.04,0.0,2,6408,卖盘
13:34:18,32.04,0.0,9,28836,卖盘
13:34:27,32.04,0.0,20,64080,卖盘
13:35:03,32.04,0.0,13,41652,卖盘
13:35:09,32.04,0.0,3,9612,卖盘
13:35:12,32.04,0.0,3,9612,卖盘
13:35:15,32.04,0.0,1,3204,卖盘
13:35:19,32.04,0.0,1,3204,卖盘
13:35:24,32.04,0.0,1,3204,卖盘
13:35:33,32.04,0.0,208,666432,卖盘
13:35:39,32.04,0.0,62,198648,卖盘
13:35:42,32.04,0.0,1,3204,卖盘
13:35:45,32.04,0.0,22,70488,卖盘
13:35:51,32.04,0.0,1,3204,卖盘
13:35:54,32.04,0.0,7,22428,卖盘
13:35:57,32.04,0.0,6,19224,卖盘
13:36:01,32.04,0.0,20,64080,卖盘
13:36:03,32.04,0.0,2,6408,卖盘
13:36:06,32.04,0.0,2,6408,卖盘
13:36:09,32.04,0.0,11,35244,卖盘
13:36:15,32.04,0.0,4,12816,卖盘
13:36:24,32.04,0.0,2,6408,卖盘
13:36:27,32.04,0.0,4,12816,卖盘
13:36:33,32.04,0.0,1,3204,卖盘
13:36:36,32.04,0.0,10,32040,卖盘
13:36:40,32.04,0.0,1,3204,卖盘
13:36:42,32.04,0.0,3,9612,卖盘
13:36:51,32.04,0.0,1,3204,卖盘
13:37:00,32.04,0.0,1,3204,卖盘
13:37:09,32.04,0.0,1,3204,卖盘
13:37:27,32.04,0.0,2,6408,卖盘
13:37:30,32.04,0.0,7,22428,卖盘
13:37:33,32.04,0.0,1,3204,卖盘
13:37:36,32.04,0.0,5,16020,卖盘
13:37:39,32.04,0.0,1,3204,卖盘
13:37:42,32.04,0.0,1,3204,卖盘
13:37:45,32.04,0.0,12,38448,卖盘
13:37:51,32.04,0.0,4,12816,卖盘
13:38:00,32.04,0.0,56,179424,卖盘
13:38:06,32.04,0.0,9,28836,卖盘
13:38:27,32.04,0.0,1,3204,卖盘
13:38:42,32.04,0.0,1,3204,卖盘
13:39:06,32.04,0.0,1,3204,卖盘
13:39:12,32.04,0.0,1,3204,卖盘
13:39:18,32.04,0.0,1,3204,卖盘
13:39:27,32.04,0.0,2,6408,卖盘
13:39:57,32.04,0.0,1,3204,卖盘
13:41:00,32.04,0.0,4,12816,卖盘
13:41:06,32.04,0.0,10,32040,卖盘
13:41:42,32.04,0.0,4,12816,卖盘
13:41:51,32.04,0.0,17,54468,卖盘
13:41:57,32.04,0.0,27,86508,卖盘
13:42:00,32.04,0.0,24,76896,卖盘
13:42:12,32.04,0.0,2,6408,卖盘
13:42:43,32.04,0.0,2,6408,卖盘
13:43:15,32.04,0.0,1,3204,卖盘
13:43:21,32.04,0.0,7,22428,卖盘
13:43:30,32.04,0.0,10,32040,卖盘
13:43:39,32.04,0.0,5,16020,卖盘
13:43:51,32.04,0.0,5,16020,卖盘
13:44:42,32.04,0.0,4,12816,卖盘
13:44:48,32.04,0.0,1,3204,卖盘
13:45:03,32.04,0.0,2,6408,卖盘
13:45:12,32.04,0.0,1,3204,卖盘
13:45:15,32.04,0.0,6,19224,卖盘
13:45:36,32.04,0.0,3,9612,卖盘
13:45:54,32.04,0.0,7,22428,卖盘
13:46:03,32.04,0.0,1,3204,卖盘
13:46:06,32.04,0.0,20,64080,卖盘
13:46:24,32.04,0.0,5,16020,卖盘
13:46:39,32.04,0.0,20,64080,卖盘
13:46:48,32.04,0.0,1,3204,卖盘
13:47:03,32.04,0.0,5,16020,卖盘
13:47:09,32.04,0.0,2,6408,卖盘
13:47:33,32.04,0.0,4,12816,卖盘
13:47:51,32.04,0.0,1,3204,卖盘
13:47:57,32.04,0.0,5,16020,卖盘
13:48:04,32.04,0.0,3,9612,卖盘
13:48:21,32.04,0.0,2,6408,卖盘
13:48:27,32.04,0.0,36,115344,卖盘
13:48:30,32.04,0.0,3,9612,卖盘
13:49:03,32.04,0.0,235,752940,卖盘
13:49:09,32.04,0.0,2,6408,卖盘
13:49:45,32.04,0.0,9,28836,卖盘
13:50:12,32.04,0.0,17,54468,卖盘
13:50:15,32.04,0.0,1,3204,卖盘
13:51:06,32.04,0.0,1,3204,卖盘
13:51:09,32.04,0.0,8,25632,卖盘
13:51:15,32.04,0.0,1,3204,卖盘
13:51:24,32.04,0.0,3,9612,卖盘
13:51:30,32.04,0.0,5,16020,卖盘
13:51:51,32.04,0.0,5,16020,卖盘
13:51:54,32.04,0.0,1,3204,卖盘
13:52:07,32.04,0.0,3,9612,卖盘
13:52:15,32.04,0.0,5,16020,卖盘
13:52:18,32.04,0.0,1,3204,卖盘
13:52:27,32.04,0.0,1,3204,卖盘
13:52:30,32.04,0.0,6,19224,卖盘
13:52:33,32.04,0.0,1,3204,卖盘
13:53:00,32.04,0.0,5,16020,卖盘
13:53:04,32.04,0.0,19,60876,卖盘
13:53:27,32.04,0.0,0,320,卖盘
13:53:39,32.04,0.0,3,9612,卖盘
13:53:54,32.04,0.0,1,3204,卖盘
13:54:03,32.04,0.0,1,3204,卖盘
13:54:30,32.04,0.0,1,3204,卖盘
13:55:06,32.04,0.0,2,6408,卖盘
13:55:09,32.04,0.0,4,12816,卖盘
13:55:21,32.04,0.0,2,6408,卖盘
13:56:06,32.04,0.0,6,19224,卖盘
13:56:42,32.04,0.0,10,32040,卖盘
13:56:45,32.04,0.0,4,12816,卖盘
13:56:54,32.04,0.0,1,3204,卖盘
13:57:30,32.04,0.0,6,19224,卖盘
13:57:36,32.04,0.0,3,9612,卖盘
13:57:45,32.04,0.0,1,3204,卖盘
13:57:51,32.04,0.0,1,3204,卖盘
13:58:09,32.04,0.0,2,6408,卖盘
13:58:27,32.04,0.0,1,3204,卖盘
13:58:31,32.04,0.0,1,3204,卖盘
13:58:42,32.04,0.0,7,22428,卖盘
13:58:45,32.04,0.0,1,3204,卖盘
13:59:03,32.04,0.0,118,378072,卖盘
13:59:06,32.04,0.0,9,28836,卖盘
13:59:12,32.04,0.0,5,16020,卖盘
13:59:21,32.04,0.0,125,400500,卖盘
13:59:39,32.04,0.0,3,9612,卖盘
13:59:45,32.04,0.0,1,3204,卖盘
14:00:18,32.04,0.0,10,32040,卖盘
14:00:27,32.04,0.0,1,3204,卖盘
14:00:42,32.04,0.0,2,6408,卖盘
14:01:45,32.04,0.0,3,9612,卖盘
14:02:03,32.04,0.0,3,9612,卖盘
14:02:27,32.04,0.0,1,3204,卖盘
14:02:57,32.04,0.0,1,3204,卖盘
14:03:36,32.04,0.0,1,3204,卖盘
14:04:06,32.04,0.0,20,64080,卖盘
14:04:18,32.04,0.0,1,3204,卖盘
14:05:51,32.04,0.0,1,3204,卖盘
14:06:18,32.04,0.0,20,64080,卖盘
14:07:33,32.04,0.0,7,22428,卖盘
14:07:54,32.04,0.0,1,3204,卖盘
14:07:57,32.04,0.0,7,22428,卖盘
14:08:15,32.04,0.0,10,32040,卖盘
14:08:30,32.04,0.0,1,3204,卖盘
14:08:45,32.04,0.0,5,16020,卖盘
14:08:57,32.04,0.0,1,3204,卖盘
14:09:12,32.04,0.0,3,9612,卖盘
14:09:18,32.04,0.0,1,3204,卖盘
14:09:24,32.04,0.0,4,12816,卖盘
14:09:39,32.04,0.0,4,12816,卖盘
14:09:48,32.04,0.0,3,9612,卖盘
14:10:42,32.04,0.0,2,6408,卖盘
14:11:00,32.04,0.0,3,9612,卖盘
14:11:09,32.04,0.0,3,9612,卖盘
14:11:57,32.04,0.0,4,12816,卖盘
14:12:03,32.04,0.0,1,3204,卖盘
14:12:15,32.04,0.0,2,6408,卖盘
14:12:39,32.04,0.0,1,3204,卖盘
14:12:45,32.04,0.0,3,9612,卖盘
14:13:12,32.04,0.0,1,3204,卖盘
14:13:36,32.04,0.0,7,22428,卖盘
14:14:42,32.04,0.0,4,12816,卖盘
14:15:21,32.04,0.0,10,32040,卖盘
14:16:27,32.04,0.0,3,9612,卖盘
14:17:03,32.04,0.0,2,6408,卖盘
14:17:12,32.04,0.0,1,3204,卖盘
14:17:24,32.04,0.0,3,9612,卖盘
14:17:48,32.04,0.0,5,16020,卖盘
14:17:51,32.04,0.0,7,22428,卖盘
14:19:30,32.04,0.0,10,32040,卖盘
14:20:09,32.04,0.0,10,32040,卖盘
14:20:21,32.04,0.0,4,12816,卖盘
14:20:24,32.04,0.0,1,3204,卖盘
14:20:57,32.04,0.0,7,22428,卖盘
14:21:00,32.04,0.0,8,25632,卖盘
14:21:15,32.04,0.0,4,12816,卖盘
14:21:27,32.04,0.0,2,6408,卖盘
14:22:06,32.04,0.0,5,16020,卖盘
14:22:57,32.04,0.0,3,9612,卖盘
14:23:09,32.04,0.0,1,3204,卖盘
14:23:30,32.04,0.0,1,3204,卖盘
14:23:51,32.04,0.0,7,22428,卖盘
14:24:18,32.04,0.0,1,3204,卖盘
14:24:27,32.04,0.0,22,70488,卖盘
14:24:30,32.04,0.0,3,9612,卖盘
14:25:18,32.04,0.0,1,3204,卖盘
14:26:00,32.04,0.0,3,9612,卖盘
14:26:12,32.04,0.0,1,3204,卖盘
14:27:33,32.04,0.0,32,102528,卖盘
14:27:42,32.04,0.0,1,3204,卖盘
14:28:24,32.04,0.0,1,3204,卖盘
14:28:39,32.04,0.0,5,16020,卖盘
14:28:51,32.04,0.0,7,22428,卖盘
14:28:57,32.04,0.0,7,22428,卖盘
14:29:09,32.04,0.0,6,19224,卖盘
14:29:12,32.04,0.0,12,38448,卖盘
14:29:21,32.04,0.0,15,48060,卖盘
14:29:24,32.04,0.0,1,3204,卖盘
14:29:33,32.04,0.0,4,12816,卖盘
14:29:42,32.04,0.0,2,6408,卖盘
14:29:51,32.04,0.0,2,6408,卖盘
14:30:03,32.04,0.0,2,6408,卖盘
14:30:18,32.04,0.0,10,32040,卖盘
14:30:21,32.04,0.0,10,32040,卖盘
14:30:24,32.04,0.0,1,3204,卖盘
14:30:57,32.04,0.0,1,3204,卖盘
14:31:18,32.04,0.0,20,64080,卖盘
14:32:09,32.04,0.0,1,3204,卖盘
14:32:18,32.04,0.0,11,35244,卖盘
14:32:30,32.04,0.0,2,6408,卖盘
14:32:36,32.04,0.0,5,16020,卖盘
14:32:39,32.04,0.0,3,9612,卖盘
14:32:48,32.04,0.0,1,3204,卖盘
14:33:09,32.04,0.0,21,67284,卖盘
14:33:15,32.04,0.0,10,32040,卖盘
14:33:27,32.04,0.0,7,22428,卖盘
14:33:30,32.04,0.0,10,32040,卖盘
14:33:45,32.04,0.0,1,3204,卖盘
14:33:54,32.04,0.0,4,12816,卖盘
14:34:00,32.04,0.0,2,6408,卖盘
14:34:03,32.04,0.0,6,19224,卖盘
14:34:06,32.04,0.0,50,160200,卖盘
14:34:30,32.04,0.0,1,3204,卖盘
14:34:54,32.04,0.0,2,6408,卖盘
14:35:12,32.04,0.0,1,3204,卖盘
14:35:30,32.04,0.0,7,22428,卖盘
14:35:45,32.04,0.0,2,6408,卖盘
14:35:57,32.04,0.0,3,9612,卖盘
14:36:12,32.04,0.0,3,9612,卖盘
14:36:39,32.04,0.0,4,12816,卖盘
14:37:57,32.04,0.0,3,9612,卖盘
14:38:06,32.04,0.0,3,9612,卖盘
14:38:09,32.04,0.0,1,3204,卖盘
14:38:18,32.04,0.0,4,12816,卖盘
14:38:21,32.04,0.0,3,9612,卖盘
14:40:39,32.04,0.0,1,3204,卖盘
14:41:39,32.04,0.0,1,3204,卖盘
14:42:06,32.04,0.0,2,6408,卖盘
14:43:42,32.04,0.0,1,3204,卖盘
14:44:03,32.04,0.0,2,6408,卖盘
14:44:24,32.04,0.0,10,32040,卖盘
14:44:48,32.04,0.0,1,3204,卖盘
14:44:54,32.04,0.0,5,16020,卖盘
14:45:18,32.04,0.0,1,3204,卖盘
14:45:27,32.04,0.0,1,3204,卖盘
14:46:12,32.04,0.0,1,3204,卖盘
14:46:15,32.04,0.0,10,32040,卖盘
14:47:03,32.04,0.0,14,44856,卖盘
14:47:06,32.04,0.0,1,3204,卖盘
14:47:30,32.04,0.0,10,32040,卖盘
14:47:40,32.04,0.0,4,12816,卖盘
14:47:45,32.04,0.0,2,6408,卖盘
14:48:12,32.04,0.0,250,801000,卖盘
14:48:42,32.04,0.0,2,6408,卖盘
14:48:45,32.04,0.0,2,6408,卖盘
14:49:00,32.04,0.0,1,3204,卖盘
14:49:12,32.04,0.0,2,6408,卖盘
14:49:48,32.04,0.0,30,96120,卖盘
14:50:00,32.04,0.0,2,6408,卖盘
14:50:03,32.04,0.0,17,54468,卖盘
14:50:15,32.04,0.0,5,16020,卖盘
14:50:21,32.04,0.0,32,102528,卖盘
14:50:30,32.04,0.0,1,3204,卖盘
14:50:39,32.04,0.0,11,35244,卖盘
14:50:42,32.04,0.0,90,288360,卖盘
14:50:57,32.04,0.0,10,32040,卖盘
14:51:00,32.04,0.0,1,3204,卖盘
14:51:21,32.04,0.0,5,16020,卖盘
14:51:30,32.04,0.0,1,3204,卖盘
14:51:39,32.04,0.0,5,16020,卖盘
14:51:42,32.04,0.0,1,3204,卖盘
14:51:45,32.04,0.0,20,64080,卖盘
14:51:48,32.04,0.0,10,32040,卖盘
14:52:00,32.04,0.0,1,3204,卖盘
14:52:06,32.04,0.0,15,48060,卖盘
14:52:18,32.04,0.0,5,16020,卖盘
14:52:24,32.04,0.0,50,160200,卖盘
14:52:36,32.04,0.0,2,6408,卖盘
14:52:39,32.04,0.0,2,6408,卖盘
14:52:51,32.04,0.0,2,6408,卖盘
14:53:24,32.04,0.0,2,6408,卖盘
14:53:36,32.04,0.0,101,323604,卖盘
14:53:39,32.04,0.0,2,6408,卖盘
14:53:45,32.04,0.0,60,192240,卖盘
14:53:54,32.04,0.0,2,6408,卖盘
14:54:06,32.04,0.0,34,108936,卖盘
14:54:12,32.04,0.0,20,64080,卖盘
14:54:21,32.04,0.0,16,51264,卖盘
14:54:30,32.04,0.0,3,9612,卖盘
14:54:51,32.04,0.0,10,32040,卖盘
14:55:03,32.04,0.0,5,16020,卖盘
14:55:15,32.04,0.0,9,28836,卖盘
14:55:24,32.04,0.0,5,16020,卖盘
14:55:30,32.04,0.0,4,12816,卖盘
14:55:36,32.04,0.0,10,32040,卖盘
14:55:39,32.04,0.0,9,28836,卖盘
14:55:42,32.04,0.0,4,12816,卖盘
14:55:45,32.04,0.0,10,32040,卖盘
14:55:51,32.04,0.0,17,54372,卖盘
14:56:09,32.04,0.0,24,76896,卖盘
14:56:15,32.04,0.0,4,12816,卖盘
14:56:21,32.04,0.0,24,76896,卖盘
14:56:24,32.04,0.0,5,16020,卖盘
14:56:30,32.04,0.0,9,28836,卖盘
14:56:33,32.04,0.0,1,3204,卖盘
14:56:48,32.04,0.0,10,32040,卖盘
14:56:54,32.04,0.0,20,64080,卖盘
14:56:57,32.04,0.0,3,9612,卖盘
14:57:00,32.04,0.0,1,3204,卖盘
15:00:03,32.04,0.0,121,387684,卖盘
