成交时间,成交价格,价格变动,成交量,成交金额,性质
09:25:02,10.95,0.0,601,658095,卖盘
09:30:02,10.95,0.0,14,15330,卖盘
09:30:05,10.96,0.01,115,125962,买盘
09:30:08,10.95,-0.01,118,129265,卖盘
09:30:11,10.96,0.01,53,58345,买盘
09:30:14,10.96,0.0,114,125065,卖盘
09:30:17,10.96,0.0,62,67952,卖盘
09:30:20,10.95,-0.01,33,36150,卖盘
09:30:23,10.96,0.01,68,74487,买盘
09:30:26,10.96,0.0,192,210304,卖盘
09:30:29,10.97,0.01,49,53717,买盘
09:30:32,10.95,-0.02,265,290375,卖盘
09:30:35,10.94,-0.01,25,27334,买盘
09:30:38,10.98,0.04,198,216854,买盘
09:30:41,10.94,-0.04,27,29557,中性盘
09:30:44,10.96,0.02,55,60271,买盘
09:30:47,10.92,-0.04,41,44800,卖盘
09:30:50,10.95,0.03,99,108124,买盘
09:30:53,10.9,-0.05,32,34902,卖盘
09:30:56,10.9,0.0,6,6540,卖盘
09:30:59,10.91,0.01,45,49029,买盘
09:31:02,10.9,-0.01,52,56680,买盘
09:31:05,10.9,0.0,20,21800,买盘
09:31:08,10.87,-0.03,42,45718,卖盘
09:31:11,10.87,0.0,48,52176,卖盘
09:31:14,10.85,-0.02,49,53249,卖盘
09:31:17,10.86,0.01,75,81387,买盘
09:31:20,10.85,-0.01,108,117180,卖盘
09:31:23,10.85,0.0,7,7595,买盘
09:31:26,10.83,-0.02,91,98677,卖盘
09:31:29,10.82,-0.01,59,63890,卖盘
09:31:32,10.82,0.0,5,5410,卖盘
09:31:35,10.82,0.0,186,201262,卖盘
09:31:38,10.8,-0.02,127,137308,卖盘
09:31:41,10.8,0.0,37,39960,卖盘
09:31:44,10.82,0.02,34,37204,买盘
09:31:47,10.82,0.0,51,54811,卖盘
09:31:50,10.84,0.02,174,188329,买盘
09:31:53,10.84,0.0,31,33606,卖盘
09:31:56,10.84,0.0,11,11924,卖盘
09:31:59,10.85,0.01,20,21706,买盘
09:32:02,10.85,0.0,59,63973,买盘
09:32:08,10.85,0.0,327,354716,卖盘
09:32:11,10.85,0.0,294,318962,卖盘
09:32:14,10.85,0.0,30,32550,中性盘
09:32:17,10.84,-0.01,298,323236,卖盘
09:32:20,10.84,0.0,239,259076,买盘
09:32:23,10.85,0.01,54,58590,买盘
09:32:26,10.84,-0.01,21,22764,卖盘
09:32:29,10.84,0.0,39,42306,卖盘
09:32:32,10.84,0.0,51,55308,卖盘
09:32:35,10.84,0.0,236,255379,卖盘
09:32:38,10.83,-0.01,150,162582,中性盘
09:32:41,10.82,-0.01,27,29243,卖盘
09:32:47,10.82,0.0,149,161220,卖盘
09:32:50,10.84,0.02,47,50912,买盘
09:32:53,10.83,-0.01,23,24909,卖盘
09:32:56,10.84,0.01,9,9756,买盘
09:32:59,10.83,-0.01,67,72626,卖盘
09:33:02,10.84,0.01,18,19520,中性盘
09:33:05,10.83,-0.01,84,91012,卖盘
09:33:08,10.85,0.02,91,98597,买盘
09:33:11,10.83,-0.02,48,52002,卖盘
09:33:14,10.83,0.0,66,71533,卖盘
09:33:17,10.83,0.0,14,15162,卖盘
09:33:20,10.83,0.0,151,163583,卖盘
09:33:23,10.83,0.0,3,3249,买盘
09:33:26,10.82,-0.01,66,71469,卖盘
09:33:29,10.82,0.0,113,122276,卖盘
09:33:32,10.83,0.01,29,31407,卖盘
09:33:35,10.83,0.0,54,58454,买盘
09:33:38,10.83,0.0,56,60698,卖盘
09:33:41,10.84,0.01,143,154870,中性盘
09:33:44,10.83,-0.01,37,40089,卖盘
09:33:47,10.85,0.02,10,10850,买盘
09:33:50,10.85,0.0,11,11935,买盘
09:33:53,10.85,0.0,5,5425,卖盘
09:33:56,10.87,0.02,70,76064,买盘
09:33:59,10.86,-0.01,25,27150,卖盘
09:34:02,10.87,0.01,8,8696,买盘
09:34:05,10.86,-0.01,82,89120,卖盘
09:34:11,10.86,0.0,30,32582,买盘
09:34:17,10.86,0.0,12,13042,卖盘
09:34:23,10.88,0.02,21,22848,买盘
09:34:26,10.86,-0.02,143,155364,卖盘
09:34:29,10.87,0.01,11,11957,中性盘
09:34:32,10.88,0.01,37,40255,买盘
09:34:38,10.88,0.0,5,5440,卖盘
09:34:41,10.89,0.01,58,63216,中性盘
09:34:44,10.88,-0.01,50,54416,卖盘
09:34:47,10.91,0.03,17,18547,买盘
09:34:50,10.91,0.0,2,2179,买盘
09:34:53,10.93,0.02,1,1093,买盘
09:35:02,10.92,-0.01,144,157252,卖盘
09:35:05,10.91,-0.01,20,21820,卖盘
09:35:14,10.91,0.0,78,85082,买盘
09:35:20,10.91,0.0,40,43564,买盘
09:35:23,10.89,-0.02,3,3484,卖盘
09:35:29,10.91,0.02,10,10910,买盘
09:35:32,10.91,0.0,36,39250,买盘
09:35:35,10.92,0.01,18,19653,中性盘
09:35:41,10.91,-0.01,22,24004,卖盘
09:35:44,10.91,0.0,2,2182,中性盘
09:35:47,10.91,0.0,9,9812,买盘
09:35:50,10.93,0.02,106,115790,买盘
09:35:53,10.89,-0.04,283,308383,卖盘
09:35:56,10.91,0.02,1,1091,中性盘
09:35:59,10.92,0.01,40,43669,买盘
09:36:02,10.9,-0.02,45,49058,卖盘
09:36:05,10.93,0.03,2,2186,买盘
09:36:08,10.94,0.01,2,2188,买盘
09:36:14,10.95,0.01,20,21872,买盘
09:36:20,10.93,-0.02,10,10938,卖盘
09:36:23,10.95,0.02,104,113817,买盘
09:36:26,10.95,0.0,31,33940,买盘
09:36:29,10.95,0.0,4,4380,卖盘
09:36:32,10.94,-0.01,2,2188,卖盘
09:36:35,10.94,0.0,10,10940,买盘
09:36:38,10.94,0.0,14,15316,买盘
09:36:41,10.91,-0.03,191,208783,卖盘
09:36:44,10.95,0.04,114,124389,买盘
09:36:47,10.94,-0.01,10,10940,卖盘
09:36:50,10.95,0.01,17,18603,买盘
09:36:53,10.95,0.0,21,22989,买盘
09:36:56,10.95,0.0,4,4380,卖盘
09:36:59,10.96,0.01,70,76665,买盘
09:37:02,10.96,0.0,4,4384,买盘
09:37:17,10.96,0.0,87,95352,卖盘
09:37:20,10.99,0.03,26,28554,买盘
09:37:23,10.99,0.0,94,103306,卖盘
09:37:26,10.99,0.0,62,68138,买盘
09:37:29,11.0,0.01,77,84693,买盘
09:37:35,11.02,0.02,2,2204,中性盘
09:37:38,11.01,-0.01,7,7715,卖盘
09:37:41,11.01,0.0,23,25323,买盘
09:37:44,11.01,0.0,31,34130,买盘
09:37:47,11.03,0.02,349,384839,买盘
09:37:50,11.04,0.01,277,305607,买盘
09:37:53,11.05,0.01,1,1105,买盘
09:37:56,11.09,0.04,259,286397,买盘
09:37:59,11.13,0.04,53,58978,买盘
09:38:02,11.14,0.01,25,27846,中性盘
09:38:05,11.15,0.01,25,27901,中性盘
09:38:08,11.16,0.01,271,302318,买盘
09:38:11,11.18,0.02,96,107275,买盘
09:38:14,11.26,0.08,306,344429,买盘
09:38:17,11.27,0.01,147,165357,买盘
09:38:20,11.27,0.0,254,286124,买盘
09:38:23,11.26,-0.01,51,57275,中性盘
09:38:26,11.21,-0.05,252,282905,卖盘
09:38:29,11.22,0.01,193,216328,买盘
09:38:32,11.22,0.0,200,224421,买盘
09:38:35,11.23,0.01,113,126634,买盘
09:38:38,11.19,-0.04,17,19034,卖盘
09:38:41,11.17,-0.02,278,310405,卖盘
09:38:44,11.17,0.0,206,229535,买盘
09:38:47,11.16,-0.01,96,107158,买盘
09:38:50,11.16,0.0,129,144038,买盘
09:38:53,11.17,0.01,91,101637,买盘
09:38:56,11.17,0.0,121,135159,卖盘
09:38:59,11.19,0.02,288,321238,买盘
09:39:02,11.2,0.01,115,128659,买盘
09:39:05,11.22,0.02,109,122336,买盘
09:39:08,11.25,0.03,155,174448,买盘
09:39:11,11.25,0.0,203,228817,卖盘
09:39:14,11.26,0.01,28,31524,中性盘
09:39:17,11.26,0.0,99,111563,卖盘
09:39:20,11.26,0.0,120,135208,买盘
09:39:23,11.25,-0.01,88,99074,卖盘
09:39:26,11.25,0.0,99,111386,卖盘
09:39:29,11.22,-0.03,170,191272,卖盘
09:39:32,11.26,0.04,312,351247,买盘
09:39:35,11.27,0.01,225,253187,买盘
09:39:38,11.26,-0.01,214,240977,卖盘
09:39:41,11.24,-0.02,524,589923,卖盘
09:39:44,11.24,0.0,74,83737,买盘
09:39:47,11.25,0.01,17,19125,买盘
09:39:50,11.25,0.0,79,88914,买盘
09:39:53,11.25,0.0,59,66375,卖盘
09:39:56,11.27,0.02,116,130826,买盘
09:39:59,11.27,0.0,65,73232,卖盘
09:40:02,11.28,0.01,244,275053,买盘
09:40:05,11.28,0.0,226,254848,买盘
09:40:08,11.26,-0.02,26,29306,卖盘
09:40:11,11.24,-0.02,318,357828,卖盘
09:40:14,11.28,0.04,706,796197,买盘
09:40:17,11.23,-0.05,17,19091,中性盘
09:40:20,11.27,0.04,35,39412,买盘
09:40:23,11.25,-0.02,38,42750,卖盘
09:40:26,11.24,-0.01,72,81009,卖盘
09:40:29,11.24,0.0,19,21386,卖盘
09:40:32,11.26,0.02,111,124827,买盘
09:40:35,11.27,0.01,120,134953,买盘
09:40:38,11.24,-0.03,8,8992,中性盘
09:40:41,11.25,0.01,77,86625,卖盘
09:40:44,11.26,0.01,91,102376,买盘
09:40:47,11.26,0.0,151,170018,买盘
09:40:50,11.26,0.0,234,263484,卖盘
09:40:53,11.27,0.01,256,288437,买盘
09:40:56,11.26,-0.01,215,242090,卖盘
09:40:59,11.24,-0.02,66,74230,卖盘
09:41:02,11.26,0.02,90,101150,买盘
09:41:05,11.24,-0.02,21,23604,中性盘
09:41:11,11.25,0.01,66,74225,买盘
09:41:17,11.25,0.0,133,149598,买盘
09:41:20,11.26,0.01,51,57412,买盘
09:41:23,11.25,-0.01,95,106959,卖盘
09:41:26,11.25,0.0,113,127103,卖盘
09:41:29,11.26,0.01,38,42784,买盘
09:41:32,11.25,-0.01,41,46136,买盘
09:41:35,11.25,0.0,7,7875,中性盘
09:41:38,11.25,0.0,24,27000,卖盘
09:41:41,11.25,0.0,115,129375,卖盘
09:41:44,11.24,-0.01,39,43862,卖盘
09:41:47,11.26,0.02,319,359055,买盘
09:41:50,11.24,-0.02,71,79804,卖盘
09:41:53,11.24,0.0,18,20232,卖盘
09:41:56,11.26,0.02,300,337762,买盘
09:41:59,11.22,-0.04,283,317919,卖盘
09:42:02,11.23,0.01,10,11230,中性盘
09:42:05,11.25,0.02,68,76053,买盘
09:42:08,11.25,0.0,50,56250,卖盘
09:42:11,11.27,0.02,146,164376,买盘
09:42:14,11.29,0.02,1040,1172866,买盘
09:42:17,11.3,0.01,1073,1210905,买盘
09:42:20,11.3,0.0,120,135589,买盘
09:42:23,11.3,0.0,99,111865,买盘
09:42:26,11.3,0.0,383,432760,买盘
09:42:29,11.3,0.0,522,590238,买盘
09:42:32,11.3,0.0,231,260981,买盘
09:42:35,11.3,0.0,182,205653,买盘
09:42:38,11.3,0.0,63,70654,买盘
09:42:41,11.31,0.01,157,177500,买盘
09:42:44,11.3,-0.01,779,880949,卖盘
09:42:47,11.31,0.01,114,128933,买盘
09:42:50,11.32,0.01,36,40968,买盘
09:42:53,11.31,-0.01,333,376623,卖盘
09:42:56,11.29,-0.02,362,408815,卖盘
09:42:59,11.27,-0.02,143,161389,卖盘
09:43:02,11.3,0.03,17,19194,买盘
09:43:05,11.29,-0.01,22,24838,卖盘
09:43:08,11.28,-0.01,262,295715,中性盘
09:43:11,11.29,0.01,1,1129,买盘
09:43:14,11.29,0.0,57,64742,卖盘
09:43:17,11.29,0.0,32,36150,卖盘
09:43:20,11.3,0.01,27,30510,买盘
09:43:23,11.3,0.0,153,172960,卖盘
09:43:26,11.31,0.01,24,27144,中性盘
09:43:29,11.34,0.03,118,133660,买盘
09:43:32,11.33,-0.01,13,14721,中性盘
09:43:35,11.36,0.03,148,167970,买盘
09:43:38,11.36,0.0,152,172424,买盘
09:43:41,11.37,0.01,43,48903,买盘
09:43:44,11.37,0.0,119,135363,买盘
09:43:47,11.37,0.0,226,256962,卖盘
09:43:50,11.38,0.01,137,155835,买盘
09:43:53,11.38,0.0,185,210387,买盘
09:43:56,11.39,0.01,169,192287,买盘
09:43:59,11.38,-0.01,21,23898,中性盘
09:44:02,11.37,-0.01,324,368615,卖盘
09:44:05,11.37,0.0,261,297088,卖盘
09:44:08,11.36,-0.01,107,121652,卖盘
09:44:11,11.34,-0.02,184,208671,卖盘
09:44:17,11.31,-0.03,2,2262,买盘
09:44:20,11.3,-0.01,4,4520,卖盘
09:44:23,11.31,0.01,65,73500,买盘
09:44:26,11.31,0.0,86,97266,买盘
09:44:29,11.31,0.0,35,39585,卖盘
09:44:32,11.32,0.01,38,43016,买盘
09:44:35,11.32,0.0,99,112054,买盘
09:44:38,11.32,0.0,116,131312,中性盘
09:44:41,11.32,0.0,158,178965,买盘
09:44:44,11.32,0.0,25,28315,中性盘
09:44:47,11.32,0.0,77,87580,卖盘
09:44:50,11.33,0.01,2,2266,买盘
09:44:53,11.34,0.01,26,29468,买盘
09:44:56,11.35,0.01,100,113462,买盘
09:44:59,11.35,0.0,13,14755,买盘
09:45:02,11.34,-0.01,31,35163,卖盘
09:45:05,11.33,-0.01,107,121231,卖盘
09:45:08,11.33,0.0,39,44211,卖盘
09:45:11,11.34,0.01,11,12473,中性盘
09:45:14,11.33,-0.01,79,89582,卖盘
09:45:17,11.35,0.02,55,62425,买盘
09:45:20,11.35,0.0,4,4472,买盘
09:45:23,11.34,-0.01,11,12482,卖盘
09:45:26,11.34,0.0,15,17088,卖盘
09:45:29,11.35,0.01,99,112122,买盘
09:45:32,11.33,-0.02,44,49899,卖盘
09:45:35,11.34,0.01,83,94131,买盘
09:45:38,11.34,0.0,176,199568,卖盘
09:45:41,11.31,-0.03,556,629769,卖盘
09:45:44,11.33,0.02,6,6798,买盘
09:45:47,11.31,-0.02,42,47502,卖盘
09:45:50,11.33,0.02,26,29438,买盘
09:45:53,11.31,-0.02,5,5655,卖盘
09:45:56,11.32,0.01,188,212986,买盘
09:45:59,11.32,0.0,82,92745,中性盘
09:46:02,11.32,0.0,26,29432,买盘
09:46:05,11.32,0.0,4,4528,卖盘
09:46:08,11.35,0.03,112,126972,买盘
09:46:11,11.35,0.0,40,45400,中性盘
09:46:14,11.37,0.02,239,271526,买盘
09:46:17,11.37,0.0,360,409260,买盘
09:46:20,11.39,0.02,36,41004,买盘
09:46:23,11.39,0.0,107,121858,买盘
09:46:26,11.39,0.0,38,43277,买盘
09:46:29,11.4,0.01,184,209573,买盘
09:46:32,11.39,-0.01,18,20252,卖盘
09:46:35,11.4,0.01,30,34200,买盘
09:46:38,11.39,-0.01,77,87774,卖盘
09:46:41,11.39,0.0,91,103705,卖盘
09:46:44,11.4,0.01,26,29645,买盘
09:46:47,11.42,0.02,333,380140,买盘
09:46:50,11.44,0.02,19,21733,买盘
09:46:53,11.45,0.01,153,175115,买盘
09:46:56,11.41,-0.04,204,232944,卖盘
09:46:59,11.45,0.04,291,333125,买盘
09:47:02,11.4,-0.05,78,89111,卖盘
09:47:05,11.45,0.05,28,32044,买盘
09:47:08,11.44,-0.01,166,189908,买盘
09:47:11,11.44,0.0,50,57200,买盘
09:47:14,11.42,-0.02,29,33114,中性盘
09:47:17,11.41,-0.01,108,123236,卖盘
09:47:20,11.4,-0.01,25,28531,卖盘
09:47:23,11.4,0.0,27,30781,卖盘
09:47:26,11.4,0.0,38,43338,卖盘
09:47:29,11.4,0.0,62,70682,卖盘
09:47:32,11.4,0.0,42,47880,卖盘
09:47:35,11.4,0.0,35,39900,卖盘
09:47:38,11.41,0.01,106,120833,买盘
09:47:41,11.4,-0.01,2563,2901021,卖盘
09:47:44,11.4,0.0,186,212040,卖盘
09:47:47,11.4,0.0,433,493608,卖盘
09:47:50,11.4,0.0,30,34202,买盘
09:47:53,11.4,0.0,98,111167,买盘
09:47:56,11.4,0.0,25,28500,卖盘
09:47:59,11.4,0.0,35,40448,卖盘
09:48:02,11.32,-0.08,4,4534,中性盘
09:48:05,11.4,0.08,90,102430,买盘
09:48:08,11.4,0.0,236,268769,买盘
09:48:11,11.42,0.02,471,539254,买盘
09:48:14,11.46,0.04,200,228879,买盘
09:48:17,11.47,0.01,148,169985,买盘
09:48:20,11.48,0.01,487,558700,买盘
09:48:23,11.48,0.0,6,6886,买盘
09:48:26,11.47,-0.01,83,95241,卖盘
09:48:29,11.46,-0.01,54,61960,卖盘
09:48:32,11.47,0.01,118,135240,买盘
09:48:35,11.47,0.0,80,91724,买盘
09:48:38,11.46,-0.01,35,40139,买盘
09:48:41,11.47,0.01,142,162748,买盘
09:48:44,11.45,-0.02,10,11453,中性盘
09:48:47,11.46,0.01,102,116812,买盘
09:48:50,11.44,-0.02,107,122692,卖盘
09:48:53,11.45,0.01,3,3435,卖盘
09:48:59,11.45,0.0,38,43510,卖盘
09:49:02,11.44,-0.01,87,99613,卖盘
09:49:05,11.45,0.01,5,5725,买盘
09:49:08,11.46,0.01,93,106512,买盘
09:49:11,11.47,0.01,52,59602,买盘
09:49:14,11.46,-0.01,23,26359,卖盘
09:49:20,11.46,0.0,8,9168,卖盘
09:49:23,11.46,0.0,51,58489,卖盘
09:49:26,11.47,0.01,169,193948,买盘
09:49:29,11.47,0.0,24,27528,卖盘
09:49:32,11.48,0.01,63,72300,买盘
09:49:35,11.47,-0.01,75,86025,卖盘
09:49:38,11.47,0.0,82,94101,卖盘
09:49:41,11.47,0.0,35,40145,卖盘
09:49:44,11.48,0.01,35,40172,买盘
09:49:47,11.47,-0.01,84,96386,卖盘
09:49:50,11.47,0.0,301,345502,卖盘
09:49:53,11.48,0.01,42,48215,买盘
09:49:56,11.47,-0.01,34,38998,卖盘
09:49:59,11.48,0.01,260,298305,买盘
09:50:02,11.48,0.0,9,10541,卖盘
09:50:05,11.47,-0.01,11,12624,卖盘
09:50:08,11.49,0.02,52,59737,买盘
09:50:11,11.48,-0.01,179,205492,卖盘
09:50:14,11.48,0.0,20,22965,卖盘
09:50:17,11.48,0.0,210,241100,卖盘
09:50:20,11.49,0.01,35,40194,买盘
09:50:26,11.47,-0.02,205,235270,卖盘
09:50:29,11.48,0.01,53,60815,买盘
09:50:32,11.47,-0.01,32,36704,卖盘
09:50:35,11.47,0.0,11,12617,买盘
09:50:38,11.47,0.0,12,13764,买盘
09:50:41,11.47,0.0,55,63085,买盘
09:50:44,11.46,-0.01,14,16050,卖盘
09:50:47,11.47,0.01,14,16048,买盘
09:50:50,11.46,-0.01,60,68763,卖盘
09:50:53,11.47,0.01,35,40138,买盘
09:50:56,11.47,0.0,89,102043,买盘
09:50:59,11.48,0.01,880,1010240,买盘
09:51:02,11.48,0.0,1,1148,买盘
09:51:05,11.45,-0.03,157,179847,卖盘
09:51:08,11.44,-0.01,5,5720,卖盘
09:51:11,11.44,0.0,11,12584,卖盘
09:51:14,11.43,-0.01,15,17145,卖盘
09:51:17,11.43,0.0,10,11430,卖盘
09:51:20,11.41,-0.02,75,85603,卖盘
09:51:23,11.4,-0.01,38,43320,卖盘
09:51:26,11.4,0.0,33,37605,买盘
09:51:29,11.38,-0.02,147,167353,卖盘
09:51:35,11.39,0.01,24,27336,买盘
09:51:38,11.41,0.02,77,87830,买盘
09:51:41,11.41,0.0,9,10269,卖盘
09:51:44,11.41,0.0,20,22820,卖盘
09:51:47,11.4,-0.01,132,150611,卖盘
09:51:50,11.42,0.02,237,270779,买盘
09:51:53,11.46,0.04,114,130555,买盘
09:51:56,11.43,-0.03,242,276928,卖盘
09:51:59,11.45,0.02,27,30915,买盘
09:52:02,11.45,0.0,6,6870,买盘
09:52:05,11.46,0.01,194,222556,买盘
09:52:08,11.45,-0.01,35,39744,卖盘
09:52:11,11.44,-0.01,1,1144,卖盘
09:52:14,11.44,0.0,6,6864,卖盘
09:52:17,11.44,0.0,52,59470,买盘
09:52:23,11.42,-0.02,18,20556,卖盘
09:52:26,11.42,0.0,1,1142,买盘
09:52:29,11.4,-0.02,101,115187,卖盘
09:52:32,11.4,0.0,103,117505,卖盘
09:52:35,11.4,0.0,369,420867,卖盘
09:52:38,11.4,0.0,28,31915,买盘
09:52:41,11.39,-0.01,15,17094,卖盘
09:52:44,11.39,0.0,92,104936,卖盘
09:52:47,11.39,0.0,6,6834,卖盘
09:52:50,11.4,0.01,24,27360,买盘
09:52:53,11.39,-0.01,58,66099,卖盘
09:52:56,11.39,0.0,10,11390,卖盘
09:52:59,11.39,0.0,34,38732,卖盘
09:53:02,11.38,-0.01,105,119561,卖盘
09:53:05,11.4,0.02,163,186356,买盘
09:53:08,11.41,0.01,15,17115,买盘
09:53:11,11.41,0.0,89,101617,卖盘
09:53:14,11.38,-0.03,100,113800,卖盘
09:53:17,11.42,0.04,41,46812,买盘
09:53:23,11.4,-0.02,60,68400,卖盘
09:53:26,11.4,0.0,22,25080,买盘
09:53:29,11.4,0.0,67,76330,买盘
09:53:32,11.4,0.0,1,1140,买盘
09:53:35,11.4,0.0,3,3419,买盘
09:53:38,11.4,0.0,4,4560,买盘
09:53:41,11.4,0.0,25,28480,买盘
09:53:44,11.39,-0.01,32,36455,卖盘
09:53:47,11.38,-0.01,8,9104,卖盘
09:53:50,11.38,0.0,6,6828,卖盘
09:53:53,11.38,0.0,38,43244,卖盘
09:53:56,11.38,0.0,5,5690,卖盘
09:53:59,11.38,0.0,46,52348,卖盘
09:54:02,11.38,0.0,88,100144,卖盘
09:54:05,11.38,0.0,41,46658,买盘
09:54:08,11.39,0.01,31,35127,买盘
09:54:11,11.39,0.0,9,10251,卖盘
09:54:14,11.39,0.0,31,35309,卖盘
09:54:20,11.38,-0.01,15,17083,卖盘
09:54:26,11.38,0.0,10,11380,卖盘
09:54:29,11.39,0.01,18,20502,买盘
09:54:32,11.37,-0.02,141,160386,卖盘
09:54:35,11.37,0.0,662,752691,买盘
09:54:38,11.38,0.01,110,124980,中性盘
09:54:41,11.35,-0.03,27,30664,卖盘
09:54:44,11.37,0.02,1,1137,买盘
09:54:50,11.37,0.0,34,38658,买盘
09:54:53,11.37,0.0,89,101185,卖盘
09:54:56,11.37,0.0,45,51165,买盘
09:54:59,11.37,0.0,3,3411,买盘
09:55:02,11.36,-0.01,9,10224,买盘
09:55:05,11.37,0.01,54,61097,买盘
09:55:08,11.38,0.01,538,612189,买盘
09:55:11,11.4,0.02,51,58098,买盘
09:55:14,11.4,0.0,11,12540,买盘
09:55:17,11.4,0.0,64,72960,买盘
09:55:20,11.4,0.0,50,57000,买盘
09:55:23,11.4,0.0,164,186948,买盘
09:55:26,11.42,0.02,28,31960,买盘
09:55:29,11.4,-0.02,31,35344,卖盘
09:55:32,11.42,0.02,40,45686,买盘
09:55:35,11.42,0.0,4,4571,卖盘
09:55:38,11.42,0.0,17,19644,卖盘
09:55:41,11.43,0.01,7,8001,买盘
09:55:44,11.42,-0.01,4,4568,卖盘
09:55:47,11.41,-0.01,30,34250,卖盘
09:55:50,11.42,0.01,46,52532,买盘
09:55:53,11.41,-0.01,3,3423,卖盘
09:55:56,11.42,0.01,1,1142,买盘
09:55:59,11.42,0.0,24,27408,买盘
09:56:02,11.41,-0.01,30,34231,卖盘
09:56:05,11.41,0.0,62,70796,卖盘
09:56:08,11.42,0.01,20,22825,买盘
09:56:11,11.41,-0.01,5,5705,卖盘
09:56:14,11.41,0.0,22,25102,卖盘
09:56:17,11.41,0.0,36,41076,卖盘
09:56:20,11.42,0.01,152,173557,买盘
09:56:23,11.41,-0.01,4,4564,买盘
09:56:26,11.41,0.0,7,7987,买盘
09:56:29,11.41,0.0,35,39930,买盘
09:56:32,11.4,-0.01,424,483380,卖盘
09:56:35,11.4,0.0,10,11400,卖盘
09:56:38,11.4,0.0,57,64980,卖盘
09:56:41,11.4,0.0,55,62700,卖盘
09:56:44,11.4,0.0,47,53580,卖盘
09:56:47,11.4,0.0,17,19380,卖盘
09:56:50,11.4,0.0,117,133380,卖盘
09:56:53,11.4,0.0,196,223440,卖盘
09:56:59,11.4,0.0,5,5700,买盘
09:57:02,11.39,-0.01,5,5695,卖盘
09:57:05,11.39,0.0,1,1139,卖盘
09:57:08,11.39,0.0,20,22780,卖盘
09:57:11,11.39,0.0,2,2278,卖盘
09:57:14,11.39,0.0,25,28475,卖盘
09:57:17,11.39,0.0,88,100232,卖盘
09:57:20,11.39,0.0,18,20502,卖盘
09:57:26,11.39,0.0,127,144653,买盘
09:57:29,11.39,0.0,10,11390,买盘
09:57:32,11.38,-0.01,17,19346,卖盘
09:57:35,11.38,0.0,121,137809,卖盘
09:57:38,11.39,0.01,15,17085,买盘
09:57:41,11.38,-0.01,10,11380,卖盘
09:57:44,11.38,0.0,113,128594,卖盘
09:57:50,11.38,0.0,8,9110,卖盘
09:57:53,11.39,0.01,84,95612,买盘
09:57:56,11.38,-0.01,3,3414,卖盘
09:57:59,11.38,0.0,69,78522,卖盘
09:58:02,11.38,0.0,7,7966,卖盘
09:58:08,11.38,0.0,26,29588,卖盘
09:58:11,11.38,0.0,47,53486,卖盘
09:58:14,11.39,0.01,14,15936,买盘
09:58:17,11.38,-0.01,115,130552,卖盘
09:58:20,11.38,0.0,11,12517,买盘
09:58:23,11.38,0.0,102,115962,买盘
09:58:29,11.38,0.0,10,11380,买盘
09:58:35,11.38,0.0,10,11380,买盘
09:58:38,11.36,-0.02,15,17040,卖盘
09:58:41,11.38,0.02,3,3414,买盘
09:58:44,11.38,0.0,64,72832,买盘
09:58:47,11.42,0.04,607,692507,买盘
09:58:50,11.41,-0.01,42,47944,卖盘
09:58:53,11.41,0.0,1,1141,卖盘
09:58:56,11.42,0.01,3,3426,买盘
09:58:59,11.41,-0.01,32,36512,卖盘
09:59:02,11.42,0.01,146,166641,买盘
09:59:05,11.42,0.0,41,47053,卖盘
09:59:08,11.42,0.0,1,1142,卖盘
09:59:11,11.38,-0.04,104,118582,卖盘
09:59:17,11.38,0.0,10,11380,买盘
09:59:20,11.38,0.0,5,5690,买盘
09:59:23,11.37,-0.01,27,30711,卖盘
09:59:29,11.37,0.0,50,56855,卖盘
09:59:35,11.38,0.01,66,75560,买盘
09:59:38,11.38,0.0,43,48452,卖盘
09:59:41,11.36,-0.02,1,1136,卖盘
09:59:44,11.38,0.02,3,3412,买盘
09:59:47,11.36,-0.02,32,36383,卖盘
09:59:50,11.36,0.0,47,53420,卖盘
09:59:56,11.36,0.0,5,5680,卖盘
09:59:59,11.36,0.0,22,24992,卖盘
10:00:02,11.36,0.0,21,23856,买盘
10:00:05,11.35,-0.01,45,51105,卖盘
10:00:08,11.35,0.0,94,106917,卖盘
10:00:11,11.35,0.0,1,1135,买盘
10:00:14,11.36,0.01,111,125814,买盘
10:00:17,11.36,0.0,5,5680,卖盘
10:00:20,11.36,0.0,2,2272,卖盘
10:00:23,11.36,0.0,229,260144,卖盘
10:00:26,11.37,0.01,37,42048,买盘
10:00:29,11.36,-0.01,31,35216,卖盘
10:00:32,11.36,0.0,17,19312,卖盘
10:00:35,11.38,0.02,61,69556,买盘
10:00:38,11.36,-0.02,1,1136,买盘
10:00:44,11.35,-0.01,26,29510,卖盘
10:00:47,11.35,0.0,31,35174,买盘
10:00:50,11.34,-0.01,11,12474,卖盘
10:00:53,11.35,0.01,49,55612,买盘
10:00:56,11.34,-0.01,22,24948,卖盘
10:00:59,11.34,0.0,2,2268,卖盘
10:01:02,11.34,0.0,3,3402,卖盘
10:01:11,11.33,-0.01,9,10197,卖盘
10:01:14,11.32,-0.01,150,169898,卖盘
10:01:17,11.32,0.0,4,4528,卖盘
10:01:20,11.33,0.01,30,33488,买盘
10:01:23,11.32,-0.01,13,14716,卖盘
10:01:26,11.32,0.0,49,55966,卖盘
10:01:29,11.33,0.01,11,12462,买盘
10:01:32,11.32,-0.01,50,56600,卖盘
10:01:38,11.33,0.01,62,70246,买盘
10:01:41,11.32,-0.01,169,191308,卖盘
10:01:44,11.3,-0.02,251,283785,卖盘
10:01:47,11.29,-0.01,45,50805,卖盘
10:01:50,11.28,-0.01,60,67711,卖盘
10:01:53,11.29,0.01,19,21451,中性盘
10:01:56,11.28,-0.01,10,11280,卖盘
10:01:59,11.29,0.01,8,9032,买盘
10:02:02,11.28,-0.01,58,65086,卖盘
10:02:05,11.28,0.0,41,46236,买盘
10:02:08,11.28,0.0,18,20295,买盘
10:02:11,11.27,-0.01,52,58606,卖盘
10:02:14,11.27,0.0,9,10143,买盘
10:02:20,11.27,0.0,5,5635,买盘
10:02:23,11.26,-0.01,86,96862,卖盘
10:02:32,11.27,0.01,65,73200,买盘
10:02:38,11.27,0.0,10,11270,买盘
10:02:41,11.26,-0.01,26,29276,卖盘
10:02:44,11.26,0.0,5,5630,卖盘
10:02:47,11.26,0.0,79,88954,卖盘
10:02:50,11.26,0.0,225,253350,卖盘
10:02:53,11.26,0.0,48,54010,买盘
10:02:56,11.25,-0.01,93,104705,卖盘
10:02:59,11.25,0.0,33,37125,卖盘
10:03:02,11.25,0.0,76,85500,卖盘
10:03:05,11.25,0.0,11,12375,买盘
10:03:08,11.25,0.0,16,17994,买盘
10:03:11,11.24,-0.01,4,4496,卖盘
10:03:14,11.24,0.0,20,22480,卖盘
10:03:17,11.23,-0.01,73,81993,卖盘
10:03:20,11.23,0.0,97,109013,卖盘
10:03:23,11.23,0.0,39,43797,买盘
10:03:26,11.23,0.0,19,21674,卖盘
10:03:29,11.22,-0.01,51,57251,卖盘
10:03:32,11.23,0.01,3,3369,卖盘
10:03:35,11.23,0.0,79,88717,卖盘
10:03:38,11.23,0.0,70,78656,卖盘
10:03:41,11.24,0.01,4,4496,买盘
10:03:44,11.24,0.0,11,12364,卖盘
10:03:47,11.26,0.02,195,219029,买盘
10:03:53,11.26,0.0,15,16890,卖盘
10:03:59,11.26,0.0,2,2252,买盘
10:04:02,11.24,-0.02,1,1124,卖盘
10:04:05,11.26,0.02,18,20268,买盘
10:04:08,11.26,0.0,1,1126,买盘
10:04:11,11.26,0.0,20,22500,买盘
10:04:23,11.26,0.0,48,54030,买盘
10:04:26,11.25,-0.01,11,12375,中性盘
10:04:35,11.25,0.0,11,12578,卖盘
10:04:38,11.25,0.0,7,7875,卖盘
10:04:41,11.25,0.0,5,5625,卖盘
10:04:44,11.25,0.0,2,2250,卖盘
10:04:50,11.26,0.01,30,33780,买盘
10:04:53,11.26,0.0,11,12386,买盘
10:05:05,11.25,-0.01,17,19132,卖盘
10:05:08,11.25,0.0,17,19125,卖盘
10:05:14,11.25,0.0,2,2250,卖盘
10:05:17,11.26,0.01,3,3378,买盘
10:05:20,11.25,-0.01,5,5625,卖盘
10:05:23,11.26,0.01,67,74947,买盘
10:05:29,11.26,0.0,20,22137,卖盘
10:05:38,11.27,0.01,23,25921,买盘
10:05:41,11.27,0.0,7,7889,卖盘
10:05:44,11.28,0.01,130,146640,买盘
10:05:53,11.29,0.01,47,53058,买盘
10:05:56,11.31,0.02,120,135986,买盘
10:05:59,11.32,0.01,62,70176,买盘
10:06:08,11.32,0.0,5,5660,买盘
10:06:14,11.32,0.0,19,21508,买盘
10:06:17,11.32,0.0,10,11320,买盘
10:06:20,11.32,0.0,46,52366,买盘
10:06:23,11.32,0.0,5,5660,卖盘
10:06:26,11.32,0.0,1,1132,卖盘
10:06:29,11.35,0.03,537,608456,买盘
10:06:32,11.35,0.0,88,99880,卖盘
10:06:41,11.35,0.0,4,4540,卖盘
10:06:44,11.36,0.01,54,61346,买盘
10:06:47,11.35,-0.01,17,19297,卖盘
10:06:50,11.35,0.0,181,205435,卖盘
10:06:53,11.35,0.0,5,5675,卖盘
10:06:56,11.35,0.0,140,158847,卖盘
10:06:59,11.36,0.01,94,106810,买盘
10:07:02,11.36,0.0,1,1136,卖盘
10:07:05,11.35,-0.01,23,26005,卖盘
10:07:11,11.33,-0.02,3,3399,买盘
10:07:14,11.33,0.0,8,9064,卖盘
10:07:17,11.32,-0.01,33,37357,卖盘
10:07:20,11.32,0.0,6,6792,卖盘
10:07:23,11.32,0.0,20,22640,卖盘
10:07:35,11.31,-0.01,20,22620,卖盘
10:07:38,11.31,0.0,18,20360,卖盘
10:07:44,11.3,-0.01,21,23730,卖盘
10:07:50,11.3,0.0,15,16950,卖盘
10:07:53,11.3,0.0,7,7910,卖盘
10:07:59,11.3,0.0,2,2260,卖盘
10:08:02,11.29,-0.01,53,59872,卖盘
10:08:08,11.3,0.01,2,2260,卖盘
10:08:11,11.29,-0.01,4,4517,卖盘
10:08:14,11.3,0.01,31,35030,买盘
10:08:17,11.31,0.01,10,11305,买盘
10:08:23,11.3,-0.01,20,22600,卖盘
10:08:26,11.31,0.01,31,35061,买盘
10:08:29,11.31,0.0,2,2262,卖盘
10:08:35,11.32,0.01,4,4528,买盘
10:08:41,11.32,0.0,30,33960,买盘
10:08:47,11.33,0.01,80,90640,买盘
10:08:50,11.34,0.01,6,6804,买盘
10:08:59,11.35,0.01,81,91864,买盘
10:09:05,11.34,-0.01,58,65814,卖盘
10:09:08,11.32,-0.02,62,70228,卖盘
10:09:11,11.34,0.02,304,344174,买盘
10:09:14,11.33,-0.01,2,2266,中性盘
10:09:17,11.31,-0.02,39,44167,卖盘
10:09:23,11.32,0.01,20,22640,中性盘
10:09:26,11.32,0.0,56,63392,卖盘
10:09:29,11.31,-0.01,116,131254,卖盘
10:09:32,11.31,0.0,9,10179,卖盘
10:09:35,11.3,-0.01,2,2260,卖盘
10:09:44,11.3,0.0,3,3390,卖盘
10:09:50,11.31,0.01,2,2262,买盘
10:09:53,11.31,0.0,219,248027,买盘
10:09:56,11.31,0.0,21,23751,卖盘
10:10:02,11.31,0.0,51,57788,卖盘
10:10:05,11.33,0.02,3,3399,中性盘
10:10:17,11.34,0.01,3,2948,买盘
10:10:23,11.39,0.05,339,385408,买盘
10:10:26,11.38,-0.01,50,56938,卖盘
10:10:29,11.39,0.01,15,17075,中性盘
10:10:32,11.39,0.0,26,29589,买盘
10:10:35,11.38,-0.01,52,59179,卖盘
10:10:38,11.38,0.0,25,28450,卖盘
10:10:41,11.39,0.01,42,47835,买盘
10:10:47,11.41,0.02,199,227173,买盘
10:10:53,11.42,0.01,363,413922,买盘
10:10:56,11.38,-0.04,3,3414,卖盘
10:10:59,11.42,0.04,37,42195,买盘
10:11:02,11.41,-0.01,11,12551,买盘
10:11:05,11.39,-0.02,15,17085,买盘
10:11:14,11.39,0.0,55,62684,卖盘
10:11:17,11.39,0.0,9,10251,买盘
10:11:23,11.39,0.0,12,13662,买盘
10:11:26,11.4,0.01,148,168603,买盘
10:11:29,11.4,0.0,10,11583,买盘
10:11:32,11.4,0.0,2,2280,卖盘
10:11:35,11.39,-0.01,93,106075,卖盘
10:11:41,11.39,0.0,416,473824,卖盘
10:11:44,11.4,0.01,10,11400,买盘
10:11:53,11.4,0.0,14,15951,买盘
10:11:56,11.39,-0.01,3,3417,卖盘
10:11:59,11.39,0.0,52,59301,卖盘
10:12:02,11.39,0.0,57,64672,卖盘
10:12:05,11.38,-0.01,1,1138,卖盘
10:12:08,11.4,0.02,299,341235,买盘
10:12:11,11.4,0.0,7,8208,卖盘
10:12:14,11.41,0.01,1,1141,买盘
10:12:20,11.4,-0.01,19,21667,卖盘
10:12:23,11.4,0.0,15,17100,卖盘
10:12:26,11.4,0.0,47,53580,卖盘
10:12:29,11.4,0.0,37,42180,卖盘
10:12:32,11.4,0.0,6,6840,卖盘
10:12:35,11.4,0.0,243,277122,卖盘
10:12:41,11.4,0.0,72,82080,卖盘
10:12:44,11.4,0.0,29,33060,卖盘
10:12:47,11.4,0.0,1,1140,卖盘
10:12:50,11.4,0.0,23,26220,卖盘
10:12:53,11.4,0.0,6,6840,卖盘
10:12:56,11.4,0.0,5,5700,卖盘
10:12:59,11.4,0.0,18,20520,卖盘
10:13:02,11.41,0.01,220,251020,买盘
10:13:05,11.41,0.0,30,34254,买盘
10:13:08,11.41,0.0,2,2282,卖盘
10:13:11,11.4,-0.01,306,349369,卖盘
10:13:14,11.39,-0.01,17,19376,卖盘
10:13:17,11.4,0.01,20,22800,买盘
10:13:20,11.39,-0.01,90,102598,卖盘
10:13:26,11.39,0.0,9,10251,卖盘
10:13:29,11.39,0.0,23,26197,卖盘
10:13:35,11.39,0.0,77,87616,买盘
10:13:38,11.4,0.01,801,913757,买盘
10:13:41,11.41,0.01,16,18256,买盘
10:13:44,11.4,-0.01,100,114000,卖盘
10:13:47,11.41,0.01,21,23961,买盘
10:13:50,11.4,-0.01,2,1733,卖盘
10:13:53,11.4,0.0,3,3420,买盘
10:13:56,11.4,0.0,4,4560,买盘
10:13:59,11.42,0.02,391,446654,买盘
10:14:02,11.41,-0.01,55,62760,卖盘
10:14:05,11.41,0.0,91,103284,卖盘
10:14:08,11.41,0.0,2,2282,买盘
10:14:11,11.4,-0.01,82,93537,卖盘
10:14:14,11.37,-0.03,41,46698,卖盘
10:14:17,11.4,0.03,35,39900,中性盘
10:14:23,11.4,0.0,24,27360,卖盘
10:14:29,11.38,-0.02,1,1138,卖盘
10:14:38,11.39,0.01,1,1139,买盘
10:14:44,11.41,0.02,309,352301,买盘
10:14:53,11.4,-0.01,21,23920,买盘
10:14:56,11.4,0.0,144,164160,买盘
10:14:59,11.4,0.0,99,112928,卖盘
10:15:02,11.41,0.01,32,36512,买盘
10:15:05,11.41,0.0,47,53627,买盘
10:15:08,11.41,0.0,58,66097,买盘
10:15:11,11.41,0.0,7,7713,卖盘
10:15:14,11.41,0.0,72,82426,卖盘
10:15:17,11.41,0.0,9,10268,买盘
10:15:20,11.4,-0.01,5,5700,卖盘
10:15:29,11.4,0.0,156,177988,卖盘
10:15:32,11.41,0.01,96,109498,买盘
10:15:38,11.4,-0.01,20,22804,卖盘
10:15:41,11.4,0.0,10,11400,卖盘
10:15:50,11.41,0.01,32,36512,买盘
10:15:53,11.4,-0.01,186,212040,卖盘
10:15:56,11.4,0.0,26,29640,卖盘
10:15:59,11.4,0.0,29,33060,卖盘
10:16:02,11.4,0.0,50,57046,卖盘
10:16:08,11.38,-0.02,25,28319,卖盘
10:16:11,11.4,0.02,80,91200,买盘
10:16:17,11.38,-0.02,6,6833,卖盘
10:16:26,11.38,0.0,100,113800,卖盘
10:16:29,11.38,0.0,4,4552,卖盘
10:16:32,11.38,0.0,22,25173,卖盘
10:16:35,11.37,-0.01,195,221715,卖盘
10:16:38,11.37,0.0,5,5617,卖盘
10:16:47,11.37,0.0,143,162313,买盘
10:16:50,11.35,-0.02,35,39725,卖盘
10:16:53,11.35,0.0,6,6627,买盘
10:16:56,11.37,0.02,111,126001,买盘
10:16:59,11.37,0.0,6,6822,买盘
10:17:08,11.35,-0.02,2,2270,卖盘
10:17:11,11.35,0.0,27,30418,卖盘
10:17:17,11.36,0.01,173,196455,买盘
10:17:20,11.36,0.0,3,3406,买盘
10:17:26,11.35,-0.01,23,26115,卖盘
10:17:32,11.35,0.0,2,2270,卖盘
10:17:35,11.36,0.01,107,121696,买盘
10:17:41,11.36,0.0,1,1136,买盘
10:17:44,11.36,0.0,13,14768,买盘
10:17:56,11.34,-0.02,6,6305,卖盘
10:18:02,11.33,-0.01,14,15862,卖盘
10:18:05,11.33,0.0,101,114432,买盘
10:18:11,11.31,-0.02,113,127805,卖盘
10:18:17,11.31,0.0,210,237976,卖盘
10:18:20,11.31,0.0,4,4525,卖盘
10:18:23,11.34,0.03,5,5670,买盘
10:18:35,11.34,0.0,65,73211,买盘
10:18:38,11.34,0.0,26,29484,卖盘
10:18:41,11.34,0.0,1,1134,卖盘
10:18:44,11.34,0.0,5,5670,卖盘
10:18:47,11.35,0.01,32,36320,买盘
10:18:50,11.35,0.0,4,4540,卖盘
10:18:53,11.37,0.02,31,35236,买盘
10:18:56,11.37,0.0,51,57987,买盘
10:19:02,11.38,0.01,200,227600,买盘
10:19:11,11.37,-0.01,4,4548,中性盘
10:19:35,11.37,0.0,31,35277,卖盘
10:19:38,11.37,0.0,6,6822,买盘
10:19:44,11.37,0.0,72,81906,卖盘
10:19:47,11.37,0.0,54,61398,买盘
10:19:56,11.37,0.0,43,48709,买盘
10:19:59,11.36,-0.01,104,117825,卖盘
10:20:08,11.36,0.0,200,227230,卖盘
10:20:14,11.36,0.0,4,4544,卖盘
10:20:29,11.36,0.0,20,22720,卖盘
10:20:32,11.36,0.0,164,186309,卖盘
10:20:35,11.37,0.01,67,76162,买盘
10:20:41,11.37,0.0,9,10233,买盘
10:20:44,11.37,0.0,11,12507,卖盘
10:20:47,11.37,0.0,6,6822,中性盘
10:20:50,11.39,0.02,316,359575,买盘
10:20:53,11.4,0.01,124,141360,买盘
10:20:56,11.4,0.0,5,5700,买盘
10:20:59,11.4,0.0,19,21660,买盘
10:21:02,11.4,0.0,1,1140,买盘
10:21:05,11.39,-0.01,16,18047,卖盘
10:21:08,11.4,0.01,27,30780,买盘
10:21:17,11.41,0.01,299,340851,买盘
10:21:20,11.45,0.04,1736,1983112,买盘
10:21:23,11.44,-0.01,1,1144,卖盘
10:21:26,11.45,0.01,9,10305,买盘
10:21:29,11.45,0.0,2,2290,买盘
10:21:32,11.44,-0.01,48,55244,卖盘
10:21:35,11.44,0.0,49,56100,卖盘
10:21:41,11.45,0.01,20,22890,买盘
10:21:44,11.45,0.0,46,52655,买盘
10:21:47,11.44,-0.01,154,176325,卖盘
10:21:50,11.45,0.01,50,57220,买盘
10:21:53,11.45,0.0,22,25170,买盘
10:21:59,11.45,0.0,20,22885,买盘
10:22:02,11.45,0.0,40,45800,买盘
10:22:05,11.45,0.0,43,49205,买盘
10:22:08,11.44,-0.01,99,112959,卖盘
10:22:11,11.42,-0.02,4,4568,中性盘
10:22:14,11.41,-0.01,205,234513,卖盘
10:22:17,11.44,0.03,50,57200,中性盘
10:22:20,11.45,0.01,245,280410,买盘
10:22:23,11.43,-0.02,8,9144,卖盘
10:22:26,11.43,0.0,16,18279,买盘
10:22:29,11.42,-0.01,58,66236,卖盘
10:22:32,11.42,0.0,36,41081,买盘
10:22:35,11.43,0.01,38,43399,买盘
10:22:38,11.41,-0.02,290,331863,中性盘
10:22:41,11.42,0.01,9,10278,卖盘
10:22:44,11.44,0.02,5,5720,买盘
10:22:47,11.44,0.0,33,37722,买盘
10:22:53,11.43,-0.01,10,11430,卖盘
10:22:59,11.43,0.0,36,41148,卖盘
10:23:02,11.43,0.0,14,16002,卖盘
10:23:05,11.43,0.0,82,93790,卖盘
10:23:08,11.43,0.0,24,27436,卖盘
10:23:11,11.43,0.0,89,101727,卖盘
10:23:14,11.42,-0.01,13,14846,卖盘
10:23:17,11.44,0.02,204,233342,买盘
10:23:20,11.42,-0.02,20,22840,卖盘
10:23:23,11.43,0.01,17,19419,买盘
10:23:26,11.43,0.0,17,19431,买盘
10:23:29,11.43,0.0,63,72009,买盘
10:23:35,11.42,-0.01,30,34260,卖盘
10:23:44,11.41,-0.01,30,34230,卖盘
10:23:47,11.42,0.01,31,35402,买盘
10:23:50,11.42,0.0,1,1142,买盘
10:23:53,11.42,0.0,137,156430,买盘
10:23:59,11.41,-0.01,239,272813,卖盘
10:24:05,11.41,0.0,50,57050,卖盘
10:24:08,11.41,0.0,14,15978,卖盘
10:24:11,11.41,0.0,22,25102,卖盘
10:24:14,11.41,0.0,44,50238,卖盘
10:24:17,11.42,0.01,4,4568,买盘
10:24:20,11.41,-0.01,18,20538,卖盘
10:24:23,11.41,0.0,8,9128,卖盘
10:24:26,11.4,-0.01,353,402476,卖盘
10:24:29,11.4,0.0,5,5700,买盘
10:24:32,11.4,0.0,2,2280,买盘
10:24:38,11.38,-0.02,3,3414,卖盘
10:24:41,11.38,0.0,36,40968,卖盘
10:24:44,11.38,0.0,11,12518,买盘
10:24:47,11.38,0.0,3,3414,买盘
10:24:50,11.38,0.0,10,11380,买盘
10:24:53,11.38,0.0,64,72828,买盘
10:24:56,11.36,-0.02,40,45460,卖盘
10:25:02,11.36,0.0,4,4544,卖盘
10:25:05,11.36,0.0,7,8247,卖盘
10:25:08,11.36,0.0,7,7955,卖盘
10:25:14,11.37,0.01,81,92318,买盘
10:25:17,11.35,-0.02,15,17035,卖盘
10:25:20,11.35,0.0,20,22700,卖盘
10:25:23,11.36,0.01,8,9083,买盘
10:25:29,11.36,0.0,10,11360,买盘
10:25:32,11.36,0.0,32,36330,买盘
10:25:38,11.36,0.0,7,7952,买盘
10:25:41,11.35,-0.01,4,4540,卖盘
10:25:44,11.35,0.0,26,29508,卖盘
10:25:47,11.35,0.0,21,23835,卖盘
10:25:53,11.33,-0.02,13,14729,卖盘
10:25:59,11.32,-0.01,39,44163,卖盘
10:26:05,11.32,0.0,5,5660,卖盘
10:26:08,11.33,0.01,34,38470,买盘
10:26:14,11.31,-0.02,15,16979,卖盘
10:26:20,11.31,0.0,50,56559,卖盘
10:26:26,11.32,0.01,26,29432,买盘
10:26:29,11.33,0.01,43,48684,买盘
10:26:32,11.33,0.0,5,5665,卖盘
10:26:35,11.33,0.0,3,3875,卖盘
10:26:41,11.34,0.01,3,3402,买盘
10:26:44,11.35,0.01,107,120815,买盘
10:26:50,11.33,-0.02,2,2266,中性盘
10:26:56,11.32,-0.01,108,122271,卖盘
10:27:02,11.31,-0.01,29,32822,卖盘
10:27:08,11.31,0.0,35,39585,卖盘
10:27:11,11.32,0.01,214,242183,买盘
10:27:14,11.32,0.0,58,65656,卖盘
10:27:17,11.34,0.02,1,1134,买盘
10:27:23,11.33,-0.01,14,15871,卖盘
10:27:26,11.34,0.01,39,44206,买盘
10:27:29,11.34,0.0,65,73710,买盘
10:27:32,11.34,0.0,42,47628,买盘
10:27:35,11.35,0.01,89,100856,买盘
10:27:38,11.36,0.01,47,53392,买盘
10:27:44,11.35,-0.01,20,22705,卖盘
10:27:50,11.37,0.02,38,42933,买盘
10:27:53,11.37,0.0,23,26151,卖盘
10:28:02,11.37,0.0,11,12514,卖盘
10:28:05,11.38,0.01,50,56900,买盘
10:28:08,11.38,0.0,27,30708,买盘
10:28:11,11.38,0.0,11,12518,买盘
10:28:14,11.37,-0.01,49,55713,卖盘
10:28:17,11.37,0.0,15,17055,卖盘
10:28:20,11.38,0.01,93,105588,买盘
10:28:23,11.38,0.0,43,48934,卖盘
10:28:26,11.38,0.0,10,11380,卖盘
10:28:29,11.39,0.01,30,34170,买盘
10:28:32,11.39,0.0,49,55360,买盘
10:28:35,11.39,0.0,5,5695,卖盘
10:28:38,11.4,0.01,1,1140,买盘
10:28:41,11.4,0.0,56,63840,买盘
10:28:44,11.4,0.0,92,104857,买盘
10:28:47,11.4,0.0,18,20520,买盘
10:28:50,11.4,0.0,38,43300,买盘
10:28:53,11.4,0.0,5,5700,买盘
10:28:59,11.4,0.0,1,1140,买盘
10:29:02,11.4,0.0,40,45600,买盘
10:29:05,11.4,0.0,26,29621,买盘
10:29:08,11.4,0.0,4,4560,买盘
10:29:11,11.41,0.01,106,120389,买盘
10:29:14,11.41,0.0,26,29666,卖盘
10:29:20,11.42,0.01,66,75372,买盘
10:29:23,11.41,-0.01,19,21679,卖盘
10:29:26,11.41,0.0,2,2282,卖盘
10:29:29,11.42,0.01,10,11420,买盘
10:29:32,11.42,0.0,38,43393,买盘
10:29:35,11.41,-0.01,42,47945,卖盘
10:29:38,11.42,0.01,28,31949,买盘
10:29:41,11.41,-0.01,37,42232,卖盘
10:29:44,11.41,0.0,2,2282,卖盘
10:29:47,11.39,-0.02,188,214453,卖盘
10:29:50,11.39,0.0,154,175433,卖盘
10:29:53,11.39,0.0,29,33033,卖盘
10:29:56,11.4,0.01,3,3420,中性盘
10:29:59,11.4,0.0,17,19380,卖盘
10:30:02,11.39,-0.01,4,4556,卖盘
10:30:05,11.39,0.0,50,56950,卖盘
10:30:08,11.38,-0.01,60,68791,卖盘
10:30:11,11.39,0.01,26,29598,买盘
10:30:14,11.38,-0.01,21,23898,卖盘
10:30:17,11.39,0.01,132,150268,买盘
10:30:20,11.38,-0.01,56,63766,卖盘
10:30:26,11.38,0.0,6,6828,卖盘
10:30:29,11.39,0.01,28,31867,买盘
10:30:32,11.38,-0.01,31,35278,卖盘
10:30:35,11.38,0.0,14,15432,卖盘
10:30:38,11.38,0.0,23,26674,卖盘
10:30:41,11.37,-0.01,7,7961,卖盘
10:30:44,11.35,-0.02,5,5675,卖盘
10:30:47,11.35,0.0,14,16072,卖盘
10:30:50,11.35,0.0,24,27240,卖盘
10:30:53,11.35,0.0,29,32766,卖盘
10:30:56,11.35,0.0,3,3405,卖盘
10:30:59,11.35,0.0,15,17002,卖盘
10:31:05,11.35,0.0,5,5675,卖盘
10:31:08,11.35,0.0,18,20657,卖盘
10:31:11,11.35,0.0,27,30645,卖盘
10:31:14,11.35,0.0,77,87395,卖盘
10:31:17,11.33,-0.02,54,61286,卖盘
10:31:20,11.36,0.03,3,3408,买盘
10:31:26,11.35,-0.01,18,20430,卖盘
10:31:29,11.35,0.0,30,34050,买盘
10:31:32,11.35,0.0,21,23795,买盘
10:31:35,11.35,0.0,14,15890,买盘
10:31:41,11.36,0.01,194,220384,买盘
10:31:44,11.36,0.0,46,52256,卖盘
10:31:47,11.36,0.0,45,51120,卖盘
10:31:50,11.33,-0.03,19,21553,卖盘
10:31:53,11.36,0.03,18,20447,买盘
10:31:56,11.36,0.0,20,22720,买盘
10:32:05,11.36,0.0,12,13621,买盘
10:32:11,11.36,0.0,264,299597,买盘
10:32:14,11.36,0.0,171,194012,买盘
10:32:17,11.33,-0.03,31,35123,中性盘
10:32:20,11.35,0.02,2,2270,中性盘
10:32:23,11.33,-0.02,8,8724,卖盘
10:32:29,11.34,0.01,13,14752,卖盘
10:32:32,11.36,0.02,2,2271,买盘
10:32:35,11.35,-0.01,1,1135,中性盘
10:32:38,11.35,0.0,10,11350,卖盘
10:32:44,11.35,0.0,16,18166,卖盘
10:32:47,11.35,0.0,43,48805,卖盘
10:32:53,11.34,-0.01,7,8324,卖盘
10:32:59,11.35,0.01,11,12485,买盘
10:33:02,11.34,-0.01,57,64252,卖盘
10:33:05,11.33,-0.01,45,51463,卖盘
10:33:11,11.33,0.0,13,14729,卖盘
10:33:14,11.34,0.01,93,105848,买盘
10:33:17,11.34,0.0,75,85118,卖盘
10:33:20,11.35,0.01,40,45167,中性盘
10:33:23,11.35,0.0,50,56810,卖盘
10:33:26,11.37,0.02,11,12507,买盘
10:33:29,11.35,-0.02,18,20452,卖盘
10:33:32,11.35,0.0,33,37455,卖盘
10:33:35,11.37,0.02,11,12487,买盘
10:33:38,11.36,-0.01,3,3408,买盘
10:33:41,11.38,0.02,86,97823,买盘
10:33:44,11.38,0.0,27,30729,卖盘
10:33:47,11.39,0.01,1,1139,买盘
10:33:50,11.39,0.0,3,3417,买盘
10:33:53,11.39,0.0,42,47838,买盘
10:33:56,11.39,0.0,29,33021,买盘
10:33:59,11.38,-0.01,23,26190,卖盘
10:34:08,11.4,0.02,129,147015,买盘
10:34:11,11.39,-0.01,37,42151,卖盘
10:34:14,11.4,0.01,9,10260,买盘
10:34:17,11.39,-0.01,73,83150,卖盘
10:34:20,11.4,0.01,77,87758,买盘
10:34:23,11.4,0.0,93,106020,买盘
10:34:26,11.4,0.0,110,125633,卖盘
10:34:29,11.4,0.0,37,42156,卖盘
10:34:35,11.4,0.0,62,70680,买盘
10:34:38,11.4,0.0,20,22800,卖盘
10:34:41,11.41,0.01,43,49023,买盘
10:34:44,11.4,-0.01,50,57000,卖盘
10:34:47,11.4,0.0,43,49020,卖盘
10:34:50,11.4,0.0,6,6840,买盘
10:34:53,11.41,0.01,252,287500,买盘
10:34:56,11.39,-0.02,61,69497,卖盘
10:34:59,11.4,0.01,8,9006,卖盘
10:35:05,11.4,0.0,4,4492,卖盘
10:35:08,11.43,0.03,233,266022,买盘
10:35:11,11.41,-0.02,99,112955,卖盘
10:35:14,11.41,0.0,33,37623,买盘
10:35:17,11.41,0.0,7,7985,买盘
10:35:23,11.42,0.01,11,12562,买盘
10:35:29,11.42,0.0,27,30834,买盘
10:35:32,11.42,0.0,19,21698,卖盘
10:35:35,11.42,0.0,8,9138,卖盘
10:35:38,11.43,0.01,170,194062,买盘
10:35:41,11.4,-0.03,39,44479,卖盘
10:35:47,11.42,0.02,34,38828,买盘
10:35:50,11.42,0.0,293,335326,买盘
10:35:53,11.44,0.02,208,237420,买盘
10:35:56,11.41,-0.03,46,52486,卖盘
10:35:59,11.44,0.03,48,54912,买盘
10:36:02,11.43,-0.01,30,34298,卖盘
10:36:05,11.43,0.0,8,9144,买盘
10:36:08,11.43,0.0,27,30404,买盘
10:36:11,11.43,0.0,99,113226,卖盘
10:36:14,11.44,0.01,30,34262,买盘
10:36:17,11.42,-0.02,21,23983,卖盘
10:36:29,11.42,0.0,9,10278,买盘
10:36:32,11.42,0.0,9,10278,买盘
10:36:35,11.42,0.0,11,12567,卖盘
10:36:38,11.41,-0.01,18,20538,卖盘
10:36:47,11.41,0.0,22,25102,卖盘
10:36:50,11.42,0.01,30,34232,买盘
10:36:53,11.4,-0.02,3,3420,卖盘
10:36:56,11.4,0.0,1,1619,卖盘
10:37:05,11.4,0.0,1,1140,卖盘
10:37:08,11.41,0.01,84,95763,买盘
10:37:11,11.39,-0.02,30,34182,卖盘
10:37:14,11.39,0.0,5,5695,卖盘
10:37:20,11.4,0.01,10,11400,买盘
10:37:23,11.39,-0.01,1,1139,卖盘
10:37:26,11.39,0.0,14,15946,卖盘
10:37:29,11.4,0.01,72,82493,买盘
10:37:32,11.39,-0.01,50,56938,卖盘
10:37:38,11.4,0.01,9,10260,买盘
10:37:44,11.39,-0.01,20,22780,卖盘
10:37:47,11.4,0.01,41,46740,买盘
10:37:50,11.4,0.0,42,47880,卖盘
10:37:53,11.4,0.0,60,68400,卖盘
10:37:56,11.39,-0.01,20,22780,卖盘
10:37:59,11.41,0.02,190,216846,买盘
10:38:02,11.39,-0.02,44,50148,卖盘
10:38:08,11.35,-0.04,317,360276,卖盘
10:38:11,11.37,0.02,48,54672,卖盘
10:38:14,11.37,0.0,20,22740,买盘
10:38:20,11.37,0.0,27,30699,买盘
10:38:23,11.37,0.0,19,21603,卖盘
10:38:32,11.37,0.0,4,4548,卖盘
10:38:38,11.37,0.0,1,1137,卖盘
10:38:44,11.37,0.0,9,10233,卖盘
10:38:47,11.37,0.0,5,5685,卖盘
10:38:53,11.38,0.01,10,11380,买盘
10:38:56,11.37,-0.01,18,20466,卖盘
10:39:02,11.38,0.01,25,28632,买盘
10:39:05,11.38,0.0,50,56900,卖盘
10:39:23,11.39,0.01,12,13668,买盘
10:39:29,11.38,-0.01,7,7966,卖盘
10:39:38,11.38,0.0,5,5690,卖盘
10:39:41,11.38,0.0,76,86488,卖盘
10:39:44,11.38,0.0,74,84212,卖盘
10:39:47,11.38,0.0,47,53486,卖盘
10:39:50,11.37,-0.01,39,44174,卖盘
10:39:53,11.38,0.01,21,23898,买盘
10:39:56,11.37,-0.01,44,50028,卖盘
10:39:59,11.37,0.0,178,202386,买盘
10:40:02,11.35,-0.02,32,36322,卖盘
10:40:14,11.37,0.02,40,45460,买盘
10:40:17,11.37,0.0,25,28407,买盘
10:40:20,11.37,0.0,43,48849,买盘
10:40:23,11.36,-0.01,20,22720,卖盘
10:40:26,11.37,0.01,1,1137,买盘
10:40:29,11.37,0.0,1,1137,买盘
10:40:35,11.37,0.0,23,26125,买盘
10:40:50,11.36,-0.01,38,43168,买盘
10:40:53,11.36,0.0,0,477,买盘
10:40:59,11.36,0.0,2,2272,卖盘
10:41:02,11.37,0.01,2,2274,买盘
10:41:11,11.37,0.0,3,3409,买盘
10:41:14,11.37,0.0,10,11370,买盘
10:41:23,11.37,0.0,50,56850,买盘
10:41:26,11.36,-0.01,82,93152,卖盘
10:41:32,11.37,0.01,40,45428,买盘
10:41:35,11.36,-0.01,2,2272,买盘
10:41:44,11.35,-0.01,6,6811,卖盘
10:41:53,11.35,0.0,10,11359,卖盘
10:41:56,11.36,0.01,15,17040,买盘
10:41:59,11.36,0.0,42,47672,买盘
10:42:02,11.35,-0.01,24,27240,卖盘
10:42:05,11.35,0.0,1,1135,卖盘
10:42:08,11.36,0.01,91,103358,买盘
10:42:11,11.36,0.0,69,78335,买盘
10:42:14,11.36,0.0,37,41578,买盘
10:42:17,11.35,-0.01,23,26122,卖盘
10:42:20,11.35,0.0,5,5675,卖盘
10:42:26,11.36,0.01,46,52232,买盘
10:42:29,11.35,-0.01,8,9080,卖盘
10:42:35,11.36,0.01,15,17040,买盘
10:42:38,11.34,-0.02,19,21556,卖盘
10:42:41,11.35,0.01,3,3405,卖盘
10:42:44,11.35,0.0,1,1135,买盘
10:42:53,11.35,0.0,10,11350,卖盘
10:42:56,11.36,0.01,62,70432,买盘
10:42:59,11.36,0.0,106,120416,买盘
10:43:02,11.37,0.01,37,42020,买盘
10:43:05,11.35,-0.02,0,431,卖盘
10:43:08,11.36,0.01,29,32963,卖盘
10:43:17,11.36,0.0,3,3408,卖盘
10:43:23,11.36,0.0,100,113600,卖盘
10:43:26,11.36,0.0,42,47680,买盘
10:43:29,11.36,0.0,15,17040,买盘
10:43:35,11.36,0.0,1,1136,买盘
10:43:38,11.36,0.0,3,3408,卖盘
10:43:50,11.36,0.0,14,15904,买盘
10:43:53,11.35,-0.01,129,146415,卖盘
10:43:56,11.35,0.0,44,49940,卖盘
10:44:05,11.36,0.01,5,5680,买盘
10:44:08,11.35,-0.01,15,16594,卖盘
10:44:14,11.35,0.0,24,27240,买盘
10:44:20,11.34,-0.01,68,77162,卖盘
10:44:26,11.35,0.01,144,163871,买盘
10:44:29,11.35,0.0,36,40860,卖盘
10:44:32,11.34,-0.01,126,142914,卖盘
10:44:35,11.35,0.01,38,43130,卖盘
10:44:44,11.36,0.01,200,227200,买盘
10:44:47,11.36,0.0,65,73792,买盘
10:44:50,11.36,0.0,13,14768,买盘
10:44:53,11.36,0.0,13,14766,买盘
10:44:56,11.35,-0.01,27,30645,卖盘
10:44:59,11.36,0.01,38,43145,买盘
10:45:02,11.36,0.0,2,2272,买盘
10:45:08,11.37,0.01,467,530940,买盘
10:45:11,11.37,0.0,1589,1806591,买盘
10:45:14,11.39,0.02,468,532176,买盘
10:45:17,11.37,-0.02,122,138742,卖盘
10:45:20,11.37,0.0,2,2274,卖盘
10:45:23,11.38,0.01,79,89886,中性盘
10:45:26,11.4,0.02,54,61649,买盘
10:45:29,11.39,-0.01,27,30754,卖盘
10:45:32,11.4,0.01,30,34200,买盘
10:45:35,11.42,0.02,5,5707,买盘
10:45:41,11.42,0.0,101,115152,买盘
10:45:44,11.42,0.0,37,42182,买盘
10:45:50,11.4,-0.02,3,3420,卖盘
10:45:53,11.42,0.02,11,12554,买盘
10:45:56,11.42,0.0,2,2284,买盘
10:45:59,11.42,0.0,128,146076,买盘
10:46:02,11.42,0.0,157,179261,买盘
10:46:05,11.41,-0.01,51,58241,卖盘
10:46:08,11.42,0.01,12,13704,买盘
10:46:14,11.41,-0.01,56,63896,卖盘
10:46:17,11.41,0.0,204,232764,卖盘
10:46:20,11.4,-0.01,4,4560,卖盘
10:46:23,11.41,0.01,64,72985,中性盘
10:46:26,11.41,0.0,2,2282,买盘
10:46:29,11.41,0.0,6,6846,买盘
10:46:35,11.4,-0.01,125,142500,卖盘
10:46:38,11.4,0.0,45,51195,买盘
10:46:41,11.41,0.01,14,15967,买盘
10:46:50,11.41,0.0,34,39251,买盘
10:46:53,11.41,0.0,122,139102,卖盘
10:46:56,11.41,0.0,53,60397,卖盘
10:47:08,11.39,-0.02,1,1139,卖盘
10:47:17,11.39,0.0,2,2278,买盘
10:47:26,11.39,0.0,10,11390,买盘
10:47:29,11.39,0.0,1,1139,买盘
10:47:32,11.39,0.0,334,379670,买盘
10:47:35,11.37,-0.02,1,1137,卖盘
10:47:47,11.38,0.01,3,3414,买盘
10:48:05,11.39,0.01,60,68328,买盘
10:48:23,11.38,-0.01,2,2276,买盘
10:48:38,11.39,0.01,50,56920,买盘
10:48:41,11.38,-0.01,2,2276,买盘
10:48:47,11.37,-0.01,25,28425,卖盘
10:48:50,11.37,0.0,8,9096,卖盘
10:48:56,11.36,-0.01,3,3408,卖盘
10:48:59,11.36,0.0,25,28400,卖盘
10:49:02,11.37,0.01,25,28405,买盘
10:49:05,11.37,0.0,8,9096,买盘
10:49:11,11.37,0.0,2,2274,买盘
10:49:17,11.37,0.0,11,12507,买盘
10:49:20,11.37,0.0,7,7959,买盘
10:49:23,11.37,0.0,19,21603,买盘
10:49:26,11.37,0.0,1,1137,买盘
10:49:29,11.36,-0.01,9,10224,卖盘
10:49:32,11.37,0.01,259,294260,买盘
10:49:35,11.37,0.0,0,46,买盘
10:49:53,11.37,0.0,86,97742,卖盘
10:49:56,11.37,0.0,8,9096,买盘
10:49:59,11.37,0.0,9,10233,买盘
10:50:05,11.37,0.0,3,3411,买盘
10:50:08,11.37,0.0,2,2274,买盘
10:50:17,11.36,-0.01,7,8066,卖盘
10:50:20,11.36,0.0,4,4839,卖盘
10:50:23,11.37,0.01,1,1137,买盘
10:50:26,11.36,-0.01,2,2272,卖盘
10:50:29,11.36,0.0,3,3408,卖盘
10:50:35,11.36,0.0,3,3408,卖盘
10:50:38,11.36,0.0,6,6816,卖盘
10:50:44,11.37,0.01,10,11370,买盘
10:50:47,11.37,0.0,31,35247,买盘
10:50:50,11.36,-0.01,70,79520,卖盘
10:50:56,11.36,0.0,20,22720,卖盘
10:51:05,11.37,0.01,10,11370,买盘
10:51:11,11.37,0.0,55,62535,买盘
10:51:14,11.37,0.0,92,104604,买盘
10:51:17,11.37,0.0,53,60033,买盘
10:51:20,11.38,0.01,11,12515,买盘
10:51:26,11.38,0.0,36,40968,买盘
10:51:38,11.38,0.0,1,1138,卖盘
10:51:44,11.39,0.01,25,28475,买盘
10:51:47,11.39,0.0,29,33031,买盘
10:51:50,11.39,0.0,1,1139,买盘
10:51:53,11.39,0.0,48,54630,买盘
10:51:56,11.39,0.0,70,79730,买盘
10:51:59,11.39,0.0,12,13668,买盘
10:52:02,11.39,0.0,6,6834,买盘
10:52:05,11.39,0.0,14,15946,买盘
10:52:08,11.4,0.01,70,80153,买盘
10:52:14,11.4,0.0,1,1140,买盘
10:52:17,11.39,-0.01,4,4557,卖盘
10:52:20,11.39,0.0,48,54277,卖盘
10:52:23,11.39,0.0,100,114310,买盘
10:52:26,11.39,0.0,12,13668,卖盘
10:52:29,11.39,0.0,7,8406,买盘
10:52:32,11.39,0.0,16,17791,卖盘
10:52:47,11.39,0.0,33,37587,买盘
10:52:50,11.43,0.04,1219,1390790,买盘
10:52:53,11.43,0.0,342,390860,买盘
10:52:56,11.44,0.01,124,141971,买盘
10:52:59,11.45,0.01,134,153430,买盘
10:53:02,11.45,0.0,162,185376,买盘
10:53:05,11.45,0.0,53,60681,买盘
10:53:08,11.45,0.0,19,21743,买盘
10:53:11,11.45,0.0,66,75570,买盘
10:53:14,11.45,0.0,5,5725,买盘
10:53:17,11.45,0.0,120,137400,买盘
10:53:20,11.45,0.0,7,8015,买盘
10:53:26,11.45,0.0,240,274800,买盘
10:53:32,11.45,0.0,74,84730,买盘
10:53:35,11.45,0.0,65,74388,买盘
10:53:38,11.45,0.0,9,10305,买盘
10:53:44,11.43,-0.02,94,107524,卖盘
10:53:47,11.44,0.01,2,2288,买盘
10:53:50,11.43,-0.01,68,77724,卖盘
10:54:02,11.42,-0.01,133,151544,卖盘
10:54:05,11.42,0.0,27,30829,买盘
10:54:08,11.42,0.0,29,33118,买盘
10:54:11,11.41,-0.01,15,17115,卖盘
10:54:20,11.41,0.0,15,17115,买盘
10:54:23,11.42,0.01,2,2284,买盘
10:54:29,11.39,-0.03,194,220829,卖盘
10:54:56,11.4,0.01,14,15960,买盘
10:55:05,11.4,0.0,25,28500,买盘
10:55:08,11.4,0.0,6,6840,买盘
10:55:11,11.4,0.0,2,2280,卖盘
10:55:14,11.41,0.01,13,14286,买盘
10:55:29,11.41,0.0,50,57050,卖盘
10:55:32,11.41,0.0,6,6846,卖盘
10:55:35,11.41,0.0,6,7393,卖盘
10:55:38,11.41,0.0,40,45755,买盘
10:55:41,11.41,0.0,6,6731,卖盘
10:55:44,11.41,0.0,1,1141,买盘
10:55:47,11.42,0.01,8,9248,买盘
10:55:53,11.42,0.0,16,18272,买盘
10:55:56,11.42,0.0,5,5710,买盘
10:55:59,11.42,0.0,10,11420,买盘
10:56:05,11.42,0.0,9,10278,买盘
10:56:08,11.41,-0.01,17,19282,卖盘
10:56:11,11.4,-0.01,53,60420,卖盘
10:56:14,11.4,0.0,54,61560,卖盘
10:56:17,11.41,0.01,83,94602,买盘
10:56:26,11.4,-0.01,9,10260,买盘
10:56:29,11.42,0.02,101,115248,买盘
10:56:32,11.39,-0.03,10,11392,卖盘
10:56:35,11.41,0.02,1,1141,买盘
10:56:44,11.41,0.0,5,5705,买盘
10:56:47,11.41,0.0,2,2510,买盘
10:56:53,11.41,0.0,4,4564,卖盘
10:56:56,11.42,0.01,94,107348,买盘
10:57:02,11.42,0.0,6,6852,卖盘
10:57:05,11.42,0.0,5,5710,买盘
10:57:14,11.42,0.0,10,11420,买盘
10:57:17,11.42,0.0,11,12242,买盘
10:57:29,11.43,0.01,3,3429,买盘
10:57:35,11.43,0.0,2,2286,买盘
10:57:38,11.42,-0.01,23,26586,卖盘
10:57:44,11.42,0.0,1,1142,买盘
10:57:47,11.42,0.0,23,26745,买盘
10:57:50,11.42,0.0,5,5710,卖盘
10:57:53,11.42,0.0,9,10278,卖盘
10:57:56,11.47,0.05,1109,1269681,买盘
10:57:59,11.47,0.0,130,149017,买盘
10:58:02,11.53,0.06,5720,6576446,买盘
10:58:05,11.55,0.02,544,628211,买盘
10:58:08,11.55,0.0,113,130515,买盘
10:58:11,11.56,0.01,50,57800,买盘
10:58:14,11.58,0.02,350,404978,买盘
10:58:17,11.59,0.01,155,180082,买盘
10:58:20,11.6,0.01,91,105507,买盘
10:58:23,11.6,0.0,65,75384,买盘
10:58:26,11.61,0.01,282,327197,买盘
10:58:29,11.66,0.05,182,211875,买盘
10:58:32,11.63,-0.03,79,92085,中性盘
10:58:35,11.65,0.02,110,128211,中性盘
10:58:38,11.68,0.03,715,833688,买盘
10:58:41,11.68,0.0,48,56321,买盘
10:58:44,11.69,0.01,184,214875,买盘
10:58:47,11.7,0.01,247,288924,买盘
10:58:50,11.7,0.0,279,326414,买盘
10:58:53,11.75,0.05,1433,1672786,买盘
10:58:56,11.76,0.01,423,496111,买盘
10:58:59,11.76,0.0,354,415752,买盘
10:59:02,11.76,0.0,298,350281,买盘
10:59:05,11.75,-0.01,161,189085,中性盘
10:59:08,11.74,-0.01,217,254143,中性盘
10:59:11,11.7,-0.04,133,155726,卖盘
10:59:14,11.71,0.01,234,274094,买盘
10:59:17,11.7,-0.01,245,287296,卖盘
10:59:20,11.7,0.0,281,328799,卖盘
10:59:23,11.7,0.0,322,376232,卖盘
10:59:26,11.69,-0.01,15,17548,中性盘
10:59:29,11.67,-0.02,65,75994,卖盘
10:59:32,11.69,0.02,39,45546,买盘
10:59:35,11.68,-0.01,32,37469,买盘
10:59:38,11.64,-0.04,25,29145,卖盘
10:59:41,11.68,0.04,29,33860,中性盘
10:59:44,11.68,0.0,14,16340,买盘
10:59:47,11.69,0.01,138,161252,买盘
10:59:50,11.66,-0.03,40,46678,卖盘
10:59:53,11.66,0.0,51,59370,买盘
10:59:56,11.66,0.0,30,34980,买盘
10:59:59,11.64,-0.02,24,27968,卖盘
11:00:02,11.66,0.02,220,256533,买盘
11:00:05,11.66,0.0,109,127090,买盘
11:00:08,11.66,0.0,104,121008,买盘
11:00:11,11.66,0.0,323,376570,买盘
11:00:14,11.67,0.01,358,417513,买盘
11:00:17,11.67,0.0,132,153965,买盘
11:00:20,11.68,0.01,127,148336,买盘
11:00:23,11.7,0.02,539,630970,买盘
11:00:26,11.7,0.0,193,225890,卖盘
11:00:29,11.73,0.03,160,187889,买盘
11:00:32,11.76,0.03,1292,1519139,买盘
11:00:35,11.77,0.01,60,70691,中性盘
11:00:38,11.77,0.0,497,587514,卖盘
11:00:41,11.83,0.06,42,49619,中性盘
11:00:44,11.85,0.02,283,334583,买盘
11:00:47,11.85,0.0,510,604784,买盘
11:00:50,11.88,0.03,388,460079,买盘
11:00:53,11.88,0.0,144,170930,买盘
11:00:56,11.88,0.0,282,334776,买盘
11:00:59,11.91,0.03,542,643834,买盘
11:01:02,11.91,0.0,41,48847,买盘
11:01:05,11.88,-0.03,680,808827,卖盘
11:01:08,11.92,0.04,779,928511,买盘
11:01:11,11.91,-0.01,291,345888,中性盘
11:01:14,11.85,-0.06,139,165100,卖盘
11:01:17,11.9,0.05,389,462710,买盘
11:01:20,11.89,-0.01,422,501752,买盘
11:01:23,11.89,0.0,221,262579,中性盘
11:01:26,11.84,-0.05,335,397957,卖盘
11:01:29,11.84,0.0,65,76966,买盘
11:01:32,11.84,0.0,34,40246,买盘
11:01:35,11.83,-0.01,82,97038,中性盘
11:01:38,11.82,-0.01,24,28363,中性盘
11:01:41,11.82,0.0,119,140559,买盘
11:01:44,11.8,-0.02,101,119290,卖盘
11:01:47,11.8,0.0,21,24806,卖盘
11:01:50,11.82,0.02,38,44860,买盘
11:01:53,11.82,0.0,13,15360,买盘
11:01:56,11.82,0.0,9,10638,买盘
11:01:59,11.82,0.0,65,76804,买盘
11:02:02,11.82,0.0,218,257950,买盘
11:02:05,11.82,0.0,33,38995,买盘
11:02:08,11.82,0.0,117,138294,卖盘
11:02:11,11.83,0.01,177,209291,买盘
11:02:14,11.83,0.0,13,15541,买盘
11:02:17,11.83,0.0,384,455147,卖盘
11:02:20,11.85,0.02,153,181029,买盘
11:02:23,11.84,-0.01,40,47375,中性盘
11:02:26,11.86,0.02,8,9483,买盘
11:02:29,11.86,0.0,124,147381,卖盘
11:02:32,11.86,0.0,72,85426,买盘
11:02:35,11.9,0.04,1045,1240073,买盘
11:02:38,11.91,0.01,194,231481,买盘
11:02:41,11.96,0.05,386,460385,买盘
11:02:44,11.96,0.0,133,159492,买盘
11:02:47,11.98,0.02,199,238224,买盘
11:02:50,11.94,-0.04,718,856997,卖盘
11:02:53,11.9,-0.04,308,368340,卖盘
11:02:56,11.9,0.0,138,164192,买盘
11:02:59,11.96,0.06,117,139446,买盘
11:03:02,11.98,0.02,543,650079,买盘
11:03:05,11.98,0.0,61,72985,买盘
11:03:08,11.97,-0.01,33,39501,买盘
11:03:11,11.96,-0.01,219,261917,卖盘
11:03:14,11.96,0.0,444,530517,卖盘
11:03:17,12.0,0.04,2085,2500792,买盘
11:03:20,12.0,0.0,599,719739,卖盘
11:03:23,12.06,0.06,161,193878,买盘
11:03:26,12.07,0.01,72,86984,买盘
11:03:29,12.07,0.0,88,106507,买盘
11:03:32,12.1,0.03,208,250941,买盘
11:03:35,12.1,0.0,250,302377,买盘
11:03:38,12.09,-0.01,541,654589,中性盘
11:03:41,12.11,0.02,165,199569,买盘
11:03:44,12.11,0.0,149,180371,买盘
11:03:47,12.11,0.0,127,153906,卖盘
11:03:50,12.12,0.01,211,255749,买盘
11:03:53,12.15,0.03,513,621877,买盘
11:03:56,12.16,0.01,1483,1802268,买盘
11:03:59,12.17,0.01,5774,7025111,买盘
11:04:02,12.17,0.0,4995,6078348,买盘
11:04:05,12.17,0.0,634,771870,卖盘
11:04:08,12.17,0.0,891,1084347,卖盘
11:04:11,12.17,0.0,550,669471,卖盘
11:04:14,12.17,0.0,266,323430,卖盘
11:04:17,12.17,0.0,660,803026,卖盘
11:04:20,12.17,0.0,494,601660,卖盘
11:04:23,12.17,0.0,686,834862,卖盘
11:04:26,12.17,0.0,361,439897,卖盘
11:04:29,12.17,0.0,264,320801,卖盘
11:04:32,12.17,0.0,261,317637,卖盘
11:04:35,12.17,0.0,726,883031,卖盘
11:04:38,12.17,0.0,201,245104,卖盘
11:04:41,12.17,0.0,250,304493,卖盘
11:04:44,12.17,0.0,64,77620,卖盘
11:04:47,12.17,0.0,352,428044,卖盘
11:04:50,12.17,0.0,198,240966,卖盘
11:04:53,12.17,0.0,176,214192,卖盘
11:04:56,12.17,0.0,137,166485,卖盘
11:04:59,12.17,0.0,205,249948,卖盘
11:05:02,12.17,0.0,140,170623,卖盘
11:05:05,12.17,0.0,250,303861,卖盘
11:05:08,12.17,0.0,6875,8366875,卖盘
11:05:11,12.17,0.0,1576,1917505,卖盘
11:05:14,12.17,0.0,874,1063780,卖盘
11:05:17,12.13,-0.04,911,1107203,卖盘
11:05:20,12.12,-0.01,78,93982,卖盘
11:05:23,12.13,0.01,52,63072,买盘
11:05:26,12.11,-0.02,60,72742,卖盘
11:05:29,12.11,0.0,170,206549,卖盘
11:05:32,12.11,0.0,207,250301,卖盘
11:05:35,12.09,-0.02,139,168155,卖盘
11:05:38,12.09,0.0,366,442772,卖盘
11:05:41,12.08,-0.01,121,146115,卖盘
11:05:44,12.08,0.0,41,49528,买盘
11:05:47,12.05,-0.03,167,201241,卖盘
11:05:50,12.05,0.0,56,67313,卖盘
11:05:53,12.01,-0.04,29,34871,中性盘
11:05:56,12.0,-0.01,74,88973,卖盘
11:05:59,12.0,0.0,89,107013,卖盘
11:06:02,12.0,0.0,36,43193,买盘
11:06:05,12.0,0.0,147,176115,买盘
11:06:08,11.99,-0.01,71,85180,卖盘
11:06:11,12.0,0.01,501,601062,买盘
11:06:14,11.99,-0.01,41,49162,卖盘
11:06:17,12.0,0.01,223,267466,买盘
11:06:20,11.98,-0.02,106,127125,卖盘
11:06:23,11.98,0.0,59,70682,卖盘
11:06:26,11.91,-0.07,166,198546,卖盘
11:06:29,11.98,0.07,19,22762,买盘
11:06:32,11.98,0.0,49,58640,买盘
11:06:35,11.92,-0.06,324,388423,中性盘
11:06:38,11.98,0.06,127,152187,中性盘
11:06:41,11.97,-0.01,41,48937,中性盘
11:06:44,11.97,0.0,54,64605,买盘
11:06:47,11.94,-0.03,29,34654,中性盘
11:06:50,11.93,-0.01,60,71663,卖盘
11:06:53,11.93,0.0,206,245758,买盘
11:06:56,11.93,0.0,228,272099,买盘
11:06:59,11.93,0.0,95,113330,买盘
11:07:02,11.93,0.0,534,636157,卖盘
11:07:05,11.93,0.0,73,86825,卖盘
11:07:08,11.93,0.0,88,105026,卖盘
11:07:11,11.97,0.04,22,26294,买盘
11:07:14,11.93,-0.04,353,421218,卖盘
11:07:17,11.97,0.04,31,37087,买盘
11:07:20,11.97,0.0,240,286598,买盘
11:07:23,11.97,0.0,179,214164,买盘
11:07:26,11.98,0.01,67,80200,买盘
11:07:29,11.98,0.0,90,107781,买盘
11:07:32,11.98,0.0,31,37123,买盘
11:07:35,11.97,-0.01,63,75439,卖盘
11:07:38,11.98,0.01,79,94639,买盘
11:07:41,11.98,0.0,58,69464,买盘
11:07:44,11.96,-0.02,53,63439,卖盘
11:07:47,11.98,0.02,81,97030,买盘
11:07:50,11.98,0.0,6,7188,买盘
11:07:53,11.98,0.0,290,347026,买盘
11:07:56,11.97,-0.01,329,394089,卖盘
11:07:59,11.96,-0.01,134,160314,卖盘
11:08:02,11.97,0.01,57,68207,买盘
11:08:05,11.97,0.0,11,13161,买盘
11:08:08,11.97,0.0,40,47859,买盘
11:08:11,11.97,0.0,153,183026,买盘
11:08:14,11.97,0.0,16,19142,买盘
11:08:17,11.95,-0.02,2,2390,卖盘
11:08:20,11.95,0.0,110,131512,卖盘
11:08:26,11.95,0.0,119,142407,买盘
11:08:29,11.95,0.0,103,122607,卖盘
11:08:32,11.94,-0.01,51,61295,卖盘
11:08:35,12.0,0.06,427,511769,买盘
11:08:38,12.0,0.0,41,49623,买盘
11:08:41,12.0,0.0,16,19200,买盘
11:08:44,12.01,0.01,214,256890,买盘
11:08:47,12.01,0.0,12,14407,买盘
11:08:50,12.0,-0.01,63,76111,卖盘
11:08:53,12.04,0.04,20,24070,买盘
11:08:56,12.05,0.01,168,201389,买盘
11:08:59,12.08,0.03,196,236725,买盘
11:09:02,12.08,0.0,21,25368,买盘
11:09:05,12.09,0.01,499,602325,买盘
11:09:08,12.09,0.0,14,16926,卖盘
11:09:11,12.11,0.02,102,123401,买盘
11:09:14,12.13,0.02,64,77618,买盘
11:09:17,12.13,0.0,73,88540,买盘
11:09:20,12.13,0.0,35,42455,买盘
11:09:23,12.13,0.0,166,200618,买盘
11:09:26,12.13,0.0,84,101923,买盘
11:09:29,12.14,0.01,415,503530,买盘
11:09:32,12.16,0.02,547,665070,买盘
11:09:35,12.17,0.01,828,1007187,买盘
11:09:38,12.17,0.0,2451,2982680,买盘
11:09:41,12.17,0.0,3213,3910194,买盘
11:09:44,12.17,0.0,3633,4421301,买盘
11:09:47,12.17,0.0,735,895008,买盘
11:09:50,12.17,0.0,394,479985,卖盘
11:09:53,12.17,0.0,673,818992,卖盘
11:09:56,12.17,0.0,460,559626,卖盘
11:09:59,12.17,0.0,427,520097,卖盘
11:10:02,12.17,0.0,862,1049297,卖盘
11:10:05,12.16,-0.01,469,570472,卖盘
11:10:08,12.16,0.0,249,302833,卖盘
11:10:11,12.15,-0.01,305,370251,卖盘
11:10:14,12.16,0.01,259,314853,买盘
11:10:17,12.14,-0.02,68,82588,中性盘
11:10:20,12.14,0.0,72,87434,卖盘
11:10:23,12.14,0.0,85,103119,买盘
11:10:26,12.14,0.0,200,242678,买盘
11:10:29,12.14,0.0,98,119229,买盘
11:10:32,12.15,0.01,70,85011,买盘
11:10:35,12.15,0.0,172,208752,买盘
11:10:38,12.12,-0.03,92,111643,卖盘
11:10:41,12.1,-0.02,325,394094,卖盘
11:10:44,12.1,0.0,6,7260,买盘
11:10:47,12.09,-0.01,33,39911,卖盘
11:10:50,12.09,0.0,37,44734,卖盘
11:10:53,12.08,-0.01,221,267043,卖盘
11:10:56,12.08,0.0,138,166717,卖盘
11:10:59,12.08,0.0,47,56782,卖盘
11:11:02,12.08,0.0,12,14496,买盘
11:11:05,12.09,0.01,243,293611,买盘
11:11:08,12.09,0.0,26,31434,卖盘
11:11:11,12.07,-0.02,162,195933,卖盘
11:11:14,12.07,0.0,21,25350,买盘
11:11:17,12.06,-0.01,13,15681,卖盘
11:11:20,12.05,-0.01,14,16870,卖盘
11:11:26,12.05,0.0,5,6025,买盘
11:11:29,12.05,0.0,31,37300,买盘
11:11:32,12.05,0.0,13,15665,买盘
11:11:35,12.05,0.0,32,38155,买盘
11:11:38,12.03,-0.02,23,27695,卖盘
11:11:41,12.03,0.0,334,401933,卖盘
11:11:44,12.05,0.02,3,3615,卖盘
11:11:47,12.03,-0.02,66,79426,卖盘
11:11:50,12.03,0.0,82,98808,卖盘
11:11:53,12.03,0.0,12,14797,卖盘
11:11:56,12.03,0.0,3,3609,买盘
11:11:59,12.02,-0.01,36,43368,卖盘
11:12:02,12.02,0.0,31,37551,卖盘
11:12:05,12.05,0.03,610,733968,买盘
11:12:11,12.06,0.01,265,319850,买盘
11:12:14,12.06,0.0,11,13266,买盘
11:12:17,12.05,-0.01,142,171062,卖盘
11:12:20,12.06,0.01,16,19613,中性盘
11:12:23,12.09,0.03,37,44696,买盘
11:12:26,12.09,0.0,62,74813,买盘
11:12:32,12.09,0.0,112,134901,买盘
11:12:35,12.09,0.0,39,47157,卖盘
11:12:38,12.1,0.01,133,161434,买盘
11:12:44,12.12,0.02,17,20595,买盘
11:12:47,12.12,0.0,17,20619,中性盘
11:12:50,12.13,0.01,66,80484,买盘
11:12:53,12.15,0.02,221,268218,买盘
11:12:56,12.15,0.0,37,44952,买盘
11:12:59,12.13,-0.02,222,269678,卖盘
11:13:02,12.15,0.02,205,248792,买盘
11:13:05,12.17,0.02,234,284415,买盘
11:13:08,12.13,-0.04,795,966014,卖盘
11:13:11,12.16,0.03,347,420521,买盘
11:13:14,12.17,0.01,106,128498,买盘
11:13:17,12.16,-0.01,101,123290,卖盘
11:13:20,12.16,0.0,143,173888,买盘
11:13:23,12.16,0.0,10,12160,买盘
11:13:26,12.14,-0.02,171,207714,卖盘
11:13:29,12.16,0.02,387,470013,买盘
11:13:32,12.17,0.01,128,155667,买盘
11:13:35,12.16,-0.01,540,654547,买盘
11:13:38,12.15,-0.01,56,68104,卖盘
11:13:41,12.16,0.01,718,873621,买盘
11:13:44,12.15,-0.01,85,103345,卖盘
11:13:47,12.15,0.0,32,38882,卖盘
11:13:50,12.16,0.01,122,148304,买盘
11:13:53,12.16,0.0,170,206892,买盘
11:13:56,12.16,0.0,73,88743,买盘
11:13:59,12.16,0.0,178,216448,买盘
11:14:02,12.15,-0.01,145,175989,卖盘
11:14:05,12.16,0.01,285,346876,买盘
11:14:08,12.17,0.01,231,280917,买盘
11:14:11,12.17,0.0,244,296798,买盘
11:14:14,12.17,0.0,1125,1368147,买盘
11:14:17,12.17,0.0,39,47453,买盘
11:14:20,12.17,0.0,218,265306,买盘
11:14:23,12.16,-0.01,129,156941,卖盘
11:14:26,12.17,0.01,37,45021,买盘
11:14:32,12.16,-0.01,340,413748,卖盘
11:14:35,12.17,0.01,137,166729,买盘
11:14:38,12.17,0.0,1356,1650249,买盘
11:14:41,12.17,0.0,750,912745,买盘
11:14:44,12.17,0.0,1247,1517401,买盘
11:14:47,12.17,0.0,212,258004,买盘
11:14:50,12.17,0.0,552,671705,买盘
11:14:53,12.17,0.0,102,123644,买盘
11:14:56,12.16,-0.01,344,418451,卖盘
11:14:59,12.17,0.01,287,349279,买盘
11:15:02,12.17,0.0,235,286453,买盘
11:15:05,12.17,0.0,568,691249,买盘
11:15:08,12.17,0.0,834,1014965,买盘
11:15:11,12.17,0.0,29,35099,买盘
11:15:14,12.17,0.0,90,109408,卖盘
11:15:17,12.17,0.0,56,68152,卖盘
11:15:20,12.17,0.0,11,13387,卖盘
11:15:23,12.17,0.0,31,37727,卖盘
11:15:26,12.17,0.0,124,150567,卖盘
11:15:29,12.17,0.0,8,9736,卖盘
11:15:35,12.17,0.0,64,77888,卖盘
11:15:38,12.17,0.0,195,237559,卖盘
11:15:41,12.17,0.0,111,134892,卖盘
11:15:44,12.17,0.0,132,160887,卖盘
11:15:47,12.17,0.0,104,126568,卖盘
11:15:50,12.17,0.0,36,43812,卖盘
11:15:53,12.17,0.0,58,70319,卖盘
11:15:56,12.17,0.0,10,12170,卖盘
11:15:59,12.17,0.0,67,81539,卖盘
11:16:02,12.17,0.0,130,158210,卖盘
11:16:05,12.17,0.0,2,2434,卖盘
11:16:08,12.17,0.0,93,112645,卖盘
11:16:14,12.17,0.0,16,18985,卖盘
11:16:17,12.17,0.0,7,8519,卖盘
11:16:20,12.17,0.0,4,4674,卖盘
11:16:23,12.17,0.0,560,682079,卖盘
11:16:26,12.17,0.0,5,6085,卖盘
11:16:29,12.17,0.0,150,182550,卖盘
11:16:32,12.17,0.0,40,48680,卖盘
11:16:35,12.17,0.0,160,194720,卖盘
11:16:38,12.17,0.0,181,220180,卖盘
11:16:41,12.17,0.0,55,67032,卖盘
11:16:44,12.17,0.0,328,399249,卖盘
11:16:47,12.17,0.0,514,625246,卖盘
11:16:50,12.17,0.0,335,407233,卖盘
11:16:53,12.17,0.0,483,588346,卖盘
11:16:56,12.17,0.0,609,741105,卖盘
11:16:59,12.17,0.0,155,188026,卖盘
11:17:02,12.17,0.0,786,957049,卖盘
11:17:05,12.17,0.0,222,270174,卖盘
11:17:08,12.17,0.0,348,423686,卖盘
11:17:11,12.17,0.0,208,253404,卖盘
11:17:14,12.17,0.0,149,181333,卖盘
11:17:17,12.17,0.0,97,117654,卖盘
11:17:20,12.16,-0.01,1,1216,卖盘
11:17:23,12.17,0.01,53,64499,买盘
11:17:26,12.17,0.0,221,268907,买盘
11:17:29,12.16,-0.01,27,32834,卖盘
11:17:32,12.17,0.01,18,21906,买盘
11:17:35,12.17,0.0,58,70586,买盘
11:17:38,12.17,0.0,65,79105,买盘
11:17:41,12.17,0.0,41,49882,买盘
11:17:44,12.17,0.0,23,27991,买盘
11:17:47,12.17,0.0,33,40141,买盘
11:17:50,12.15,-0.02,22,26741,卖盘
11:17:53,12.17,0.02,46,55952,买盘
11:17:56,12.16,-0.01,109,132583,卖盘
11:17:59,12.17,0.01,14,17147,买盘
11:18:02,12.17,0.0,98,118749,买盘
11:18:05,12.16,-0.01,120,146246,卖盘
11:18:08,12.17,0.01,32,38934,买盘
11:18:11,12.17,0.0,574,698558,买盘
11:18:14,12.17,0.0,51,62024,买盘
11:18:17,12.16,-0.01,43,52312,中性盘
11:18:20,12.16,0.0,21,25552,中性盘
11:18:23,12.16,0.0,23,27968,买盘
11:18:26,12.17,0.01,262,318659,买盘
11:18:29,12.17,0.0,5,6085,买盘
11:18:32,12.16,-0.01,53,64732,卖盘
11:18:35,12.17,0.01,7,8519,买盘
11:18:38,12.17,0.0,2,2434,买盘
11:18:41,12.17,0.0,116,141172,买盘
11:18:44,12.17,0.0,76,92482,买盘
11:18:47,12.17,0.0,50,60850,买盘
11:18:50,12.17,0.0,35,42563,买盘
11:18:53,12.16,-0.01,39,47424,卖盘
11:18:56,12.17,0.01,65,79085,买盘
11:18:59,12.17,0.0,22,26774,买盘
11:19:02,12.16,-0.01,46,56362,卖盘
11:19:05,12.17,0.01,21,25557,买盘
11:19:08,12.17,0.0,126,153247,买盘
11:19:11,12.16,-0.01,11,13382,卖盘
11:19:14,12.17,0.01,391,475647,买盘
11:19:17,12.17,0.0,290,353284,买盘
11:19:20,12.17,0.0,13,15809,买盘
11:19:23,12.16,-0.01,40,48647,卖盘
11:19:26,12.16,0.0,384,467312,卖盘
11:19:29,12.17,0.01,17,20689,买盘
11:19:32,12.16,-0.01,120,145989,卖盘
11:19:35,12.16,0.0,142,172783,卖盘
11:19:38,12.17,0.01,54,65718,买盘
11:19:41,12.16,-0.01,21,25543,卖盘
11:19:44,12.17,0.01,8,9736,买盘
11:19:47,12.16,-0.01,57,69362,卖盘
11:19:50,12.16,0.0,53,64481,卖盘
11:19:53,12.17,0.01,1,1217,买盘
11:19:56,12.17,0.0,132,160573,买盘
11:19:59,12.17,0.0,23,27991,买盘
11:20:02,12.17,0.0,2,2434,买盘
11:20:05,12.16,-0.01,57,69351,卖盘
11:20:08,12.16,0.0,380,462440,卖盘
11:20:11,12.17,0.01,8,9736,买盘
11:20:14,12.16,-0.01,14,17028,卖盘
11:20:17,12.17,0.01,67,81539,买盘
11:20:20,12.16,-0.01,26,31622,卖盘
11:20:23,12.17,0.01,34,41378,买盘
11:20:26,12.17,0.0,153,186154,买盘
11:20:29,12.16,-0.01,24,28922,卖盘
11:20:32,12.16,0.0,124,150887,卖盘
11:20:35,12.17,0.01,27,32855,买盘
11:20:38,12.16,-0.01,61,73673,卖盘
11:20:41,12.17,0.01,93,113181,买盘
11:20:44,12.16,-0.01,44,53504,卖盘
11:20:47,12.17,0.01,92,111911,买盘
11:20:50,12.17,0.0,11,13386,买盘
11:20:53,12.17,0.0,13,15821,买盘
11:20:56,12.16,-0.01,95,115604,卖盘
11:20:59,12.16,0.0,22,26181,卖盘
11:21:02,12.16,0.0,2,2432,卖盘
11:21:05,12.16,0.0,34,41441,卖盘
11:21:08,12.16,0.0,27,33171,卖盘
11:21:11,12.17,0.01,1,1217,买盘
11:21:14,12.17,0.0,132,160558,买盘
11:21:17,12.17,0.0,70,85185,买盘
11:21:20,12.17,0.0,133,162351,买盘
11:21:23,12.17,0.0,114,138700,买盘
11:21:26,12.17,0.0,244,296945,买盘
11:21:29,12.17,0.0,121,147225,买盘
11:21:32,12.17,0.0,51,62067,买盘
11:21:35,12.17,0.0,84,102457,买盘
11:21:38,12.17,0.0,58,70576,买盘
11:21:41,12.16,-0.01,570,693388,卖盘
11:21:44,12.16,0.0,15,18246,买盘
11:21:47,12.16,0.0,36,43760,买盘
11:21:50,12.16,0.0,11,13376,买盘
11:21:53,12.16,0.0,26,31616,买盘
11:21:56,12.16,0.0,38,46172,买盘
11:21:59,12.15,-0.01,6,7295,卖盘
11:22:02,12.16,0.01,9,10944,买盘
11:22:05,12.16,0.0,9,10944,买盘
11:22:11,12.15,-0.01,20,24300,卖盘
11:22:14,12.15,0.0,80,97257,卖盘
11:22:17,12.16,0.01,27,32224,买盘
11:22:20,12.16,0.0,35,42538,卖盘
11:22:23,12.16,0.0,63,76631,卖盘
11:22:26,12.15,-0.01,69,83845,卖盘
11:22:29,12.16,0.01,381,462940,买盘
11:22:32,12.16,0.0,3,3380,买盘
11:22:35,12.16,0.0,29,35257,买盘
11:22:38,12.16,0.0,49,59584,买盘
11:22:41,12.16,0.0,108,131046,买盘
11:22:44,12.16,0.0,26,31835,卖盘
11:22:47,12.16,0.0,29,35264,买盘
11:22:50,12.16,0.0,11,13376,买盘
11:22:53,12.16,0.0,61,74175,买盘
11:22:56,12.17,0.01,704,856602,买盘
11:22:59,12.17,0.0,28,34076,买盘
11:23:02,12.17,0.0,277,337094,买盘
11:23:05,12.17,0.0,1,1217,买盘
11:23:08,12.17,0.0,52,63284,买盘
11:23:11,12.17,0.0,82,99790,买盘
11:23:14,12.17,0.0,117,142289,买盘
11:23:17,12.17,0.0,102,123695,买盘
11:23:20,12.17,0.0,46,55952,买盘
11:23:23,12.17,0.0,849,1033251,买盘
11:23:26,12.17,0.0,227,276257,买盘
11:23:29,12.17,0.0,896,1090943,买盘
11:23:35,12.17,0.0,13,15821,卖盘
11:23:38,12.17,0.0,38,46246,卖盘
11:23:41,12.17,0.0,10,12170,卖盘
11:23:44,12.17,0.0,60,73020,卖盘
11:23:47,12.17,0.0,17,21176,卖盘
11:23:50,12.17,0.0,37,45199,卖盘
11:23:53,12.17,0.0,18,22344,卖盘
11:23:56,12.17,0.0,10,12170,卖盘
11:24:02,12.17,0.0,20,24340,卖盘
11:24:05,12.17,0.0,13,15821,卖盘
11:24:08,12.17,0.0,81,98577,卖盘
11:24:14,12.17,0.0,30,36510,卖盘
11:24:20,12.17,0.0,11,13168,卖盘
11:24:26,12.17,0.0,14,17038,卖盘
11:24:29,12.17,0.0,3,4163,卖盘
11:24:32,12.17,0.0,44,53158,卖盘
11:24:38,12.17,0.0,1,1217,卖盘
11:24:44,12.17,0.0,39,47147,卖盘
11:24:50,12.17,0.0,778,946826,卖盘
11:24:56,12.17,0.0,2,2434,卖盘
11:25:02,12.17,0.0,2,2434,卖盘
11:25:08,12.17,0.0,10,12170,卖盘
11:25:17,12.17,0.0,5,6085,卖盘
11:25:23,12.17,0.0,23,27991,卖盘
11:25:26,12.17,0.0,2,2434,卖盘
11:25:29,12.17,0.0,55,66740,卖盘
11:25:32,12.17,0.0,38,46246,卖盘
11:25:41,12.17,0.0,164,200148,卖盘
11:25:44,12.17,0.0,5,6085,卖盘
11:25:47,12.17,0.0,17,20689,卖盘
11:25:50,12.17,0.0,8,9736,卖盘
11:25:53,12.17,0.0,10,12170,卖盘
11:26:02,12.17,0.0,25,30157,卖盘
11:26:11,12.17,0.0,10,12170,卖盘
11:26:20,12.17,0.0,7,8641,卖盘
11:26:23,12.17,0.0,10,12170,卖盘
11:26:26,12.17,0.0,10,12170,卖盘
11:26:32,12.17,0.0,1,1217,卖盘
11:26:35,12.17,0.0,80,97871,卖盘
11:26:38,12.17,0.0,23,27918,卖盘
11:26:41,12.17,0.0,14,17038,卖盘
11:26:44,12.17,0.0,5,6085,卖盘
11:26:47,12.17,0.0,104,126617,卖盘
11:26:59,12.17,0.0,1,1217,卖盘
11:27:02,12.17,0.0,28,33832,卖盘
11:27:05,12.17,0.0,8,10223,卖盘
11:27:08,12.17,0.0,10,12097,卖盘
11:27:17,12.17,0.0,7,8519,卖盘
11:27:32,12.17,0.0,52,63284,卖盘
11:27:38,12.17,0.0,7,8641,卖盘
11:27:41,12.17,0.0,15,18498,卖盘
11:27:47,12.17,0.0,8,9736,卖盘
11:27:50,12.17,0.0,5,6085,卖盘
11:27:53,12.17,0.0,3,3456,卖盘
11:28:08,12.17,0.0,103,125351,卖盘
11:28:11,12.17,0.0,4,4381,卖盘
11:28:14,12.17,0.0,5,6085,卖盘
11:28:32,12.17,0.0,195,237559,卖盘
11:28:38,12.17,0.0,10,12170,卖盘
11:28:47,12.17,0.0,4,4868,卖盘
11:28:59,12.17,0.0,10,11610,卖盘
11:29:02,12.17,0.0,3,3651,卖盘
11:29:05,12.17,0.0,3,3456,卖盘
11:29:08,12.17,0.0,49,59633,卖盘
11:29:14,12.17,0.0,100,121700,卖盘
11:29:17,12.17,0.0,4,4868,卖盘
11:29:20,12.17,0.0,52,63284,卖盘
11:29:23,12.17,0.0,173,210541,卖盘
11:29:29,12.17,0.0,65,79543,卖盘
11:29:32,12.17,0.0,100,121700,卖盘
11:29:38,12.17,0.0,1,1217,卖盘
11:29:41,12.17,0.0,188,228796,卖盘
11:29:44,12.17,0.0,252,306684,卖盘
11:29:47,12.17,0.0,67,81539,卖盘
11:29:50,12.17,0.0,29,35610,卖盘
11:29:56,12.17,0.0,30,36510,卖盘
11:29:59,12.17,0.0,3,3651,卖盘
11:30:02,12.17,0.0,5,6085,卖盘
13:00:02,12.17,0.0,380,462216,卖盘
13:00:05,12.17,0.0,3019,3674695,卖盘
13:00:08,12.17,0.0,1106,1345491,卖盘
13:00:11,12.17,0.0,1292,1572486,卖盘
13:00:14,12.17,0.0,331,402827,卖盘
13:00:20,12.17,0.0,490,596184,卖盘
13:00:26,12.17,0.0,96,116832,卖盘
13:00:29,12.17,0.0,39,47463,卖盘
13:00:32,12.17,0.0,4,5111,卖盘
13:00:35,12.17,0.0,61,74237,卖盘
13:00:38,12.17,0.0,31,37216,卖盘
13:00:41,12.17,0.0,6,7302,卖盘
13:00:44,12.17,0.0,164,199588,卖盘
13:00:47,12.17,0.0,39,47634,卖盘
13:00:53,12.17,0.0,257,312769,卖盘
13:00:56,12.17,0.0,29,35341,卖盘
13:00:59,12.17,0.0,1,1217,卖盘
13:01:02,12.17,0.0,227,276259,卖盘
13:01:05,12.17,0.0,36,43204,卖盘
13:01:11,12.17,0.0,73,88841,卖盘
13:01:14,12.17,0.0,75,91275,卖盘
13:01:17,12.17,0.0,11,13387,卖盘
13:01:20,12.17,0.0,62,75697,卖盘
13:01:23,12.17,0.0,32,38944,卖盘
13:01:26,12.17,0.0,294,357798,卖盘
13:01:29,12.17,0.0,159,193503,卖盘
13:01:32,12.17,0.0,87,105879,卖盘
13:01:35,12.17,0.0,161,195791,卖盘
13:01:38,12.17,0.0,668,813321,卖盘
13:01:41,12.17,0.0,407,495660,卖盘
13:01:44,12.17,0.0,389,473359,买盘
13:01:50,12.16,-0.01,8,9728,卖盘
13:01:53,12.17,0.01,255,310072,买盘
13:01:56,12.17,0.0,9,10953,买盘
13:01:59,12.16,-0.01,7,8517,卖盘
13:02:02,12.17,0.01,11,13387,买盘
13:02:05,12.16,-0.01,163,198331,卖盘
13:02:08,12.15,-0.01,4,4860,卖盘
13:02:11,12.15,0.0,42,51059,卖盘
13:02:14,12.15,0.0,8,9720,卖盘
13:02:17,12.16,0.01,9,10944,买盘
13:02:20,12.15,-0.01,52,63205,卖盘
13:02:23,12.15,0.0,132,160274,买盘
13:02:26,12.14,-0.01,31,37649,卖盘
13:02:32,12.14,0.0,13,15782,卖盘
13:02:35,12.14,0.0,18,21852,买盘
13:02:38,12.12,-0.02,13,15756,卖盘
13:02:41,12.12,0.0,10,12120,卖盘
13:02:44,12.12,0.0,1,1212,卖盘
13:02:47,12.12,0.0,11,13326,买盘
13:02:50,12.12,0.0,39,47260,买盘
13:02:53,12.11,-0.01,2,2422,卖盘
13:02:56,12.11,0.0,16,19377,卖盘
13:02:59,12.1,-0.01,84,101658,卖盘
13:03:02,12.1,0.0,6,7260,买盘
13:03:08,12.07,-0.03,126,152727,卖盘
13:03:11,12.07,0.0,10,12070,买盘
13:03:14,12.05,-0.02,371,447075,卖盘
13:03:20,12.05,0.0,117,140396,卖盘
13:03:23,12.05,0.0,33,39383,卖盘
13:03:26,12.05,0.0,9,10339,卖盘
13:03:29,12.05,0.0,389,467195,买盘
13:03:35,12.07,0.02,496,598677,买盘
13:03:38,12.01,-0.06,37,44059,卖盘
13:03:41,12.01,0.0,2,2402,买盘
13:03:44,12.01,0.0,26,31226,买盘
13:03:47,11.99,-0.02,56,67196,卖盘
13:03:50,12.01,0.02,2,2402,买盘
13:03:53,12.01,0.0,2,2402,买盘
13:03:56,11.99,-0.02,29,34780,卖盘
13:03:59,12.0,0.01,31,37213,买盘
13:04:02,12.05,0.05,48,57649,买盘
13:04:05,12.0,-0.05,101,120641,卖盘
13:04:08,12.06,0.06,4,4824,买盘
13:04:11,12.05,-0.01,19,22805,中性盘
13:04:14,12.06,0.01,71,85614,买盘
13:04:17,12.06,0.0,7,8442,买盘
13:04:20,12.07,0.01,66,79573,买盘
13:04:26,12.08,0.01,54,65181,买盘
13:04:29,12.08,0.0,10,12080,买盘
13:04:32,12.09,0.01,85,102673,买盘
13:04:35,12.09,0.0,55,66484,买盘
13:04:38,12.09,0.0,5,6553,卖盘
13:04:41,12.1,0.01,33,39925,买盘
13:04:44,12.1,0.0,3,3630,买盘
13:04:47,12.11,0.01,363,438706,买盘
13:04:50,12.08,-0.03,118,142946,卖盘
13:04:53,12.11,0.03,6,7266,中性盘
13:04:56,12.11,0.0,3,3631,买盘
13:04:59,12.14,0.03,46,55844,买盘
13:05:02,12.1,-0.04,35,42223,卖盘
13:05:05,12.11,0.01,13,15750,卖盘
13:05:08,12.1,-0.01,75,90920,卖盘
13:05:11,12.1,0.0,61,73810,买盘
13:05:14,12.1,0.0,23,27851,买盘
13:05:17,12.1,0.0,24,29137,买盘
13:05:20,12.1,0.0,38,45902,卖盘
13:05:23,12.13,0.03,37,44912,买盘
13:05:26,12.13,0.0,5,6062,卖盘
13:05:29,12.13,0.0,68,82561,卖盘
13:05:32,12.14,0.01,325,393568,中性盘
13:05:35,12.12,-0.02,51,61902,中性盘
13:05:38,12.1,-0.02,57,69016,卖盘
13:05:41,12.12,0.02,5,6060,买盘
13:05:44,12.12,0.0,1,1212,买盘
13:05:47,12.12,0.0,9,10908,买盘
13:05:50,12.12,0.0,50,60691,卖盘
13:05:53,12.16,0.04,33,40105,买盘
13:05:56,12.16,0.0,117,142198,买盘
13:05:59,12.17,0.01,138,167884,买盘
13:06:02,12.17,0.0,170,206890,买盘
13:06:05,12.17,0.0,660,803198,买盘
13:06:08,12.17,0.0,138,167940,买盘
13:06:11,12.17,0.0,111,135087,买盘
13:06:14,12.16,-0.01,179,217838,卖盘
13:06:17,12.17,0.01,203,247051,买盘
13:06:20,12.16,-0.01,88,107002,卖盘
13:06:23,12.17,0.01,24,29208,买盘
13:06:26,12.17,0.0,92,111964,买盘
13:06:29,12.16,-0.01,63,76768,卖盘
13:06:32,12.17,0.01,166,202022,买盘
13:06:35,12.17,0.0,192,233664,买盘
13:06:38,12.17,0.0,200,243074,买盘
13:06:41,12.17,0.0,167,202650,买盘
13:06:44,12.17,0.0,8,9736,卖盘
13:06:50,12.17,0.0,62,75454,卖盘
13:06:53,12.17,0.0,11,13387,卖盘
13:06:56,12.17,0.0,100,121700,卖盘
13:06:59,12.17,0.0,87,105879,卖盘
13:07:02,12.17,0.0,4,4868,卖盘
13:07:05,12.17,0.0,149,181333,卖盘
13:07:08,12.17,0.0,64,77888,卖盘
13:07:11,12.17,0.0,40,48680,卖盘
13:07:14,12.17,0.0,187,228090,卖盘
13:07:17,12.17,0.0,162,197154,卖盘
13:07:20,12.17,0.0,89,108386,卖盘
13:07:23,12.12,-0.05,54,65801,卖盘
13:07:29,12.17,0.05,1,1217,买盘
13:07:32,12.17,0.0,48,58416,买盘
13:07:35,12.13,-0.04,61,74204,卖盘
13:07:38,12.13,0.0,10,12130,买盘
13:07:41,12.17,0.04,36,43666,买盘
13:07:50,12.17,0.0,278,338910,买盘
13:07:53,12.17,0.0,37,45029,卖盘
13:07:56,12.17,0.0,151,183183,卖盘
13:07:59,12.17,0.0,15,18251,买盘
13:08:02,12.17,0.0,47,57195,买盘
13:08:05,12.17,0.0,16,19464,买盘
13:08:08,12.16,-0.01,14,17033,卖盘
13:08:14,12.16,0.0,18,21888,买盘
13:08:17,12.16,0.0,58,70649,买盘
13:08:23,12.16,0.0,3,3649,卖盘
13:08:26,12.16,0.0,70,85252,卖盘
13:08:29,12.16,0.0,216,262870,卖盘
13:08:32,12.17,0.01,4,4868,买盘
13:08:35,12.17,0.0,171,208047,买盘
13:08:38,12.17,0.0,115,139955,买盘
13:08:41,12.17,0.0,102,124190,买盘
13:08:44,12.17,0.0,50,60850,买盘
13:08:47,12.16,-0.01,464,564683,卖盘
13:08:50,12.17,0.01,17,20689,买盘
13:08:53,12.17,0.0,56,68147,买盘
13:08:56,12.17,0.0,166,201440,买盘
13:08:59,12.17,0.0,172,209548,买盘
13:09:02,12.17,0.0,14,17038,买盘
13:09:05,12.17,0.0,14,17038,买盘
13:09:08,12.17,0.0,81,98772,买盘
13:09:11,12.17,0.0,50,60850,卖盘
13:09:14,12.16,-0.01,95,115704,卖盘
13:09:17,12.17,0.01,26,31642,卖盘
13:09:20,12.17,0.0,12,14725,买盘
13:09:23,12.17,0.0,54,65718,买盘
13:09:26,12.16,-0.01,186,225593,卖盘
13:09:29,12.16,0.0,42,51072,买盘
13:09:32,12.16,0.0,10,12160,买盘
13:09:35,12.16,0.0,9,10944,买盘
13:09:38,12.16,0.0,10,12160,买盘
13:09:41,12.16,0.0,44,53260,买盘
13:09:44,12.17,0.01,18,21890,买盘
13:09:47,12.17,0.0,13,15821,买盘
13:09:50,12.17,0.0,217,264059,买盘
13:09:53,12.17,0.0,103,125350,买盘
13:09:56,12.17,0.0,60,72990,买盘
13:09:59,12.17,0.0,35,42595,买盘
13:10:02,12.17,0.0,28,34071,买盘
13:10:05,12.17,0.0,38,46246,买盘
13:10:08,12.17,0.0,66,80347,买盘
13:10:11,12.17,0.0,30,36510,卖盘
13:10:14,12.17,0.0,4,5184,卖盘
13:10:23,12.17,0.0,25,30425,卖盘
13:10:29,12.17,0.0,13,16332,卖盘
13:10:32,12.17,0.0,6,7302,卖盘
13:10:35,12.17,0.0,8,9736,卖盘
13:10:38,12.17,0.0,10,12170,卖盘
13:10:41,12.17,0.0,12,14604,卖盘
13:10:44,12.17,0.0,18,22466,卖盘
13:10:56,12.17,0.0,8,9736,卖盘
13:10:59,12.17,0.0,44,53791,卖盘
13:11:02,12.17,0.0,88,107096,卖盘
13:11:05,12.17,0.0,14,17282,卖盘
13:11:08,12.17,0.0,14,17038,卖盘
13:11:11,12.17,0.0,10,12170,卖盘
13:11:26,12.17,0.0,40,48680,卖盘
13:11:29,12.17,0.0,99,120483,卖盘
13:11:35,12.17,0.0,4,4381,卖盘
13:11:44,12.17,0.0,30,36510,卖盘
13:11:50,12.17,0.0,4,5111,卖盘
13:11:59,12.17,0.0,2,2434,卖盘
13:12:02,12.17,0.0,6,7814,卖盘
13:12:05,12.17,0.0,104,126568,卖盘
13:12:20,12.17,0.0,3,3772,卖盘
13:12:32,12.17,0.0,16,19472,卖盘
13:12:35,12.17,0.0,60,72923,卖盘
13:12:41,12.17,0.0,1,1217,卖盘
13:12:44,12.17,0.0,10,12170,卖盘
13:12:56,12.17,0.0,23,27991,卖盘
13:13:02,12.17,0.0,2,2434,卖盘
13:13:05,12.17,0.0,39,47658,卖盘
13:13:32,12.17,0.0,3,3651,卖盘
13:13:35,12.17,0.0,14,16502,卖盘
13:13:38,12.17,0.0,8,9736,卖盘
13:13:41,12.17,0.0,4,4868,卖盘
13:13:44,12.17,0.0,15,18255,卖盘
13:13:47,12.17,0.0,5,5890,卖盘
13:14:02,12.17,0.0,40,48680,卖盘
13:14:08,12.17,0.0,1,1729,卖盘
13:14:11,12.17,0.0,37,45029,卖盘
13:14:14,12.17,0.0,10,12170,卖盘
13:14:20,12.17,0.0,166,202265,卖盘
13:14:29,12.17,0.0,5,6085,卖盘
13:14:32,12.17,0.0,16,19472,卖盘
13:14:35,12.17,0.0,5,6085,卖盘
13:14:47,12.17,0.0,1,1217,卖盘
13:14:56,12.17,0.0,12,14604,卖盘
13:14:59,12.17,0.0,2,2434,卖盘
13:15:11,12.17,0.0,12,14604,卖盘
13:15:20,12.17,0.0,8,9736,卖盘
13:15:23,12.17,0.0,10,12170,卖盘
13:15:32,12.17,0.0,203,247051,卖盘
13:15:38,12.17,0.0,18,21906,卖盘
13:15:41,12.17,0.0,30,36510,卖盘
13:15:47,12.17,0.0,3,3456,卖盘
13:15:56,12.17,0.0,19,23123,卖盘
13:16:02,12.17,0.0,10,12170,卖盘
13:16:17,12.17,0.0,1,1217,卖盘
13:16:23,12.17,0.0,19,23123,卖盘
13:16:29,12.17,0.0,13,15237,卖盘
13:16:38,12.17,0.0,18,21906,卖盘
13:16:44,12.17,0.0,6,6913,卖盘
13:16:50,12.17,0.0,28,34076,卖盘
13:16:59,12.17,0.0,15,18255,卖盘
13:17:02,12.17,0.0,1,1217,卖盘
13:17:08,12.17,0.0,24,29451,卖盘
13:17:14,12.17,0.0,19,22855,卖盘
13:17:32,12.17,0.0,10,12414,卖盘
13:18:11,12.17,0.0,50,60850,卖盘
13:18:17,12.17,0.0,2,2434,卖盘
13:18:23,12.17,0.0,0,316,卖盘
13:18:41,12.17,0.0,9,10953,卖盘
13:18:47,12.17,0.0,3,3651,卖盘
13:18:50,12.17,0.0,1,1217,卖盘
13:19:02,12.17,0.0,10,12170,卖盘
13:19:08,12.17,0.0,10,12170,卖盘
13:19:14,12.17,0.0,1,1655,卖盘
13:19:29,12.17,0.0,5,6085,卖盘
13:19:38,12.17,0.0,6,7302,卖盘
13:19:41,12.17,0.0,2,2434,卖盘
13:19:44,12.17,0.0,7,8519,卖盘
13:19:53,12.17,0.0,40,48680,卖盘
13:20:17,12.17,0.0,20,24340,卖盘
13:20:23,12.17,0.0,22,26774,卖盘
13:20:56,12.17,0.0,1,1217,卖盘
13:20:59,12.17,0.0,10,12170,卖盘
13:21:05,12.17,0.0,10,12170,卖盘
13:21:17,12.17,0.0,25,29841,卖盘
13:21:20,12.17,0.0,10,12170,卖盘
13:21:29,12.17,0.0,1,1217,卖盘
13:21:32,12.17,0.0,118,143606,卖盘
13:21:38,12.17,0.0,16,19010,卖盘
13:22:08,12.17,0.0,20,24340,卖盘
13:22:20,12.17,0.0,1,1217,卖盘
13:22:32,12.17,0.0,20,24340,卖盘
13:22:38,12.17,0.0,5,6085,卖盘
13:23:05,12.17,0.0,30,36510,卖盘
13:23:08,12.17,0.0,20,24340,卖盘
13:23:29,12.17,0.0,3,3651,卖盘
13:23:50,12.17,0.0,5,6085,卖盘
13:24:20,12.17,0.0,5,6085,卖盘
13:24:23,12.17,0.0,20,24340,卖盘
13:24:29,12.17,0.0,1,1217,卖盘
13:24:41,12.17,0.0,10,12170,卖盘
13:24:44,12.17,0.0,1,1217,卖盘
13:24:50,12.17,0.0,10,12170,卖盘
13:25:38,12.17,0.0,600,730200,卖盘
13:25:59,12.17,0.0,10,12170,卖盘
13:26:20,12.17,0.0,50,60850,卖盘
13:26:56,12.17,0.0,30,36510,卖盘
13:27:08,12.17,0.0,20,24340,卖盘
13:27:11,12.17,0.0,59,71803,卖盘
13:27:14,12.17,0.0,5,6085,卖盘
13:27:17,12.17,0.0,95,115615,卖盘
13:27:23,12.17,0.0,120,146040,卖盘
13:27:32,12.17,0.0,48,58416,卖盘
13:27:44,12.17,0.0,10,12170,卖盘
13:27:56,12.17,0.0,2,2434,卖盘
13:28:02,12.17,0.0,10,12170,卖盘
13:28:11,12.17,0.0,14,17038,卖盘
13:28:44,12.17,0.0,30,36510,卖盘
13:28:50,12.17,0.0,1,1217,卖盘
13:29:08,12.17,0.0,9,10368,卖盘
13:29:29,12.17,0.0,30,36510,卖盘
13:29:41,12.17,0.0,16,19278,卖盘
13:29:50,12.17,0.0,4,4868,卖盘
13:30:14,12.17,0.0,10,12170,卖盘
13:30:17,12.17,0.0,48,58416,卖盘
13:30:26,12.17,0.0,300,365100,卖盘
13:30:29,12.17,0.0,10,12413,卖盘
13:30:32,12.17,0.0,1,1217,卖盘
13:30:38,12.17,0.0,48,58416,卖盘
13:30:44,12.17,0.0,18,22393,卖盘
13:30:47,12.17,0.0,5,6085,卖盘
13:30:53,12.17,0.0,1,1217,卖盘
13:31:02,12.17,0.0,4,4868,卖盘
13:31:17,12.17,0.0,5,6085,卖盘
13:31:20,12.17,0.0,2,2434,卖盘
13:31:23,12.17,0.0,14,17281,卖盘
13:31:32,12.17,0.0,108,130950,卖盘
13:31:47,12.17,0.0,60,72581,卖盘
13:31:59,12.17,0.0,16,19448,卖盘
13:32:05,12.17,0.0,126,153659,卖盘
13:32:08,12.17,0.0,55,67397,卖盘
13:32:17,12.17,0.0,45,55130,卖盘
13:32:32,12.17,0.0,4,5185,卖盘
13:32:59,12.17,0.0,24,28794,卖盘
13:33:05,12.17,0.0,35,42595,卖盘
13:33:11,12.17,0.0,42,50700,卖盘
13:33:32,12.17,0.0,11,13387,卖盘
13:33:41,12.17,0.0,9,11440,卖盘
13:33:44,12.17,0.0,1,1217,卖盘
13:33:47,12.17,0.0,23,27991,卖盘
13:33:53,12.17,0.0,2,2239,卖盘
13:33:56,12.17,0.0,4,4868,卖盘
13:33:59,12.17,0.0,2,2434,卖盘
13:34:08,12.17,0.0,23,28113,卖盘
13:34:11,12.17,0.0,7,8519,卖盘
13:34:20,12.17,0.0,28,33832,卖盘
13:34:23,12.17,0.0,11,13387,卖盘
13:34:29,12.17,0.0,21,25606,卖盘
13:34:32,12.17,0.0,60,73020,卖盘
13:34:44,12.17,0.0,5,6085,卖盘
13:34:56,12.17,0.0,25,30230,卖盘
13:35:02,12.17,0.0,1,1217,卖盘
13:35:05,12.17,0.0,43,51918,卖盘
13:35:20,12.17,0.0,5,6085,卖盘
13:35:50,12.17,0.0,108,131436,卖盘
13:36:14,12.17,0.0,61,74553,卖盘
13:36:47,12.17,0.0,10,12170,卖盘
13:37:05,12.17,0.0,36,43812,卖盘
13:37:17,12.17,0.0,25,30425,卖盘
13:37:20,12.17,0.0,10,12170,卖盘
13:37:35,12.17,0.0,8,9736,卖盘
13:37:50,12.17,0.0,1,1217,卖盘
13:37:56,12.17,0.0,60,72874,卖盘
13:38:35,12.17,0.0,4,5111,卖盘
13:39:02,12.17,0.0,1,1217,卖盘
13:39:17,12.17,0.0,10,12170,卖盘
13:39:20,12.17,0.0,50,60850,卖盘
13:39:29,12.17,0.0,2,2434,卖盘
13:39:44,12.17,0.0,1,1217,卖盘
13:39:50,12.17,0.0,1,1217,卖盘
13:39:56,12.17,0.0,20,24340,卖盘
13:40:20,12.17,0.0,140,170380,卖盘
13:40:23,12.17,0.0,5,6085,卖盘
13:40:35,12.17,0.0,9,10953,卖盘
13:40:44,12.17,0.0,1,1728,卖盘
13:40:53,12.17,0.0,46,55982,卖盘
13:40:56,12.17,0.0,9,11270,卖盘
13:40:59,12.17,0.0,30,36510,卖盘
13:41:11,12.17,0.0,5,6085,卖盘
13:41:29,12.17,0.0,3,3651,卖盘
13:42:08,12.17,0.0,2,2434,卖盘
13:42:14,12.17,0.0,8,9736,卖盘
13:42:32,12.17,0.0,10,12170,卖盘
13:43:02,12.17,0.0,43,52185,卖盘
13:43:05,12.17,0.0,2,2434,卖盘
13:43:20,12.17,0.0,100,121700,卖盘
13:43:53,12.17,0.0,23,27723,卖盘
13:44:11,12.17,0.0,6,7302,卖盘
13:44:26,12.17,0.0,5,6085,卖盘
13:44:41,12.17,0.0,2,2750,卖盘
13:44:44,12.17,0.0,8,9736,卖盘
13:45:20,12.17,0.0,1,1217,卖盘
13:45:41,12.17,0.0,2,2556,卖盘
13:45:47,12.17,0.0,100,121700,卖盘
13:45:50,12.17,0.0,21,25557,卖盘
13:45:56,12.17,0.0,85,103250,卖盘
13:46:05,12.17,0.0,5,6085,卖盘
13:46:14,12.17,0.0,11,13826,卖盘
13:46:23,12.17,0.0,5,6401,卖盘
13:46:38,12.17,0.0,18,21614,卖盘
13:47:05,12.17,0.0,100,121700,卖盘
13:47:53,12.17,0.0,6,7302,卖盘
13:48:32,12.17,0.0,1,876,卖盘
13:48:50,12.17,0.0,55,67495,卖盘
13:49:14,12.17,0.0,12,14993,卖盘
13:49:20,12.17,0.0,7,8641,卖盘
13:49:50,12.17,0.0,1,1728,卖盘
13:50:26,12.17,0.0,1,1217,卖盘
13:52:20,12.17,0.0,1,1728,卖盘
13:52:41,12.17,0.0,2,2434,卖盘
13:52:47,12.17,0.0,2,2751,卖盘
13:53:35,12.17,0.0,3,3651,卖盘
13:54:02,12.17,0.0,6,7302,卖盘
13:54:23,12.17,0.0,16,19642,卖盘
13:55:14,12.17,0.0,2,2434,卖盘
13:56:47,12.17,0.0,10,12170,卖盘
13:56:56,12.17,0.0,51,61653,卖盘
13:57:08,12.17,0.0,4,4868,卖盘
13:57:17,12.17,0.0,1,1217,卖盘
13:57:32,12.17,0.0,38,46660,卖盘
13:57:59,12.17,0.0,130,158210,卖盘
13:58:14,12.17,0.0,1,1217,卖盘
13:58:38,12.17,0.0,1,1217,卖盘
13:59:02,12.17,0.0,40,48680,卖盘
14:00:08,12.17,0.0,2,2434,卖盘
14:01:50,12.17,0.0,3,3456,卖盘
14:01:59,12.17,0.0,13,15821,卖盘
14:02:05,12.17,0.0,20,24340,卖盘
14:02:08,12.17,0.0,31,37727,卖盘
14:02:14,12.17,0.0,10,12170,卖盘
14:03:14,12.17,0.0,20,24340,卖盘
14:03:17,12.17,0.0,1,1217,卖盘
14:03:38,12.17,0.0,24,29647,卖盘
14:03:47,12.17,0.0,6,7302,卖盘
14:04:05,12.17,0.0,20,24340,卖盘
14:04:11,12.17,0.0,21,25557,卖盘
14:05:17,12.17,0.0,3,3456,卖盘
14:05:56,12.17,0.0,1,1217,卖盘
14:06:14,12.17,0.0,11,13387,卖盘
14:06:26,12.17,0.0,6,6912,卖盘
14:06:35,12.17,0.0,20,24340,卖盘
14:07:08,12.17,0.0,52,63284,卖盘
14:07:44,12.17,0.0,104,126568,卖盘
14:07:47,12.17,0.0,27,32859,卖盘
14:07:59,12.17,0.0,137,166729,卖盘
14:08:14,12.17,0.0,20,24340,卖盘
14:08:17,12.17,0.0,4,5185,卖盘
14:08:50,12.17,0.0,30,36510,卖盘
14:09:05,12.17,0.0,7,8519,卖盘
14:09:11,12.17,0.0,1,1217,卖盘
14:10:29,12.17,0.0,1,1217,卖盘
14:10:32,12.17,0.0,3,3456,卖盘
14:10:59,12.17,0.0,25,30425,卖盘
14:12:11,12.17,0.0,11,13387,卖盘
14:12:35,12.17,0.0,20,24340,卖盘
14:12:44,12.17,0.0,2,2434,卖盘
14:12:53,12.17,0.0,17,20811,卖盘
14:13:14,12.17,0.0,10,12170,卖盘
14:13:17,12.17,0.0,3,3651,卖盘
14:13:50,12.17,0.0,3,3651,卖盘
14:14:05,12.17,0.0,2,2434,卖盘
14:14:29,12.17,0.0,20,24340,卖盘
14:15:14,12.17,0.0,14,17014,卖盘
14:16:02,12.17,0.0,18,21906,卖盘
14:16:23,12.17,0.0,5,6085,卖盘
14:16:41,12.17,0.0,10,12170,卖盘
14:16:59,12.17,0.0,20,24340,卖盘
14:17:11,12.17,0.0,20,24340,卖盘
14:17:26,12.17,0.0,20,24340,卖盘
14:17:56,12.17,0.0,20,24340,卖盘
14:18:11,12.17,0.0,8,9736,卖盘
14:18:14,12.17,0.0,5,6085,卖盘
14:18:26,12.17,0.0,20,24340,卖盘
14:18:44,12.17,0.0,60,73020,卖盘
14:18:59,12.17,0.0,40,48680,卖盘
14:19:05,12.17,0.0,8,9736,卖盘
14:19:11,12.17,0.0,10,12170,卖盘
14:19:47,12.17,0.0,1,1217,卖盘
14:19:53,12.17,0.0,22,26774,卖盘
14:20:08,12.17,0.0,1,1217,卖盘
14:20:59,12.17,0.0,1,1217,卖盘
14:21:11,12.17,0.0,1,1217,卖盘
14:21:35,12.17,0.0,20,24340,卖盘
14:21:53,12.17,0.0,3,3651,卖盘
14:22:08,12.17,0.0,18,21906,卖盘
14:22:11,12.17,0.0,1,1217,卖盘
14:22:17,12.17,0.0,3,3651,卖盘
14:22:26,12.17,0.0,9,10953,卖盘
14:22:32,12.17,0.0,40,48680,卖盘
14:22:38,12.17,0.0,11,12802,卖盘
14:23:32,12.17,0.0,10,12170,卖盘
14:23:38,12.17,0.0,5,6085,卖盘
14:23:41,12.17,0.0,7,8276,卖盘
14:24:59,12.17,0.0,7,8519,卖盘
14:25:17,12.17,0.0,4,4868,卖盘
14:25:38,12.17,0.0,20,24340,卖盘
14:26:11,12.17,0.0,2,2434,卖盘
14:26:44,12.17,0.0,10,12170,卖盘
14:26:56,12.17,0.0,6,7302,卖盘
14:28:50,12.17,0.0,14,17281,卖盘
14:29:35,12.17,0.0,300,365100,卖盘
14:31:26,12.17,0.0,12,14604,卖盘
14:31:35,12.17,0.0,1,1217,卖盘
14:31:50,12.17,0.0,13,15821,卖盘
14:32:32,12.17,0.0,2,2434,卖盘
14:32:41,12.17,0.0,10,12170,卖盘
14:33:08,12.17,0.0,3,3457,卖盘
14:34:02,12.17,0.0,42,51114,卖盘
14:34:05,12.17,0.0,60,73020,卖盘
14:34:38,12.17,0.0,9,10953,卖盘
14:35:17,12.17,0.0,1,1217,卖盘
14:35:20,12.17,0.0,2,2434,卖盘
14:35:32,12.17,0.0,6,7302,卖盘
14:35:35,12.17,0.0,30,36510,卖盘
14:36:02,12.17,0.0,16,19472,卖盘
14:36:53,12.17,0.0,1,1217,卖盘
14:37:32,12.17,0.0,8,9736,卖盘
14:37:35,12.17,0.0,1,1217,卖盘
14:40:56,12.17,0.0,1,1217,卖盘
14:42:26,12.17,0.0,26,31106,卖盘
14:42:29,12.17,0.0,10,12170,卖盘
14:42:41,12.17,0.0,2,2434,卖盘
14:43:02,12.17,0.0,8,9736,卖盘
14:43:11,12.17,0.0,16,19910,卖盘
14:43:14,12.17,0.0,2,2434,卖盘
14:43:17,12.17,0.0,300,365100,卖盘
14:43:56,12.17,0.0,3,3651,卖盘
14:44:20,12.17,0.0,3,3457,卖盘
14:44:26,12.17,0.0,2,2434,卖盘
14:45:35,12.17,0.0,128,155776,卖盘
14:45:41,12.17,0.0,30,36510,卖盘
14:46:41,12.17,0.0,0,462,卖盘
14:46:53,12.17,0.0,3,3651,卖盘
14:49:26,12.17,0.0,2,2434,卖盘
14:50:05,12.17,0.0,2,2434,卖盘
14:50:29,12.17,0.0,14,17525,卖盘
14:50:38,12.17,0.0,10,12170,卖盘
14:50:50,12.17,0.0,1,1217,卖盘
14:51:02,12.17,0.0,3,3651,卖盘
14:51:08,12.17,0.0,10,12170,卖盘
14:51:14,12.17,0.0,18,21954,卖盘
14:51:29,12.17,0.0,7,8641,卖盘
14:51:32,12.17,0.0,5,6621,卖盘
14:51:38,12.17,0.0,1,1728,卖盘
14:52:41,12.17,0.0,20,24340,卖盘
14:52:44,12.17,0.0,24,29208,卖盘
14:53:14,12.17,0.0,4,4868,卖盘
14:53:17,12.17,0.0,2,2434,卖盘
14:53:44,12.17,0.0,9,10953,卖盘
14:54:08,12.17,0.0,3,3651,卖盘
14:54:41,12.17,0.0,20,24778,卖盘
14:54:44,12.17,0.0,114,138251,卖盘
14:54:47,12.17,0.0,20,24340,卖盘
14:55:53,12.17,0.0,17,20689,卖盘
14:56:02,12.17,0.0,25,30425,卖盘
14:56:20,12.17,0.0,9,10953,卖盘
14:56:23,12.17,0.0,11,13825,卖盘
14:56:35,12.17,0.0,18,21906,卖盘
14:56:53,12.17,0.0,4,4868,卖盘
15:00:02,12.17,0.0,29,35658,卖盘
