成交时间,成交价格,价格变动,成交量,成交金额,性质
09:25:02,22.79,0.09,33240,75754051,买盘
09:30:02,22.88,0.09,13752,31630959,买盘
09:30:05,23.19,0.31,5563,12763583,买盘
09:30:08,22.82,-0.37,13766,31606601,卖盘
09:30:11,22.8,-0.02,10127,23266649,卖盘
09:30:14,22.81,0.01,6396,14734835,卖盘
09:30:17,22.9,0.09,6436,14833105,中性盘
09:30:20,22.8,-0.1,7671,17677599,卖盘
09:30:23,22.81,0.01,3642,8390411,中性盘
09:30:26,23.18,0.37,7456,17209029,买盘
09:30:29,22.85,-0.33,5752,13224764,中性盘
09:30:32,22.81,-0.04,3511,8037198,卖盘
09:30:35,23.21,0.4,30153,69944181,买盘
09:30:38,23.21,0.0,5282,12259522,卖盘
09:30:41,23.21,0.0,4977,11551060,卖盘
09:30:44,23.21,0.0,3614,8388094,卖盘
09:30:47,23.21,0.0,1930,4479530,卖盘
09:30:50,23.21,0.0,2876,6675196,卖盘
09:30:53,23.21,0.0,1410,3271519,卖盘
09:30:56,23.21,0.0,474,1100154,卖盘
09:30:59,23.21,0.0,1609,3734489,卖盘
09:31:02,23.21,0.0,2009,4662889,卖盘
09:31:05,23.21,0.0,746,1731466,卖盘
09:31:08,23.21,0.0,173,401533,卖盘
09:31:11,23.21,0.0,171,396891,卖盘
09:31:14,23.21,0.0,3766,8740886,卖盘
09:31:17,23.21,0.0,988,2293148,卖盘
09:31:20,23.21,0.0,419,972499,卖盘
09:31:23,23.21,0.0,884,2051764,卖盘
09:31:26,23.21,0.0,231,536151,卖盘
09:31:29,23.21,0.0,48,111408,卖盘
09:31:32,23.21,0.0,187,434027,卖盘
09:31:35,23.21,0.0,107,248347,卖盘
09:31:38,23.21,0.0,113,262273,卖盘
09:31:41,23.21,0.0,221,512941,卖盘
09:31:44,23.21,0.0,387,898227,卖盘
09:31:47,23.21,0.0,264,612744,卖盘
09:31:50,23.21,0.0,182,422422,卖盘
09:31:53,23.21,0.0,1007,2337247,卖盘
09:31:56,23.21,0.0,355,823955,卖盘
09:31:59,23.21,0.0,174,403854,卖盘
09:32:02,23.21,0.0,162,376002,卖盘
09:32:05,23.21,0.0,181,420101,卖盘
09:32:08,23.21,0.0,204,473484,卖盘
09:32:11,23.21,0.0,117,271557,卖盘
09:32:14,23.21,0.0,267,619707,卖盘
09:32:17,23.21,0.0,124,287804,卖盘
09:32:20,23.21,0.0,292,677732,卖盘
09:32:23,23.21,0.0,109,252989,卖盘
09:32:26,23.21,0.0,430,998030,卖盘
09:32:29,23.21,0.0,64,148544,卖盘
09:32:32,23.21,0.0,117,271557,卖盘
09:32:35,23.21,0.0,109,252989,卖盘
09:32:38,23.21,0.0,164,380644,卖盘
09:32:41,23.21,0.0,76,176396,卖盘
09:32:44,23.21,0.0,9,20889,卖盘
09:32:47,23.21,0.0,204,473484,卖盘
09:32:50,23.21,0.0,41,95161,卖盘
09:32:53,23.21,0.0,35,81235,卖盘
09:32:56,23.21,0.0,32,74272,卖盘
09:32:59,23.21,0.0,86,199606,卖盘
09:33:02,23.21,0.0,181,420101,卖盘
09:33:05,23.21,0.0,102,236742,卖盘
09:33:08,23.21,0.0,45,104445,卖盘
09:33:11,23.21,0.0,26,60346,卖盘
09:33:14,23.21,0.0,34,78914,卖盘
09:33:17,23.21,0.0,109,252989,卖盘
09:33:20,23.21,0.0,88,204248,卖盘
09:33:23,23.21,0.0,32,74272,卖盘
09:33:26,23.21,0.0,350,812350,卖盘
09:33:29,23.21,0.0,55,127655,卖盘
09:33:32,23.21,0.0,91,211211,卖盘
09:33:35,23.21,0.0,222,515262,卖盘
09:33:38,23.21,0.0,152,352792,卖盘
09:33:41,23.21,0.0,30,69630,卖盘
09:33:44,23.21,0.0,108,250668,卖盘
09:33:47,23.21,0.0,50,116050,卖盘
09:33:50,23.21,0.0,70,162470,卖盘
09:33:53,23.21,0.0,246,570966,卖盘
09:33:56,23.21,0.0,244,566324,卖盘
09:33:59,23.21,0.0,60,139260,卖盘
09:34:02,23.21,0.0,56,129976,卖盘
09:34:05,23.21,0.0,692,1606132,卖盘
09:34:08,23.21,0.0,32,74272,卖盘
09:34:11,23.21,0.0,110,255310,卖盘
09:34:14,23.21,0.0,79,183359,卖盘
09:34:17,23.21,0.0,101,235117,卖盘
09:34:20,23.21,0.0,242,561682,卖盘
09:34:23,23.21,0.0,116,269236,卖盘
09:34:26,23.21,0.0,12,27852,卖盘
09:34:29,23.21,0.0,74,171754,卖盘
09:34:32,23.21,0.0,22,51062,卖盘
09:34:35,23.21,0.0,28,64988,卖盘
09:34:38,23.21,0.0,60,139260,卖盘
09:34:41,23.21,0.0,92,213532,卖盘
09:34:44,23.21,0.0,28,64988,卖盘
09:34:47,23.21,0.0,76,176396,卖盘
09:34:50,23.21,0.0,20,46420,卖盘
09:34:53,23.21,0.0,88,204248,卖盘
09:34:56,23.21,0.0,85,197285,卖盘
09:34:59,23.21,0.0,43,99803,卖盘
09:35:02,23.21,0.0,24,55704,卖盘
09:35:05,23.21,0.0,5,11605,卖盘
09:35:08,23.21,0.0,133,308693,卖盘
09:35:11,23.21,0.0,2050,4758050,卖盘
09:35:14,23.21,0.0,68,157828,卖盘
09:35:17,23.21,0.0,71,164791,卖盘
09:35:20,23.21,0.0,75,174075,卖盘
09:35:23,23.21,0.0,107,248347,卖盘
09:35:26,23.21,0.0,41,95161,卖盘
09:35:29,23.21,0.0,20,46420,卖盘
09:35:32,23.21,0.0,17,39457,卖盘
09:35:35,23.21,0.0,212,492052,卖盘
09:35:38,23.21,0.0,88,204248,卖盘
09:35:41,23.21,0.0,170,394570,卖盘
09:35:44,23.21,0.0,26,60346,卖盘
09:35:47,23.21,0.0,4,9284,卖盘
09:35:50,23.21,0.0,151,350471,卖盘
09:35:53,23.21,0.0,36,83556,卖盘
09:35:56,23.21,0.0,7,16247,卖盘
09:35:59,23.21,0.0,4,9284,卖盘
09:36:02,23.21,0.0,39,90519,卖盘
09:36:05,23.21,0.0,73,169433,卖盘
09:36:08,23.21,0.0,1,2321,卖盘
09:36:11,23.21,0.0,209,485089,卖盘
09:36:14,23.21,0.0,11,25531,卖盘
09:36:17,23.21,0.0,4,9284,卖盘
09:36:20,23.21,0.0,8,18568,卖盘
09:36:23,23.21,0.0,31,71951,卖盘
09:36:26,23.21,0.0,63,146223,卖盘
09:36:29,23.21,0.0,3,6963,卖盘
09:36:32,23.21,0.0,50,116050,卖盘
09:36:35,23.21,0.0,13,30173,卖盘
09:36:38,23.21,0.0,22,51062,卖盘
09:36:41,23.21,0.0,1,2321,卖盘
09:36:44,23.21,0.0,180,417780,卖盘
09:36:47,23.21,0.0,20,46420,卖盘
09:36:50,23.21,0.0,249,577929,卖盘
09:36:56,23.21,0.0,47,109087,卖盘
09:36:59,23.21,0.0,12,27852,卖盘
09:37:02,23.21,0.0,5,11605,卖盘
09:37:05,23.21,0.0,19,44099,卖盘
09:37:08,23.21,0.0,9,20889,卖盘
09:37:11,23.21,0.0,23,53383,卖盘
09:37:14,23.21,0.0,37,85877,卖盘
09:37:17,23.21,0.0,24,55704,卖盘
09:37:23,23.21,0.0,38,88198,卖盘
09:37:26,23.21,0.0,106,246026,卖盘
09:37:29,23.21,0.0,23,53383,卖盘
09:37:32,23.21,0.0,357,828597,卖盘
09:37:35,23.21,0.0,1,2321,卖盘
09:37:38,23.21,0.0,31,71951,卖盘
09:37:41,23.21,0.0,12,27852,卖盘
09:37:44,23.21,0.0,17,39457,卖盘
09:37:47,23.21,0.0,111,257631,卖盘
09:37:50,23.21,0.0,9,20889,卖盘
09:37:53,23.21,0.0,37,85877,卖盘
09:37:56,23.21,0.0,100,232100,卖盘
09:38:05,23.21,0.0,20,46420,卖盘
09:38:08,23.21,0.0,142,329582,卖盘
09:38:11,23.21,0.0,18,41778,卖盘
09:38:14,23.21,0.0,675,1566675,卖盘
09:38:17,23.21,0.0,82,190322,卖盘
09:38:20,23.21,0.0,189,438669,卖盘
09:38:23,23.21,0.0,24,55704,卖盘
09:38:26,23.21,0.0,2,4642,卖盘
09:38:29,23.21,0.0,30,69630,卖盘
09:38:32,23.21,0.0,73,169433,卖盘
09:38:38,23.21,0.0,20,46420,卖盘
09:38:41,23.21,0.0,20,46420,卖盘
09:38:44,23.21,0.0,9,20889,卖盘
09:38:47,23.21,0.0,10,23210,卖盘
09:38:50,23.21,0.0,6,13926,卖盘
09:38:53,23.21,0.0,29,67309,卖盘
09:39:02,23.21,0.0,7,16247,卖盘
09:39:05,23.21,0.0,8,18568,卖盘
09:39:08,23.21,0.0,6,13926,卖盘
09:39:11,23.21,0.0,300,696300,卖盘
09:39:17,23.21,0.0,2,4642,卖盘
09:39:23,23.21,0.0,80,185680,卖盘
09:39:26,23.21,0.0,11,25531,卖盘
09:39:29,23.21,0.0,9,20889,卖盘
09:39:35,23.21,0.0,17,39457,卖盘
09:39:38,23.21,0.0,22,51062,卖盘
09:39:41,23.21,0.0,23,53383,卖盘
09:39:47,23.21,0.0,4,9284,卖盘
09:39:50,23.21,0.0,8,18568,卖盘
09:39:53,23.21,0.0,15,34815,卖盘
09:39:56,23.21,0.0,45,104445,卖盘
09:39:59,23.21,0.0,18,41778,卖盘
09:40:02,23.21,0.0,7,16247,卖盘
09:40:05,23.21,0.0,207,480447,卖盘
09:40:08,23.21,0.0,51,118371,卖盘
09:40:11,23.21,0.0,58,134618,卖盘
09:40:14,23.21,0.0,173,401533,卖盘
09:40:17,23.21,0.0,179,415459,卖盘
09:40:20,23.21,0.0,20,46420,卖盘
09:40:23,23.21,0.0,1,2321,卖盘
09:40:26,23.21,0.0,5,11605,卖盘
09:40:29,23.21,0.0,148,343508,卖盘
09:40:32,23.21,0.0,31,71951,卖盘
09:40:35,23.21,0.0,4,9284,卖盘
09:40:38,23.21,0.0,46,106766,卖盘
09:40:41,23.21,0.0,20,46420,卖盘
09:40:44,23.21,0.0,1,2321,卖盘
09:40:47,23.21,0.0,25,58025,卖盘
09:40:50,23.21,0.0,15,34815,卖盘
09:40:53,23.21,0.0,15,34815,卖盘
09:40:56,23.21,0.0,2,4642,卖盘
09:40:59,23.21,0.0,63,146223,卖盘
09:41:02,23.21,0.0,12,27852,卖盘
09:41:05,23.21,0.0,26,60346,卖盘
09:41:08,23.21,0.0,22,51062,卖盘
09:41:11,23.21,0.0,26,60346,卖盘
09:41:14,23.21,0.0,270,626670,卖盘
09:41:17,23.21,0.0,16,37136,卖盘
09:41:20,23.21,0.0,43,99803,卖盘
09:41:23,23.21,0.0,8,18568,卖盘
09:41:26,23.21,0.0,31,71951,卖盘
09:41:29,23.21,0.0,17,39457,卖盘
09:41:32,23.21,0.0,18,41778,卖盘
09:41:35,23.21,0.0,6,13926,卖盘
09:41:38,23.21,0.0,20,46420,卖盘
09:41:41,23.21,0.0,25,58025,卖盘
09:41:44,23.21,0.0,3,6963,卖盘
09:41:47,23.21,0.0,20,46420,卖盘
09:41:50,23.21,0.0,32,74272,卖盘
09:41:53,23.21,0.0,21,48741,卖盘
09:41:56,23.21,0.0,19,44099,卖盘
09:41:59,23.21,0.0,4,9284,卖盘
09:42:02,23.21,0.0,34,78914,卖盘
09:42:05,23.21,0.0,6,13926,卖盘
09:42:08,23.21,0.0,93,215853,卖盘
09:42:11,23.21,0.0,21,48741,卖盘
09:42:14,23.21,0.0,12,27852,卖盘
09:42:17,23.21,0.0,309,717189,卖盘
09:42:20,23.21,0.0,20,46420,卖盘
09:42:23,23.21,0.0,21,48741,卖盘
09:42:26,23.21,0.0,10,23210,卖盘
09:42:32,23.21,0.0,16,37136,卖盘
09:42:35,23.21,0.0,89,206569,卖盘
09:42:38,23.21,0.0,10,23210,卖盘
09:42:41,23.21,0.0,15,34815,卖盘
09:42:44,23.21,0.0,46,106766,卖盘
09:42:47,23.21,0.0,34,78914,卖盘
09:42:50,23.21,0.0,9,20889,卖盘
09:42:53,23.21,0.0,126,292446,卖盘
09:42:56,23.21,0.0,39,90519,卖盘
09:42:59,23.21,0.0,1,2321,卖盘
09:43:02,23.21,0.0,27,62667,卖盘
09:43:08,23.21,0.0,4,9284,卖盘
09:43:11,23.21,0.0,47,109087,卖盘
09:43:14,23.21,0.0,61,141581,卖盘
09:43:17,23.21,0.0,489,1134969,卖盘
09:43:20,23.21,0.0,1651,3831971,卖盘
09:43:23,23.21,0.0,8,18568,卖盘
09:43:26,23.21,0.0,125,290125,卖盘
09:43:29,23.21,0.0,24,55704,卖盘
09:43:32,23.21,0.0,13,30173,卖盘
09:43:35,23.21,0.0,41,95161,卖盘
09:43:38,23.21,0.0,8,18568,卖盘
09:43:44,23.21,0.0,10,23210,卖盘
09:43:47,23.21,0.0,3,6963,卖盘
09:43:53,23.21,0.0,64,148544,卖盘
09:43:59,23.21,0.0,22,51062,卖盘
09:44:02,23.21,0.0,2,4642,卖盘
09:44:05,23.21,0.0,448,1039808,卖盘
09:44:08,23.21,0.0,95,220495,卖盘
09:44:14,23.21,0.0,272,631312,卖盘
09:44:17,23.21,0.0,27,62667,卖盘
09:44:20,23.21,0.0,1,2321,卖盘
09:44:23,23.21,0.0,28,64988,卖盘
09:44:26,23.21,0.0,7,16247,卖盘
09:44:32,23.21,0.0,1,2321,卖盘
09:44:38,23.21,0.0,57,132297,卖盘
09:44:41,23.21,0.0,18,41778,卖盘
09:44:44,23.21,0.0,79,183359,卖盘
09:44:50,23.21,0.0,36,83556,卖盘
09:44:56,23.21,0.0,50,116050,卖盘
09:44:59,23.21,0.0,87,201927,卖盘
09:45:02,23.21,0.0,8,18568,卖盘
09:45:05,23.21,0.0,29,67309,卖盘
09:45:08,23.21,0.0,54,125334,卖盘
09:45:11,23.21,0.0,54,125334,卖盘
09:45:14,23.21,0.0,26,60346,卖盘
09:45:17,23.21,0.0,272,631312,卖盘
09:45:20,23.21,0.0,107,248347,卖盘
09:45:23,23.21,0.0,25,58025,卖盘
09:45:26,23.21,0.0,10,23210,卖盘
09:45:32,23.21,0.0,12,27852,卖盘
09:45:35,23.21,0.0,50,116050,卖盘
09:45:38,23.21,0.0,54,125334,卖盘
09:45:41,23.21,0.0,17,39457,卖盘
09:45:47,23.21,0.0,11,25531,卖盘
09:45:56,23.21,0.0,72,167112,卖盘
09:45:59,23.21,0.0,4,9284,卖盘
09:46:02,23.21,0.0,35,81235,卖盘
09:46:05,23.21,0.0,7,16247,卖盘
09:46:08,23.21,0.0,12,27852,卖盘
09:46:11,23.21,0.0,18,41778,卖盘
09:46:14,23.21,0.0,8,18568,卖盘
09:46:17,23.21,0.0,13,30173,卖盘
09:46:20,23.21,0.0,38,88198,卖盘
09:46:23,23.21,0.0,11,25531,卖盘
09:46:26,23.21,0.0,406,942326,卖盘
09:46:29,23.21,0.0,3,6963,卖盘
09:46:32,23.21,0.0,181,420101,卖盘
09:46:38,23.21,0.0,50,116050,卖盘
09:46:41,23.21,0.0,6,13926,卖盘
09:46:44,23.21,0.0,15,34815,卖盘
09:46:50,23.21,0.0,733,1701293,卖盘
09:46:53,23.21,0.0,11,25531,卖盘
09:46:56,23.21,0.0,45,104445,卖盘
09:46:59,23.21,0.0,82,190322,卖盘
09:47:02,23.21,0.0,10,23210,卖盘
09:47:05,23.21,0.0,7,16247,卖盘
09:47:11,23.21,0.0,36,83556,卖盘
09:47:17,23.21,0.0,529,1227809,卖盘
09:47:20,23.21,0.0,10,23210,卖盘
09:47:26,23.21,0.0,1,2321,卖盘
09:47:29,23.21,0.0,18,41778,卖盘
09:47:38,23.21,0.0,2,4642,卖盘
09:47:41,23.21,0.0,29,67309,卖盘
09:47:47,23.21,0.0,12,27852,卖盘
09:47:56,23.21,0.0,44,102124,卖盘
09:48:02,23.21,0.0,2,4642,卖盘
09:48:08,23.21,0.0,10,23210,卖盘
09:48:11,23.21,0.0,8,18568,卖盘
09:48:14,23.21,0.0,5,11605,卖盘
09:48:20,23.21,0.0,72,167112,卖盘
09:48:23,23.21,0.0,90,208890,卖盘
09:48:26,23.21,0.0,209,485089,卖盘
09:48:32,23.21,0.0,770,1787170,卖盘
09:48:35,23.21,0.0,125,290125,卖盘
09:48:38,23.21,0.0,4,9284,卖盘
09:48:47,23.21,0.0,12,27852,卖盘
09:48:50,23.21,0.0,14,32494,卖盘
09:48:53,23.21,0.0,599,1390279,卖盘
09:48:56,23.21,0.0,3,6963,卖盘
09:48:59,23.21,0.0,65,150865,卖盘
09:49:02,23.21,0.0,5,11605,卖盘
09:49:05,23.21,0.0,27,62667,卖盘
09:49:08,23.21,0.0,9,20889,卖盘
09:49:14,23.21,0.0,3,6963,卖盘
09:49:23,23.21,0.0,5,11605,卖盘
09:49:32,23.21,0.0,22,51062,卖盘
09:49:35,23.21,0.0,100,232100,卖盘
09:49:38,23.21,0.0,6,13926,卖盘
09:49:41,23.21,0.0,45,104445,卖盘
09:49:44,23.21,0.0,7,16247,卖盘
09:49:47,23.21,0.0,6,13926,卖盘
09:49:50,23.21,0.0,10,23210,卖盘
09:49:53,23.21,0.0,2,4642,卖盘
09:49:59,23.21,0.0,15,34815,卖盘
09:50:02,23.21,0.0,8,18568,卖盘
09:50:05,23.21,0.0,5,11605,卖盘
09:50:17,23.21,0.0,207,480447,卖盘
09:50:20,23.21,0.0,84,194964,卖盘
09:50:23,23.21,0.0,11,25531,卖盘
09:50:29,23.21,0.0,3,6963,卖盘
09:50:32,23.21,0.0,14,32494,卖盘
09:50:38,23.21,0.0,29,67309,卖盘
09:50:41,23.21,0.0,12,27852,卖盘
09:50:44,23.21,0.0,4,9284,卖盘
09:50:50,23.21,0.0,5,11605,卖盘
09:50:56,23.21,0.0,12,27852,卖盘
09:50:59,23.21,0.0,13,30173,卖盘
09:51:02,23.21,0.0,21,48741,卖盘
09:51:05,23.21,0.0,8,18568,卖盘
09:51:08,23.21,0.0,61,141581,卖盘
09:51:14,23.21,0.0,26,60346,卖盘
09:51:17,23.21,0.0,3,6963,卖盘
09:51:20,23.21,0.0,4,9284,卖盘
09:51:23,23.21,0.0,3,6963,卖盘
09:51:26,23.21,0.0,10,23210,卖盘
09:51:29,23.21,0.0,5,11605,卖盘
09:51:32,23.21,0.0,70,162470,卖盘
09:51:35,23.21,0.0,15,34815,卖盘
09:51:38,23.21,0.0,1,2321,卖盘
09:51:41,23.21,0.0,273,633633,卖盘
09:51:44,23.21,0.0,3,6963,卖盘
09:51:47,23.21,0.0,9,20889,卖盘
09:51:50,23.21,0.0,1,2321,卖盘
09:51:53,23.21,0.0,2,4642,卖盘
09:51:56,23.21,0.0,2,4642,卖盘
09:51:59,23.21,0.0,13,30173,卖盘
09:52:05,23.21,0.0,35,81235,卖盘
09:52:08,23.21,0.0,5,11605,卖盘
09:52:11,23.21,0.0,4,9284,卖盘
09:52:14,23.21,0.0,113,262273,卖盘
09:52:17,23.21,0.0,15,34815,卖盘
09:52:20,23.21,0.0,9,20889,卖盘
09:52:26,23.21,0.0,13,30173,卖盘
09:52:29,23.21,0.0,35,81235,卖盘
09:52:32,23.21,0.0,14,32494,卖盘
09:52:38,23.21,0.0,31,71951,卖盘
09:52:41,23.21,0.0,1,2321,卖盘
09:52:44,23.21,0.0,36,83556,卖盘
09:52:47,23.21,0.0,5,11605,卖盘
09:52:50,23.21,0.0,8,18568,卖盘
09:52:53,23.21,0.0,10,23210,卖盘
09:52:56,23.21,0.0,1,2321,卖盘
09:52:59,23.21,0.0,8,18568,卖盘
09:53:02,23.21,0.0,57,132297,卖盘
09:53:08,23.21,0.0,10,23210,卖盘
09:53:11,23.21,0.0,41,95161,卖盘
09:53:17,23.21,0.0,23,53383,卖盘
09:53:20,23.21,0.0,14,32494,卖盘
09:53:23,23.21,0.0,207,480447,卖盘
09:53:32,23.21,0.0,32,74272,卖盘
09:53:35,23.21,0.0,33,76593,卖盘
09:53:38,23.21,0.0,4,9284,卖盘
09:53:41,23.21,0.0,207,480447,卖盘
09:53:44,23.21,0.0,7,16247,卖盘
09:53:47,23.21,0.0,1,2321,卖盘
09:53:50,23.21,0.0,174,403854,卖盘
09:53:53,23.21,0.0,17,39457,卖盘
09:53:56,23.21,0.0,41,95161,卖盘
09:53:59,23.21,0.0,1,2321,卖盘
09:54:05,23.21,0.0,40,92840,卖盘
09:54:08,23.21,0.0,99,229779,卖盘
09:54:11,23.21,0.0,5,11605,卖盘
09:54:14,23.21,0.0,58,134618,卖盘
09:54:17,23.21,0.0,8,18568,卖盘
09:54:20,23.21,0.0,5,11605,卖盘
09:54:23,23.21,0.0,159,369039,卖盘
09:54:26,23.21,0.0,35,81235,卖盘
09:54:29,23.21,0.0,10,23210,卖盘
09:54:32,23.21,0.0,20,46420,卖盘
09:54:38,23.21,0.0,55,127655,卖盘
09:54:41,23.21,0.0,1,2321,卖盘
09:54:44,23.21,0.0,1,2321,卖盘
09:54:50,23.21,0.0,18,41778,卖盘
09:54:53,23.21,0.0,66,153186,卖盘
09:54:56,23.21,0.0,16,37136,卖盘
09:54:59,23.21,0.0,1,2321,卖盘
09:55:02,23.21,0.0,19,44099,卖盘
09:55:05,23.21,0.0,668,1550428,卖盘
09:55:11,23.21,0.0,135,313335,卖盘
09:55:14,23.21,0.0,24,55704,卖盘
09:55:17,23.21,0.0,43,99803,卖盘
09:55:20,23.21,0.0,37,85877,卖盘
09:55:23,23.21,0.0,85,197285,卖盘
09:55:26,23.21,0.0,59,136939,卖盘
09:55:32,23.21,0.0,1,2321,卖盘
09:55:35,23.21,0.0,15,34815,卖盘
09:55:41,23.21,0.0,2,4642,卖盘
09:55:50,23.21,0.0,10,23210,卖盘
09:55:56,23.21,0.0,3,6963,卖盘
09:55:59,23.21,0.0,8,18568,卖盘
09:56:02,23.21,0.0,7,16247,卖盘
09:56:05,23.21,0.0,452,1049092,卖盘
09:56:08,23.21,0.0,18,41778,卖盘
09:56:14,23.21,0.0,28,64988,卖盘
09:56:17,23.21,0.0,43,99803,卖盘
09:56:20,23.21,0.0,4,9284,卖盘
09:56:23,23.21,0.0,5,11605,卖盘
09:56:26,23.21,0.0,13,30173,卖盘
09:56:32,23.21,0.0,5,11605,卖盘
09:56:35,23.21,0.0,2,4642,卖盘
09:56:38,23.21,0.0,1,2321,卖盘
09:56:41,23.21,0.0,27,62667,卖盘
09:56:44,23.21,0.0,3,6963,卖盘
09:56:47,23.21,0.0,42,97482,卖盘
09:56:50,23.21,0.0,126,292446,卖盘
09:56:53,23.21,0.0,2,4642,卖盘
09:56:59,23.21,0.0,2,4642,卖盘
09:57:02,23.21,0.0,12,27852,卖盘
09:57:05,23.21,0.0,35,81235,卖盘
09:57:08,23.21,0.0,18,41778,卖盘
09:57:17,23.21,0.0,30,69630,卖盘
09:57:26,23.21,0.0,5,11605,卖盘
09:57:32,23.21,0.0,76,176396,卖盘
09:57:35,23.21,0.0,3,6963,卖盘
09:57:41,23.21,0.0,12,27852,卖盘
09:57:44,23.21,0.0,1,2321,卖盘
09:57:53,23.21,0.0,12,27852,卖盘
09:57:56,23.21,0.0,3,6963,卖盘
09:57:59,23.21,0.0,5,11605,卖盘
09:58:02,23.21,0.0,22,51062,卖盘
09:58:05,23.21,0.0,2,4642,卖盘
09:58:08,23.21,0.0,8,18568,卖盘
09:58:11,23.21,0.0,30,69630,卖盘
09:58:17,23.21,0.0,13,30173,卖盘
09:58:20,23.21,0.0,1,2321,卖盘
09:58:23,23.21,0.0,133,308693,卖盘
09:58:26,23.21,0.0,1203,2792163,卖盘
09:58:32,23.21,0.0,13,30173,卖盘
09:58:35,23.21,0.0,3,6963,卖盘
09:58:41,23.21,0.0,30,69630,卖盘
09:58:47,23.21,0.0,8,18568,卖盘
09:58:53,23.21,0.0,6,13926,卖盘
09:58:59,23.21,0.0,13,30173,卖盘
09:59:02,23.21,0.0,55,127655,卖盘
09:59:05,23.21,0.0,16,37136,卖盘
09:59:08,23.21,0.0,4,9284,卖盘
09:59:14,23.21,0.0,5,11605,卖盘
09:59:17,23.21,0.0,19,44099,卖盘
09:59:20,23.21,0.0,1,2321,卖盘
09:59:26,23.21,0.0,3,6963,卖盘
09:59:29,23.21,0.0,55,127655,卖盘
09:59:32,23.21,0.0,47,109087,卖盘
09:59:38,23.21,0.0,25,58025,卖盘
09:59:41,23.21,0.0,100,232100,卖盘
09:59:47,23.21,0.0,5,11605,卖盘
09:59:56,23.21,0.0,8,18568,卖盘
09:59:59,23.21,0.0,12,27852,卖盘
10:00:05,23.21,0.0,56,129976,卖盘
10:00:11,23.21,0.0,7,16247,卖盘
10:00:14,23.21,0.0,13,30173,卖盘
10:00:17,23.21,0.0,14,32494,卖盘
10:00:20,23.21,0.0,18,41778,卖盘
10:00:26,23.21,0.0,55,127655,卖盘
10:00:29,23.21,0.0,7,16247,卖盘
10:00:32,23.21,0.0,6,13926,卖盘
10:00:35,23.21,0.0,152,352792,卖盘
10:00:38,23.21,0.0,3,6963,卖盘
10:00:44,23.21,0.0,12,27852,卖盘
10:00:47,23.21,0.0,5,11605,卖盘
10:00:50,23.21,0.0,1,2321,卖盘
10:00:53,23.21,0.0,61,141581,卖盘
10:00:56,23.21,0.0,12,27852,卖盘
10:00:59,23.21,0.0,2,4642,卖盘
10:01:05,23.21,0.0,20,46420,卖盘
10:01:11,23.21,0.0,1,2321,卖盘
10:01:14,23.21,0.0,23,53383,卖盘
10:01:20,23.21,0.0,11,25531,卖盘
10:01:26,23.21,0.0,2,4642,卖盘
10:01:29,23.21,0.0,20,46420,卖盘
10:01:35,23.21,0.0,14,32494,卖盘
10:01:38,23.21,0.0,10,23210,卖盘
10:01:41,23.21,0.0,44,102124,卖盘
10:01:44,23.21,0.0,10,23210,卖盘
10:01:47,23.21,0.0,35,81235,卖盘
10:01:50,23.21,0.0,1,2321,卖盘
10:01:53,23.21,0.0,34,78914,卖盘
10:01:56,23.21,0.0,61,141581,卖盘
10:01:59,23.21,0.0,3,6963,卖盘
10:02:02,23.21,0.0,10,23210,卖盘
10:02:05,23.21,0.0,54,125334,卖盘
10:02:08,23.21,0.0,9,20889,卖盘
10:02:11,23.21,0.0,24,55704,卖盘
10:02:20,23.21,0.0,23,53383,卖盘
10:02:23,23.21,0.0,7,16247,卖盘
10:02:26,23.21,0.0,12,27852,卖盘
10:02:29,23.21,0.0,122,283162,卖盘
10:02:32,23.21,0.0,9,20889,卖盘
10:02:35,23.21,0.0,6,13926,卖盘
10:02:38,23.21,0.0,5,11605,卖盘
10:02:41,23.21,0.0,11,25531,卖盘
10:02:44,23.21,0.0,46,106766,卖盘
10:02:47,23.21,0.0,72,167112,卖盘
10:02:50,23.21,0.0,30,69630,卖盘
10:02:53,23.21,0.0,17,39457,卖盘
10:02:56,23.21,0.0,3,6963,卖盘
10:02:59,23.21,0.0,7,16247,卖盘
10:03:05,23.21,0.0,14,32494,卖盘
10:03:08,23.21,0.0,11,25531,卖盘
10:03:11,23.21,0.0,9,20889,卖盘
10:03:17,23.21,0.0,34,78914,卖盘
10:03:20,23.21,0.0,411,953931,卖盘
10:03:23,23.21,0.0,230,533830,卖盘
10:03:29,23.21,0.0,50,116050,卖盘
10:03:32,23.21,0.0,137,317977,卖盘
10:03:35,23.21,0.0,53,123013,卖盘
10:03:38,23.21,0.0,405,940005,卖盘
10:03:41,23.21,0.0,35,81235,卖盘
10:03:44,23.21,0.0,28,64988,卖盘
10:03:47,23.21,0.0,125,290125,卖盘
10:03:50,23.21,0.0,39,90519,卖盘
10:03:53,23.21,0.0,60,139260,卖盘
10:03:56,23.21,0.0,719,1668799,卖盘
10:03:59,23.21,0.0,1258,2919818,卖盘
10:04:02,23.21,0.0,582,1350822,卖盘
10:04:05,23.21,0.0,603,1399563,卖盘
10:04:08,23.21,0.0,10,23210,卖盘
10:04:11,23.21,0.0,13,30173,卖盘
10:04:14,23.21,0.0,76,176396,卖盘
10:04:17,23.21,0.0,45,104445,卖盘
10:04:20,23.21,0.0,112,259952,卖盘
10:04:23,23.21,0.0,246,570966,卖盘
10:04:26,23.21,0.0,33,76593,卖盘
10:04:29,23.21,0.0,78,181038,卖盘
10:04:32,23.21,0.0,48,111408,卖盘
10:04:35,23.21,0.0,53,123013,卖盘
10:04:38,23.21,0.0,26,60346,卖盘
10:04:41,23.21,0.0,2556,5932476,卖盘
10:04:44,23.21,0.0,114,264594,卖盘
10:04:47,23.21,0.0,27,62667,卖盘
10:04:50,23.21,0.0,25,58025,卖盘
10:04:53,23.21,0.0,162,376002,卖盘
10:04:56,23.21,0.0,41,95161,卖盘
10:04:59,23.21,0.0,101,234421,卖盘
10:05:02,23.21,0.0,3,6963,卖盘
10:05:05,23.21,0.0,3,6963,卖盘
10:05:08,23.21,0.0,55,127655,卖盘
10:05:11,23.21,0.0,16,37136,卖盘
10:05:14,23.21,0.0,24,55704,卖盘
10:05:17,23.21,0.0,44,102124,卖盘
10:05:20,23.21,0.0,1,2321,卖盘
10:05:26,23.21,0.0,14,32494,卖盘
10:05:29,23.21,0.0,31,71951,卖盘
10:05:32,23.21,0.0,14,32494,卖盘
10:05:35,23.21,0.0,9,20889,卖盘
10:05:38,23.21,0.0,2,4642,卖盘
10:05:41,23.21,0.0,265,615065,卖盘
10:05:44,23.21,0.0,5,11605,卖盘
10:05:47,23.21,0.0,4,9284,卖盘
10:05:50,23.21,0.0,13,30173,卖盘
10:05:53,23.21,0.0,7,16247,卖盘
10:05:56,23.21,0.0,36,83556,卖盘
10:05:59,23.21,0.0,45,104445,卖盘
10:06:02,23.21,0.0,100,232100,卖盘
10:06:08,23.21,0.0,2,4642,卖盘
10:06:11,23.21,0.0,27,62667,卖盘
10:06:14,23.21,0.0,1536,3565056,卖盘
10:06:17,23.21,0.0,5,11605,卖盘
10:06:20,23.21,0.0,8,18568,卖盘
10:06:23,23.21,0.0,8,18568,卖盘
10:06:26,23.21,0.0,10,23210,卖盘
10:06:29,23.21,0.0,3,6963,卖盘
10:06:32,23.21,0.0,50,116050,卖盘
10:06:35,23.21,0.0,19,44935,卖盘
10:06:38,23.21,0.0,716,1661836,卖盘
10:06:41,23.21,0.0,12,27852,卖盘
10:06:44,23.21,0.0,16,37136,卖盘
10:06:50,23.21,0.0,3,6963,卖盘
10:06:53,23.21,0.0,3,6963,卖盘
10:06:56,23.21,0.0,57,132297,卖盘
10:06:59,23.21,0.0,38,88198,卖盘
10:07:02,23.21,0.0,5,11605,卖盘
10:07:05,23.21,0.0,500,1160500,卖盘
10:07:11,23.21,0.0,14,32494,卖盘
10:07:14,23.21,0.0,22,51062,卖盘
10:07:17,23.21,0.0,15,34815,卖盘
10:07:20,23.21,0.0,97,225137,卖盘
10:07:23,23.21,0.0,7,16247,卖盘
10:07:26,23.21,0.0,1,2321,卖盘
10:07:29,23.21,0.0,27,62667,卖盘
10:07:35,23.21,0.0,9,20889,卖盘
10:07:38,23.21,0.0,6,13926,卖盘
10:07:41,23.21,0.0,26,60346,卖盘
10:07:44,23.21,0.0,4,9284,卖盘
10:07:47,23.21,0.0,9,20889,卖盘
10:07:50,23.21,0.0,14,32494,卖盘
10:07:56,23.21,0.0,5,11605,卖盘
10:07:59,23.21,0.0,4,9284,卖盘
10:08:02,23.21,0.0,202,468842,卖盘
10:08:14,23.21,0.0,3,6963,卖盘
10:08:17,23.21,0.0,4,9284,卖盘
10:08:23,23.21,0.0,10,23210,卖盘
10:08:26,23.21,0.0,17,39457,卖盘
10:08:29,23.21,0.0,395,916795,卖盘
10:08:32,23.21,0.0,60,139260,卖盘
10:08:35,23.21,0.0,34,78914,卖盘
10:08:38,23.21,0.0,247,573287,卖盘
10:08:44,23.21,0.0,143,331903,卖盘
10:08:47,23.21,0.0,17,39457,卖盘
10:08:50,23.21,0.0,5,11605,卖盘
10:08:53,23.21,0.0,52,120692,卖盘
10:08:56,23.21,0.0,43,99803,卖盘
10:08:59,23.21,0.0,55,127655,卖盘
10:09:02,23.21,0.0,6,13926,卖盘
10:09:05,23.21,0.0,30,69630,卖盘
10:09:08,23.21,0.0,51,118371,卖盘
10:09:11,23.21,0.0,15,34815,卖盘
10:09:14,23.21,0.0,26,60346,卖盘
10:09:17,23.21,0.0,21,48741,卖盘
10:09:20,23.21,0.0,10,23210,卖盘
10:09:23,23.21,0.0,1,2321,卖盘
10:09:26,23.21,0.0,29,67309,卖盘
10:09:29,23.21,0.0,11,25531,卖盘
10:09:32,23.21,0.0,10,23210,卖盘
10:09:35,23.21,0.0,7,16247,卖盘
10:09:38,23.21,0.0,12,27852,卖盘
10:09:41,23.21,0.0,104,241384,卖盘
10:09:44,23.21,0.0,2,4642,卖盘
10:09:47,23.21,0.0,12,27852,卖盘
10:09:50,23.21,0.0,123,285483,卖盘
10:09:56,23.21,0.0,31,71951,卖盘
10:09:59,23.21,0.0,185,429385,卖盘
10:10:02,23.21,0.0,18,41778,卖盘
10:10:05,23.21,0.0,8,18568,卖盘
10:10:08,23.21,0.0,1,2321,卖盘
10:10:11,23.21,0.0,18,41778,卖盘
10:10:14,23.21,0.0,45,104445,卖盘
10:10:17,23.21,0.0,3,6963,卖盘
10:10:20,23.21,0.0,33,76593,卖盘
10:10:23,23.21,0.0,41,95161,卖盘
10:10:26,23.21,0.0,49,113729,卖盘
10:10:32,23.21,0.0,1,2321,卖盘
10:10:35,23.21,0.0,796,1847516,卖盘
10:10:38,23.21,0.0,15,34815,卖盘
10:10:41,23.21,0.0,50,116050,卖盘
10:10:44,23.21,0.0,4,9284,卖盘
10:10:53,23.21,0.0,4,9284,卖盘
10:10:56,23.21,0.0,200,464200,卖盘
10:10:59,23.21,0.0,47,109087,卖盘
10:11:02,23.21,0.0,1,2321,卖盘
10:11:08,23.21,0.0,7,16247,卖盘
10:11:17,23.21,0.0,7,16247,卖盘
10:11:20,23.21,0.0,6,13926,卖盘
10:11:23,23.21,0.0,3,6963,卖盘
10:11:29,23.21,0.0,12,27852,卖盘
10:11:32,23.21,0.0,1,2321,卖盘
10:11:35,23.21,0.0,94,218174,卖盘
10:11:41,23.21,0.0,8,18568,卖盘
10:11:47,23.21,0.0,1,2321,卖盘
10:11:53,23.21,0.0,2,4642,卖盘
10:11:59,23.21,0.0,3,6963,卖盘
10:12:02,23.21,0.0,8,18568,卖盘
10:12:11,23.21,0.0,150,348150,卖盘
10:12:14,23.21,0.0,5,11605,卖盘
10:12:17,23.21,0.0,13,30173,卖盘
10:12:23,23.21,0.0,153,355113,卖盘
10:12:29,23.21,0.0,1,2321,卖盘
10:12:32,23.21,0.0,6,13926,卖盘
10:12:35,23.21,0.0,126,292446,卖盘
10:12:38,23.21,0.0,2,4642,卖盘
10:12:41,23.21,0.0,1,2321,卖盘
10:12:47,23.21,0.0,18,41778,卖盘
10:12:50,23.21,0.0,23,53383,卖盘
10:12:53,23.21,0.0,30,69630,卖盘
10:12:56,23.21,0.0,102,236742,卖盘
10:13:02,23.21,0.0,13,30173,卖盘
10:13:05,23.21,0.0,1,2321,卖盘
10:13:08,23.21,0.0,104,241384,卖盘
10:13:11,23.21,0.0,16,37136,卖盘
10:13:14,23.21,0.0,6,13926,卖盘
10:13:17,23.21,0.0,23,53383,卖盘
10:13:20,23.21,0.0,1,2321,卖盘
10:13:23,23.21,0.0,254,589534,卖盘
10:13:26,23.21,0.0,170,394570,卖盘
10:13:29,23.21,0.0,8,18568,卖盘
10:13:35,23.21,0.0,3,6963,卖盘
10:13:38,23.21,0.0,318,738078,卖盘
10:13:44,23.21,0.0,44,102124,卖盘
10:13:47,23.21,0.0,101,234421,卖盘
10:13:50,23.21,0.0,1,2321,卖盘
10:13:53,23.21,0.0,4,9284,卖盘
10:13:59,23.21,0.0,248,575608,卖盘
10:14:02,23.21,0.0,5,11605,卖盘
10:14:05,23.21,0.0,63,146223,卖盘
10:14:08,23.21,0.0,5,11605,卖盘
10:14:11,23.21,0.0,6,13926,卖盘
10:14:17,23.21,0.0,7,16247,卖盘
10:14:20,23.21,0.0,6,13926,卖盘
10:14:23,23.21,0.0,34,78914,卖盘
10:14:26,23.21,0.0,13,30173,卖盘
10:14:35,23.21,0.0,4,9284,卖盘
10:14:38,23.21,0.0,8,18568,卖盘
10:14:41,23.21,0.0,20,46420,卖盘
10:14:44,23.21,0.0,1,2321,卖盘
10:14:50,23.21,0.0,8,18568,卖盘
10:14:53,23.21,0.0,6,13926,卖盘
10:14:56,23.21,0.0,21,48741,卖盘
10:14:59,23.21,0.0,20,46420,卖盘
10:15:02,23.21,0.0,46,106766,卖盘
10:15:05,23.21,0.0,1,2321,卖盘
10:15:08,23.21,0.0,12,27852,卖盘
10:15:11,23.21,0.0,9,20889,卖盘
10:15:14,23.21,0.0,32,74272,卖盘
10:15:20,23.21,0.0,81,188001,卖盘
10:15:26,23.21,0.0,47,109087,卖盘
10:15:35,23.21,0.0,1,2321,卖盘
10:15:38,23.21,0.0,2,4642,卖盘
10:15:44,23.21,0.0,10,23210,卖盘
10:15:50,23.21,0.0,1,2321,卖盘
10:15:56,23.21,0.0,9,20889,卖盘
10:16:05,23.21,0.0,9,20889,卖盘
10:16:11,23.21,0.0,3,6963,卖盘
10:16:14,23.21,0.0,3,6963,卖盘
10:16:20,23.21,0.0,6,13926,卖盘
10:16:23,23.21,0.0,16,37136,卖盘
10:16:26,23.21,0.0,2,4642,卖盘
10:16:29,23.21,0.0,24,55704,卖盘
10:16:32,23.21,0.0,3,6963,卖盘
10:16:38,23.21,0.0,2,4642,卖盘
10:16:41,23.21,0.0,31,71951,卖盘
10:16:53,23.21,0.0,1,2321,卖盘
10:17:02,23.21,0.0,3,6963,卖盘
10:17:14,23.21,0.0,3,6963,卖盘
10:17:17,23.21,0.0,3,6963,卖盘
10:17:20,23.21,0.0,2,4642,卖盘
10:17:26,23.21,0.0,263,610423,卖盘
10:17:32,23.21,0.0,26,60346,卖盘
10:17:38,23.21,0.0,8,18568,卖盘
10:17:44,23.21,0.0,17,39457,卖盘
10:17:50,23.21,0.0,12,27852,卖盘
10:17:53,23.21,0.0,6,13926,卖盘
10:17:59,23.21,0.0,5,11605,卖盘
10:18:02,23.21,0.0,3,6963,卖盘
10:18:05,23.21,0.0,13,30173,卖盘
10:18:08,23.21,0.0,14,32494,卖盘
10:18:11,23.21,0.0,2,4642,卖盘
10:18:14,23.21,0.0,3,6963,卖盘
10:18:17,23.21,0.0,16,37136,卖盘
10:18:20,23.21,0.0,105,243705,卖盘
10:18:26,23.21,0.0,221,512941,卖盘
10:18:29,23.21,0.0,1,2321,卖盘
10:18:32,23.21,0.0,52,120692,卖盘
10:18:35,23.21,0.0,13,30173,卖盘
10:18:38,23.21,0.0,25,58025,卖盘
10:18:44,23.21,0.0,2,4642,卖盘
10:18:47,23.21,0.0,1,2321,卖盘
10:18:56,23.21,0.0,8,18568,卖盘
10:19:02,23.21,0.0,57,132297,卖盘
10:19:05,23.21,0.0,1,2321,卖盘
10:19:11,23.21,0.0,4,9284,卖盘
10:19:14,23.21,0.0,9,20889,卖盘
10:19:17,23.21,0.0,9,20889,卖盘
10:19:26,23.21,0.0,52,120692,卖盘
10:19:29,23.21,0.0,2,4642,卖盘
10:19:38,23.21,0.0,1,2321,卖盘
10:19:41,23.21,0.0,84,194964,卖盘
10:19:47,23.21,0.0,40,92840,卖盘
10:19:50,23.21,0.0,3,6963,卖盘
10:19:53,23.21,0.0,98,227458,卖盘
10:19:56,23.21,0.0,45,104445,卖盘
10:19:59,23.21,0.0,8,18568,卖盘
10:20:02,23.21,0.0,15,34815,卖盘
10:20:05,23.21,0.0,218,505978,卖盘
10:20:08,23.21,0.0,6,13926,卖盘
10:20:11,23.21,0.0,33,76593,卖盘
10:20:14,23.21,0.0,11,25531,卖盘
10:20:17,23.21,0.0,62,143902,卖盘
10:20:20,23.21,0.0,526,1220846,卖盘
10:20:23,23.21,0.0,39,90519,卖盘
10:20:26,23.21,0.0,148,343508,卖盘
10:20:29,23.21,0.0,1,2321,卖盘
10:20:32,23.21,0.0,13,30173,卖盘
10:20:35,23.21,0.0,127,294767,卖盘
10:20:38,23.21,0.0,20,46420,卖盘
10:20:41,23.21,0.0,56,129976,卖盘
10:20:44,23.21,0.0,234,543114,卖盘
10:20:47,23.21,0.0,3,6963,卖盘
10:20:50,23.21,0.0,32,74272,卖盘
10:20:53,23.21,0.0,49,113729,卖盘
10:20:56,23.21,0.0,936,2172456,卖盘
10:20:59,23.21,0.0,1,2321,卖盘
10:21:02,23.21,0.0,206,478126,卖盘
10:21:05,23.21,0.0,2,4642,卖盘
10:21:08,23.21,0.0,19,44099,卖盘
10:21:11,23.21,0.0,103,239063,卖盘
10:21:14,23.21,0.0,42,97482,卖盘
10:21:17,23.21,0.0,334,775214,卖盘
10:21:20,23.21,0.0,21,48741,卖盘
10:21:23,23.21,0.0,2,4642,卖盘
10:21:26,23.21,0.0,24,55704,卖盘
10:21:29,23.21,0.0,42,97482,卖盘
10:21:32,23.21,0.0,52,120692,卖盘
10:21:35,23.21,0.0,1,2321,卖盘
10:21:38,23.21,0.0,8,18568,卖盘
10:21:44,23.21,0.0,4,9284,卖盘
10:21:47,23.21,0.0,33,76593,卖盘
10:21:50,23.21,0.0,11,25531,卖盘
10:21:56,23.21,0.0,2,4642,卖盘
10:21:59,23.21,0.0,74,171754,卖盘
10:22:05,23.21,0.0,13,30173,卖盘
10:22:08,23.21,0.0,3,6963,卖盘
10:22:11,23.21,0.0,23,53383,卖盘
10:22:14,23.21,0.0,353,819313,卖盘
10:22:17,23.21,0.0,112,259952,卖盘
10:22:20,23.21,0.0,280,649880,卖盘
10:22:23,23.21,0.0,125,290125,卖盘
10:22:26,23.21,0.0,52,120692,卖盘
10:22:29,23.21,0.0,9,20889,卖盘
10:22:32,23.21,0.0,24,55704,卖盘
10:22:35,23.21,0.0,347,805387,卖盘
10:22:38,23.21,0.0,35,81235,卖盘
10:22:41,23.21,0.0,164,380644,卖盘
10:22:44,23.21,0.0,60,139260,卖盘
10:22:47,23.21,0.0,57,132297,卖盘
10:22:50,23.21,0.0,30,69630,卖盘
10:22:53,23.21,0.0,2505,5814105,卖盘
10:22:56,23.21,0.0,3,6963,卖盘
10:22:59,23.21,0.0,4,9284,卖盘
10:23:05,23.21,0.0,411,953931,卖盘
10:23:08,23.21,0.0,50,116050,卖盘
10:23:11,23.21,0.0,2,4642,卖盘
10:23:14,23.21,0.0,3,6963,卖盘
10:23:17,23.21,0.0,104,241384,卖盘
10:23:23,23.21,0.0,2,4642,卖盘
10:23:26,23.21,0.0,261,605781,卖盘
10:23:29,23.21,0.0,3,6963,卖盘
10:23:35,23.21,0.0,13,30173,卖盘
10:23:44,23.21,0.0,10,23210,卖盘
10:23:47,23.21,0.0,6,13926,卖盘
10:23:50,23.21,0.0,55,127655,卖盘
10:23:56,23.21,0.0,2,4642,卖盘
10:24:02,23.21,0.0,80,185680,卖盘
10:24:05,23.21,0.0,1,2321,卖盘
10:24:11,23.21,0.0,1,2321,卖盘
10:24:17,23.21,0.0,315,731115,卖盘
10:24:20,23.21,0.0,23,53383,卖盘
10:24:29,23.21,0.0,9,20889,卖盘
10:24:35,23.21,0.0,115,266915,卖盘
10:24:38,23.21,0.0,1,2321,卖盘
10:24:47,23.21,0.0,3,6963,卖盘
10:24:50,23.21,0.0,19,44099,卖盘
10:24:53,23.21,0.0,14,32494,卖盘
10:24:56,23.21,0.0,15,34815,卖盘
10:25:02,23.21,0.0,9,20889,卖盘
10:25:05,23.21,0.0,3,6963,卖盘
10:25:08,23.21,0.0,14,32494,卖盘
10:25:14,23.21,0.0,12,27852,卖盘
10:25:17,23.21,0.0,6,13926,卖盘
10:25:23,23.21,0.0,41,95161,卖盘
10:25:26,23.21,0.0,12,27852,卖盘
10:25:29,23.21,0.0,26,60346,卖盘
10:25:32,23.21,0.0,105,243705,卖盘
10:25:35,23.21,0.0,8,18568,卖盘
10:25:38,23.21,0.0,10,23210,卖盘
10:25:41,23.21,0.0,686,1592206,卖盘
10:25:44,23.21,0.0,1531,3553451,卖盘
10:25:47,23.21,0.0,17,39457,卖盘
10:25:50,23.21,0.0,84,194964,卖盘
10:25:53,23.21,0.0,24,55704,卖盘
10:25:56,23.21,0.0,14,32494,卖盘
10:25:59,23.21,0.0,88,204248,卖盘
10:26:02,23.21,0.0,544,1262624,卖盘
10:26:05,23.21,0.0,243,564003,卖盘
10:26:08,23.21,0.0,2153,4997113,卖盘
10:26:11,23.21,0.0,3281,7615201,卖盘
10:26:14,23.21,0.0,442,1025882,卖盘
10:26:17,23.21,0.0,550,1276550,卖盘
10:26:20,23.21,0.0,536,1244056,卖盘
10:26:23,23.21,0.0,62,143902,卖盘
10:26:26,23.21,0.0,14,32494,卖盘
10:26:29,23.21,0.0,52,120692,卖盘
10:26:32,23.21,0.0,75,174075,卖盘
10:26:35,23.21,0.0,38,88198,卖盘
10:26:38,23.21,0.0,89,206569,卖盘
10:26:41,23.21,0.0,316,733436,卖盘
10:26:44,23.21,0.0,61,141581,卖盘
10:26:47,23.21,0.0,51,118371,卖盘
10:26:50,23.21,0.0,12,27852,卖盘
10:26:53,23.21,0.0,1350,3133350,卖盘
10:26:56,23.21,0.0,734,1703614,卖盘
10:26:59,23.21,0.0,82,190322,卖盘
10:27:02,23.21,0.0,84,194964,卖盘
10:27:05,23.21,0.0,133,308693,卖盘
10:27:08,23.21,0.0,912,2116752,卖盘
10:27:11,23.21,0.0,14,32494,卖盘
10:27:14,23.21,0.0,81,188001,卖盘
10:27:17,23.21,0.0,30,69630,卖盘
10:27:20,23.21,0.0,39,90519,卖盘
10:27:23,23.21,0.0,221,512941,卖盘
10:27:26,23.21,0.0,1456,3379376,卖盘
10:27:29,23.21,0.0,245,568645,卖盘
10:27:32,23.21,0.0,38,88198,卖盘
10:27:35,23.21,0.0,674,1564354,卖盘
10:27:38,23.21,0.0,1557,3613797,卖盘
10:27:41,23.21,0.0,454,1053734,卖盘
10:27:44,23.21,0.0,2559,5939439,卖盘
10:27:47,23.21,0.0,2324,5394004,卖盘
10:27:50,23.21,0.0,1701,3948021,卖盘
10:27:53,23.21,0.0,787,1826627,卖盘
10:27:56,23.21,0.0,2518,5844278,卖盘
10:27:59,23.21,0.0,1964,4558444,卖盘
10:28:02,23.21,0.0,970,2251370,卖盘
10:28:05,23.21,0.0,7116,16516584,卖盘
10:28:08,22.83,-0.38,13580,31429077,卖盘
10:28:11,22.58,-0.25,3863,8778422,卖盘
10:28:14,22.38,-0.2,1139,2558565,卖盘
10:28:17,22.44,0.06,2324,5203066,买盘
10:28:20,22.56,0.12,5658,12719535,买盘
10:28:23,22.52,-0.04,3540,7970957,中性盘
10:28:26,22.52,0.0,1925,4337417,卖盘
10:28:29,22.55,0.03,4965,11206593,买盘
10:28:32,22.6,0.05,1074,2418877,买盘
10:28:35,22.58,-0.02,576,1301392,卖盘
10:28:38,22.57,-0.01,1148,2587775,中性盘
10:28:41,22.58,0.01,1825,4120527,买盘
10:28:44,22.62,0.04,690,1556978,买盘
10:28:47,22.63,0.01,409,924847,买盘
10:28:50,22.66,0.03,442,1000690,买盘
10:28:53,22.67,0.01,633,1434142,买盘
10:28:56,22.68,0.01,691,1566433,卖盘
10:28:59,22.68,0.0,1445,3280391,买盘
10:29:02,22.68,0.0,686,1558460,买盘
10:29:05,22.58,-0.1,2874,6503593,卖盘
10:29:08,22.49,-0.09,1937,4365177,卖盘
10:29:11,22.54,0.05,977,2200392,买盘
10:29:14,22.54,0.0,815,1836202,卖盘
10:29:17,22.53,-0.01,1876,4226730,卖盘
10:29:20,22.53,0.0,2063,4653749,买盘
10:29:23,22.6,0.07,1913,4319629,买盘
10:29:26,22.61,0.01,1393,3152586,中性盘
10:29:29,22.65,0.04,864,1954725,买盘
10:29:32,22.65,0.0,574,1300405,中性盘
10:29:35,22.66,0.01,1472,3334011,中性盘
10:29:38,22.64,-0.02,1483,3357966,卖盘
10:29:41,22.62,-0.02,1821,4117523,卖盘
10:29:44,22.62,0.0,592,1339816,买盘
10:29:47,22.57,-0.05,1618,3663520,卖盘
10:29:50,22.55,-0.02,1337,3017136,卖盘
10:29:53,22.54,-0.01,369,832059,卖盘
10:29:56,22.54,0.0,3368,7590102,买盘
10:29:59,22.56,0.02,1070,2411747,买盘
10:30:02,22.57,0.01,751,1695900,中性盘
10:30:05,22.6,0.03,517,1167168,买盘
10:30:08,22.46,-0.14,3541,7979143,卖盘
10:30:11,22.44,-0.02,1195,2684396,卖盘
10:30:14,22.45,0.01,400,897553,买盘
10:30:17,22.43,-0.02,451,1011530,卖盘
10:30:20,22.51,0.08,1498,3363206,买盘
10:30:23,22.56,0.05,1997,4498733,买盘
10:30:26,22.57,0.01,878,1979725,买盘
10:30:29,22.56,-0.01,2767,6228136,买盘
10:30:32,22.56,0.0,1455,3281959,买盘
10:30:35,22.54,-0.02,1101,2480337,卖盘
10:30:38,22.5,-0.04,789,1777743,卖盘
10:30:41,22.46,-0.04,1678,3774148,卖盘
10:30:44,22.48,0.02,333,748939,买盘
10:30:47,22.43,-0.05,558,1252170,卖盘
10:30:50,22.4,-0.03,1998,4484273,卖盘
10:30:53,22.42,0.02,510,1143336,买盘
10:30:56,22.42,0.0,483,1082655,买盘
10:30:59,22.42,0.0,893,2002476,卖盘
10:31:02,22.43,0.01,713,1598713,买盘
10:31:05,22.45,0.02,1771,3968694,买盘
10:31:08,22.46,0.01,263,590311,买盘
10:31:11,22.49,0.03,515,1157079,买盘
10:31:14,22.43,-0.06,1531,3436328,卖盘
10:31:17,22.3,-0.13,2428,5426657,卖盘
10:31:20,22.32,0.02,275,613149,买盘
10:31:23,22.32,0.0,478,1065923,买盘
10:31:26,22.32,0.0,558,1245539,卖盘
10:31:29,22.28,-0.04,1414,3152841,卖盘
10:31:32,22.27,-0.01,573,1277257,卖盘
10:31:35,22.27,0.0,279,621496,卖盘
10:31:38,22.26,-0.01,611,1359183,卖盘
10:31:41,22.23,-0.03,1047,2326789,卖盘
10:31:44,22.17,-0.06,572,1269182,卖盘
10:31:47,22.12,-0.05,651,1441711,卖盘
10:31:50,22.09,-0.03,401,886477,卖盘
10:31:53,22.08,-0.01,554,1222335,卖盘
10:31:56,22.04,-0.04,1701,3743431,卖盘
10:31:59,21.98,-0.06,494,1087026,卖盘
10:32:02,22.0,0.02,319,701216,买盘
10:32:05,21.9,-0.1,1006,2206637,卖盘
10:32:08,21.99,0.09,835,1832657,买盘
10:32:11,22.0,0.01,924,2033066,买盘
10:32:14,22.04,0.04,2406,5301082,买盘
10:32:17,22.11,0.07,803,1771525,买盘
10:32:20,22.17,0.06,840,1858497,买盘
10:32:23,22.19,0.02,609,1348667,买盘
10:32:26,22.2,0.01,1215,2695751,买盘
10:32:29,22.24,0.04,1059,2351883,买盘
10:32:32,22.25,0.01,1328,2951071,买盘
10:32:35,22.23,-0.02,1682,3739920,卖盘
10:32:38,22.09,-0.14,2413,5348474,卖盘
10:32:41,22.09,0.0,2100,4636000,买盘
10:32:44,22.16,0.07,1307,2888843,买盘
10:32:47,22.14,-0.02,1331,2941446,中性盘
10:32:50,22.12,-0.02,1312,2899439,卖盘
10:32:53,22.12,0.0,811,1794334,买盘
10:32:56,22.14,0.02,608,1346394,卖盘
10:32:59,22.15,0.01,1407,3113160,买盘
10:33:02,22.1,-0.05,1421,3144430,卖盘
10:33:05,22.1,0.0,1474,3255637,买盘
10:33:08,22.05,-0.05,1780,3925640,卖盘
10:33:11,22.05,0.0,776,1711263,买盘
10:33:14,22.0,-0.05,1658,3651719,卖盘
10:33:17,21.92,-0.08,1231,2707339,卖盘
10:33:20,21.96,0.04,192,422222,卖盘
10:33:23,21.95,-0.01,359,788446,卖盘
10:33:26,21.95,0.0,511,1122122,卖盘
10:33:29,22.0,0.05,1017,2234327,买盘
10:33:32,22.01,0.01,939,2065024,买盘
10:33:35,22.04,0.03,800,1760590,买盘
10:33:38,22.0,-0.04,733,1611429,卖盘
10:33:41,22.01,0.01,613,1348268,买盘
10:33:44,22.02,0.01,613,1348381,买盘
10:33:47,22.02,0.0,891,1960577,买盘
10:33:50,22.02,0.0,808,1778820,卖盘
10:33:53,22.01,-0.01,1339,2946636,卖盘
10:33:56,21.97,-0.04,985,2165906,卖盘
10:33:59,21.95,-0.02,1416,3105731,卖盘
10:34:02,22.01,0.06,1337,2940980,买盘
10:34:05,22.0,-0.01,686,1507459,卖盘
10:34:08,22.0,0.0,357,784452,买盘
10:34:11,22.02,0.02,1353,2977284,买盘
10:34:14,22.0,-0.02,1753,3862928,卖盘
10:34:17,22.0,0.0,858,1890022,卖盘
10:34:20,22.03,0.03,324,713219,买盘
10:34:23,22.03,0.0,176,387598,买盘
10:34:26,22.03,0.0,231,508923,卖盘
10:34:29,22.03,0.0,1086,2392876,卖盘
10:34:32,22.12,0.09,2402,5306690,买盘
10:34:35,22.08,-0.04,446,985591,卖盘
10:34:38,22.09,0.01,180,397398,买盘
10:34:41,22.13,0.04,427,943740,买盘
10:34:44,22.08,-0.05,695,1536557,卖盘
10:34:47,22.1,0.02,1766,3905413,中性盘
10:34:50,22.09,-0.01,1345,2970962,卖盘
10:34:53,22.06,-0.03,1510,3335688,卖盘
10:34:56,22.09,0.03,429,947196,买盘
10:34:59,22.0,-0.09,1687,3715558,卖盘
10:35:02,22.06,0.06,1018,2243377,买盘
10:35:05,22.05,-0.01,503,1107554,中性盘
10:35:08,22.05,0.0,487,1073575,买盘
10:35:11,22.1,0.05,634,1399567,买盘
10:35:14,22.12,0.02,591,1304264,买盘
10:35:17,22.15,0.03,24,53113,买盘
10:35:20,22.11,-0.04,588,1300848,卖盘
10:35:23,22.12,0.01,662,1463997,卖盘
10:35:26,22.15,0.03,300,664120,买盘
10:35:29,22.21,0.06,1755,3892304,买盘
10:35:32,22.23,0.02,476,1056985,买盘
10:35:35,22.24,0.01,1101,2449036,买盘
10:35:38,22.28,0.04,836,1859983,买盘
10:35:41,22.27,-0.01,838,1865202,中性盘
10:35:44,22.2,-0.07,5387,11973517,卖盘
10:35:47,22.17,-0.03,1678,3723963,卖盘
10:35:50,22.17,0.0,554,1227592,买盘
10:35:53,22.19,0.02,274,607456,买盘
10:35:56,22.18,-0.01,205,454772,中性盘
10:35:59,22.22,0.04,302,671166,买盘
10:36:02,22.21,-0.01,224,497775,卖盘
10:36:05,22.26,0.05,238,529755,买盘
10:36:08,22.25,-0.01,1787,3970254,卖盘
10:36:11,22.24,-0.01,1086,2410727,中性盘
10:36:14,22.22,-0.02,705,1565886,买盘
10:36:17,22.24,0.02,638,1417485,买盘
10:36:20,22.2,-0.04,1480,3287623,卖盘
10:36:23,22.2,0.0,451,1001181,买盘
10:36:26,22.18,-0.02,570,1264064,卖盘
10:36:29,22.2,0.02,313,694813,买盘
10:36:32,22.19,-0.01,457,1013557,卖盘
10:36:35,22.19,0.0,189,419118,买盘
10:36:38,22.16,-0.03,243,538947,卖盘
10:36:41,22.16,0.0,510,1131036,中性盘
10:36:44,22.15,-0.01,676,1497427,卖盘
10:36:47,22.1,-0.05,430,951079,卖盘
10:36:50,22.08,-0.02,648,1432256,卖盘
10:36:53,22.08,0.0,1373,3029352,卖盘
10:36:56,22.06,-0.02,260,573640,中性盘
10:36:59,22.06,0.0,734,1619459,买盘
10:37:02,22.07,0.01,293,646102,买盘
10:37:05,22.06,-0.01,1302,2866795,卖盘
10:37:08,22.05,-0.01,488,1076329,中性盘
10:37:11,22.08,0.03,2437,5373870,买盘
10:37:14,22.08,0.0,446,982770,买盘
10:37:17,22.07,-0.01,605,1333845,卖盘
10:37:20,22.07,0.0,554,1220077,买盘
10:37:23,22.07,0.0,472,1040593,买盘
10:37:26,22.07,0.0,719,1585160,买盘
10:37:29,22.06,-0.01,376,828363,中性盘
10:37:32,22.05,-0.01,380,837310,中性盘
10:37:35,22.05,0.0,799,1757888,买盘
10:37:38,22.01,-0.04,258,567878,卖盘
10:37:41,22.0,-0.01,887,1952319,卖盘
10:37:44,22.0,0.0,148,325559,买盘
10:37:47,21.95,-0.05,878,1929765,卖盘
10:37:50,21.99,0.04,103,226302,买盘
10:37:53,21.94,-0.05,219,480279,中性盘
10:37:56,22.0,0.06,166,364096,买盘
10:37:59,21.92,-0.08,350,767477,卖盘
10:38:02,21.97,0.05,332,728226,买盘
10:38:05,22.0,0.03,354,776852,买盘
10:38:08,21.97,-0.03,447,980797,卖盘
10:38:11,22.01,0.04,1635,3591051,买盘
10:38:14,22.0,-0.01,1368,3004063,中性盘
10:38:17,21.96,-0.04,713,1563498,卖盘
10:38:20,21.92,-0.04,1664,3646305,卖盘
10:38:23,21.9,-0.02,1788,3916676,卖盘
10:38:26,21.9,0.0,1416,3100875,卖盘
10:38:29,21.9,0.0,583,1275810,买盘
10:38:32,21.88,-0.02,1209,2645491,卖盘
10:38:35,21.88,0.0,1632,3571288,卖盘
10:38:38,21.85,-0.03,514,1124047,卖盘
10:38:41,21.84,-0.01,310,676764,卖盘
10:38:44,21.88,0.04,666,1454792,买盘
10:38:47,21.86,-0.02,1358,2970794,中性盘
10:38:50,21.88,0.02,1673,3660971,卖盘
10:38:53,21.85,-0.03,1069,2337983,卖盘
10:38:56,21.88,0.03,422,922689,买盘
10:38:59,21.84,-0.04,660,1442289,卖盘
10:39:02,21.82,-0.02,862,1882459,卖盘
10:39:05,21.88,0.06,684,1494385,买盘
10:39:08,21.83,-0.05,584,1276590,卖盘
10:39:11,21.84,0.01,1163,2539128,中性盘
10:39:14,21.84,0.0,355,774736,中性盘
10:39:17,21.85,0.01,568,1239357,买盘
10:39:20,21.86,0.01,271,591730,买盘
10:39:23,21.84,-0.02,355,775088,中性盘
10:39:26,21.86,0.02,391,853314,买盘
10:39:29,21.85,-0.01,342,746511,中性盘
10:39:32,21.85,0.0,271,591794,买盘
10:39:35,21.84,-0.01,161,351349,买盘
10:39:38,21.83,-0.01,273,595646,中性盘
10:39:41,21.81,-0.02,249,543449,卖盘
10:39:44,21.84,0.03,224,488906,买盘
10:39:47,21.81,-0.03,243,530112,卖盘
10:39:50,21.84,0.03,549,1199102,买盘
10:39:53,21.84,0.0,442,965615,卖盘
10:39:56,21.86,0.02,527,1150995,卖盘
10:39:59,21.84,-0.02,289,631438,卖盘
10:40:02,21.84,0.0,340,742899,卖盘
10:40:05,21.86,0.02,171,373875,卖盘
10:40:08,21.82,-0.04,642,1403016,卖盘
10:40:11,21.81,-0.01,685,1493731,卖盘
10:40:14,21.84,0.03,705,1539392,买盘
10:40:17,21.8,-0.04,353,769959,卖盘
10:40:20,21.82,0.02,346,754639,卖盘
10:40:23,21.82,0.0,91,198522,买盘
10:40:26,21.82,0.0,343,747938,买盘
10:40:29,21.82,0.0,814,1777459,卖盘
10:40:32,21.83,0.01,342,746207,卖盘
10:40:35,21.84,0.01,340,742527,中性盘
10:40:38,21.83,-0.01,465,1015527,卖盘
10:40:41,21.84,0.01,142,309906,买盘
10:40:44,21.83,-0.01,303,661819,卖盘
10:40:47,21.84,0.01,213,465215,买盘
10:40:50,21.81,-0.03,331,722671,卖盘
10:40:53,21.81,0.0,86,187652,卖盘
10:40:56,21.81,0.0,592,1291539,卖盘
10:40:59,21.84,0.03,366,798832,买盘
10:41:02,21.83,-0.01,878,1916882,卖盘
10:41:05,21.84,0.01,977,2132320,中性盘
10:41:08,21.83,-0.01,770,1684015,卖盘
10:41:11,21.93,0.1,244,533274,买盘
10:41:14,21.84,-0.09,490,1070656,卖盘
10:41:17,21.83,-0.01,237,518072,卖盘
10:41:20,21.83,0.0,445,971265,买盘
10:41:23,21.94,0.11,422,923510,买盘
10:41:26,21.83,-0.11,231,504546,卖盘
10:41:29,21.83,0.0,175,382637,卖盘
10:41:32,21.83,0.0,148,324055,卖盘
10:41:35,21.93,0.1,117,256352,买盘
10:41:38,21.93,0.0,337,738530,买盘
10:41:41,21.93,0.0,171,374352,卖盘
10:41:44,21.94,0.01,386,845718,买盘
10:41:47,21.94,0.0,125,274271,卖盘
10:41:50,21.93,-0.01,203,445110,卖盘
10:41:53,21.97,0.04,739,1621186,买盘
10:41:59,21.97,0.0,268,588649,买盘
10:42:02,21.95,-0.02,231,506917,卖盘
10:42:05,21.95,0.0,346,760134,买盘
10:42:08,21.95,0.0,63,138262,买盘
10:42:11,21.94,-0.01,123,269866,卖盘
10:42:14,21.99,0.05,874,1920710,买盘
10:42:17,21.98,-0.01,15,32952,中性盘
10:42:20,21.99,0.01,43,94514,买盘
10:42:23,21.98,-0.01,337,740610,卖盘
10:42:26,21.98,0.0,60,131889,卖盘
10:42:29,21.98,0.0,140,307659,买盘
10:42:32,21.98,0.0,570,1252085,买盘
10:42:35,21.98,0.0,138,303320,买盘
10:42:38,21.98,0.0,352,773375,卖盘
10:42:41,21.98,0.0,200,439601,买盘
10:42:44,21.96,-0.02,425,933014,卖盘
10:42:47,21.93,-0.03,237,519708,卖盘
10:42:50,21.93,0.0,309,676736,买盘
10:42:53,21.93,0.0,264,578720,买盘
10:42:56,21.93,0.0,143,313555,卖盘
10:42:59,21.93,0.0,256,561131,买盘
10:43:02,21.93,0.0,91,199471,买盘
10:43:05,21.89,-0.04,89,194886,卖盘
10:43:08,21.89,0.0,184,402673,卖盘
10:43:11,21.85,-0.04,370,808627,卖盘
10:43:14,21.83,-0.02,542,1183285,卖盘
10:43:17,21.82,-0.01,412,898863,卖盘
10:43:20,21.75,-0.07,3601,7848243,卖盘
10:43:23,21.71,-0.04,268,582640,卖盘
10:43:26,21.72,0.01,71,154220,买盘
10:43:29,21.7,-0.02,792,1718897,卖盘
10:43:32,21.7,0.0,404,876349,买盘
10:43:35,21.69,-0.01,309,670216,中性盘
10:43:38,21.75,0.06,1723,3740907,买盘
10:43:41,21.76,0.01,217,470804,中性盘
10:43:44,21.66,-0.1,491,1064518,卖盘
10:43:47,21.68,0.02,90,195162,卖盘
10:43:50,21.71,0.03,239,518294,买盘
10:43:53,21.7,-0.01,464,1007317,中性盘
10:43:56,21.7,0.0,208,451252,中性盘
10:43:59,21.8,0.1,223,485052,买盘
10:44:02,21.8,0.0,217,472201,买盘
10:44:05,21.75,-0.05,112,243786,卖盘
10:44:08,21.8,0.05,288,627071,买盘
10:44:11,21.85,0.05,39,85160,买盘
10:44:14,21.8,-0.05,190,414436,卖盘
10:44:17,21.8,0.0,134,292227,卖盘
10:44:20,21.81,0.01,333,727235,中性盘
10:44:23,21.84,0.03,678,1479476,买盘
10:44:26,21.8,-0.04,773,1685820,卖盘
10:44:29,21.79,-0.01,337,734229,卖盘
10:44:32,21.79,0.0,205,446672,买盘
10:44:35,21.79,0.0,525,1144404,买盘
10:44:38,21.85,0.06,1023,2232129,买盘
10:44:41,21.88,0.03,104,226963,买盘
10:44:44,21.89,0.01,112,244875,买盘
10:44:47,21.88,-0.01,66,144328,买盘
10:44:50,21.88,0.0,42,91881,买盘
10:44:53,21.88,0.0,64,139994,买盘
10:44:56,21.89,0.01,39,85362,买盘
10:44:59,21.88,-0.01,164,358978,卖盘
10:45:02,21.82,-0.06,188,410856,卖盘
10:45:05,21.88,0.06,261,570353,买盘
10:45:08,21.88,0.0,25,54700,买盘
10:45:11,21.89,0.01,229,500982,买盘
10:45:14,21.85,-0.04,539,1178716,卖盘
10:45:17,21.93,0.08,158,346199,买盘
10:45:20,22.0,0.07,2105,4629544,买盘
10:45:23,21.9,-0.1,13,28488,卖盘
10:45:26,22.0,0.1,165,363102,买盘
10:45:29,22.02,0.02,397,873464,中性盘
10:45:32,22.02,0.0,77,169415,买盘
10:45:35,22.02,0.0,408,897554,买盘
10:45:38,22.0,-0.02,190,418330,卖盘
10:45:41,21.99,-0.01,83,182448,中性盘
10:45:44,21.96,-0.03,237,520755,卖盘
10:45:47,21.91,-0.05,405,888006,卖盘
10:45:50,21.89,-0.02,272,596758,卖盘
10:45:53,21.94,0.05,66,144718,买盘
10:45:56,21.92,-0.02,18,39466,中性盘
10:45:59,21.96,0.04,51,111857,买盘
10:46:02,21.95,-0.01,94,206245,中性盘
10:46:05,21.95,0.0,44,96619,买盘
10:46:08,21.96,0.01,66,144868,买盘
10:46:11,21.95,-0.01,83,182225,卖盘
10:46:14,21.94,-0.01,325,714041,卖盘
10:46:17,21.97,0.03,22,48292,中性盘
10:46:20,21.97,0.0,62,136214,卖盘
10:46:23,21.99,0.02,96,210973,买盘
10:46:26,22.03,0.04,1823,4025675,买盘
10:46:29,22.0,-0.03,176,386824,中性盘
10:46:32,22.06,0.06,87,191796,买盘
10:46:35,22.18,0.12,37,81514,中性盘
10:46:38,22.17,-0.01,59,130734,中性盘
10:46:41,22.04,-0.13,119,263454,卖盘
10:46:44,22.16,0.12,147,325950,卖盘
10:46:47,22.18,0.02,458,1010679,买盘
10:46:50,22.17,-0.01,265,587387,买盘
10:46:53,22.17,0.0,165,365695,买盘
10:46:56,22.17,0.0,325,720331,买盘
10:46:59,22.17,0.0,401,888945,买盘
10:47:02,22.16,-0.01,481,1065152,卖盘
10:47:05,22.06,-0.1,190,420785,中性盘
10:47:08,21.99,-0.07,943,2076287,卖盘
10:47:11,21.98,-0.01,221,485693,中性盘
10:47:14,21.94,-0.04,199,436974,卖盘
10:47:17,21.97,0.03,109,239440,买盘
10:47:20,21.98,0.01,171,375707,买盘
10:47:23,21.98,0.0,196,430850,卖盘
10:47:26,21.96,-0.02,270,593395,卖盘
10:47:29,21.98,0.02,61,134044,买盘
10:47:32,22.05,0.07,165,363255,买盘
10:47:35,22.0,-0.05,76,167475,卖盘
10:47:38,22.05,0.05,120,264372,买盘
10:47:41,22.0,-0.05,253,557625,卖盘
10:47:44,22.06,0.06,230,506477,买盘
10:47:47,22.08,0.02,83,183022,买盘
10:47:50,22.06,-0.02,81,178260,中性盘
10:47:53,22.09,0.03,253,558142,买盘
10:47:56,22.04,-0.05,202,446036,卖盘
10:47:59,22.04,0.0,7,15424,买盘
10:48:02,22.02,-0.02,75,165260,卖盘
10:48:05,22.04,0.02,78,171909,买盘
10:48:08,22.08,0.04,11,24266,买盘
10:48:11,22.04,-0.04,41,90367,卖盘
10:48:14,22.05,0.01,73,161024,中性盘
10:48:17,22.05,0.0,247,544481,买盘
10:48:20,22.05,0.0,207,456419,卖盘
10:48:23,22.06,0.01,321,707527,买盘
10:48:26,22.02,-0.04,85,187378,卖盘
10:48:29,22.0,-0.02,1648,3626841,卖盘
10:48:32,22.0,0.0,118,259487,买盘
10:48:35,21.98,-0.02,77,169262,卖盘
10:48:38,21.97,-0.01,89,195582,卖盘
10:48:41,21.95,-0.02,205,450260,卖盘
10:48:44,21.96,0.01,110,241474,买盘
10:48:47,21.95,-0.01,351,770208,卖盘
10:48:50,21.95,0.0,87,190910,买盘
10:48:53,21.91,-0.04,80,175546,卖盘
10:48:56,21.92,0.01,121,265430,中性盘
10:48:59,21.91,-0.01,92,201578,卖盘
10:49:02,21.91,0.0,192,420782,卖盘
10:49:05,21.92,0.01,32,70140,买盘
10:49:08,21.92,0.0,96,210323,卖盘
10:49:11,21.96,0.04,238,522364,买盘
10:49:14,21.9,-0.06,469,1028207,卖盘
10:49:17,21.97,0.07,20,43925,买盘
10:49:20,21.93,-0.04,62,136022,卖盘
10:49:23,21.95,0.02,43,94433,卖盘
10:49:26,21.95,0.0,28,61454,买盘
10:49:29,21.95,0.0,3,6585,卖盘
10:49:32,21.95,0.0,145,318289,卖盘
10:49:35,21.96,0.01,70,153732,买盘
10:49:38,21.96,0.0,48,105426,卖盘
10:49:41,21.95,-0.01,30,65850,卖盘
10:49:44,21.94,-0.01,7,15358,中性盘
10:49:47,21.95,0.01,80,175587,买盘
10:49:50,21.95,0.0,105,230564,卖盘
10:49:53,21.95,0.0,83,182222,卖盘
10:49:56,21.97,0.02,64,140520,买盘
10:49:59,21.95,-0.02,45,98777,卖盘
10:50:02,21.96,0.01,188,412809,买盘
10:50:05,21.91,-0.05,462,1013745,卖盘
10:50:08,21.95,0.04,111,243367,买盘
10:50:11,21.91,-0.04,139,304812,卖盘
10:50:14,21.93,0.02,114,249744,中性盘
10:50:17,21.94,0.01,65,142498,买盘
10:50:20,21.91,-0.03,389,852240,卖盘
10:50:23,21.89,-0.02,75,164231,卖盘
10:50:26,21.89,0.0,507,1111474,卖盘
10:50:29,21.94,0.05,58,127252,买盘
10:50:32,21.94,0.0,142,311548,卖盘
10:50:35,21.95,0.01,66,144650,买盘
10:50:38,21.95,0.0,109,239231,买盘
10:50:41,21.9,-0.05,71,155747,卖盘
10:50:44,21.89,-0.01,187,409529,卖盘
10:50:47,21.89,0.0,309,676191,卖盘
10:50:50,21.84,-0.05,412,900115,卖盘
10:50:53,21.85,0.01,28,61155,买盘
10:50:56,21.84,-0.01,314,685175,买盘
10:50:59,21.85,0.01,459,1001444,买盘
10:51:02,21.83,-0.02,140,305535,中性盘
10:51:05,21.82,-0.01,176,383785,中性盘
10:51:08,21.8,-0.02,420,915585,卖盘
10:51:11,21.8,0.0,6,13080,买盘
10:51:14,21.8,0.0,65,141691,买盘
10:51:17,21.8,0.0,358,780231,卖盘
10:51:20,21.8,0.0,192,418328,卖盘
10:51:23,21.77,-0.03,87,189470,卖盘
10:51:26,21.77,0.0,268,583463,卖盘
10:51:29,21.76,-0.01,223,485250,卖盘
10:51:32,21.75,-0.01,77,167548,卖盘
10:51:35,21.75,0.0,87,189190,卖盘
10:51:38,21.72,-0.03,608,1322845,卖盘
10:51:41,21.75,0.03,313,680036,卖盘
10:51:44,21.74,-0.01,513,1117745,中性盘
10:51:47,21.76,0.02,316,686590,中性盘
10:51:50,21.78,0.02,51,111086,卖盘
10:51:53,21.75,-0.03,89,193777,卖盘
10:51:56,21.76,0.01,36,78436,卖盘
10:51:59,21.77,0.01,189,411206,中性盘
10:52:02,21.78,0.01,69,150268,买盘
10:52:05,21.78,0.0,203,442385,卖盘
10:52:08,21.82,0.04,280,610195,买盘
10:52:11,21.85,0.03,174,379761,买盘
10:52:14,21.85,0.0,95,207146,买盘
10:52:17,21.85,0.0,99,216313,卖盘
10:52:20,21.85,0.0,38,83050,卖盘
10:52:23,21.87,0.02,95,207671,买盘
10:52:26,21.86,-0.01,157,343277,卖盘
10:52:29,21.87,0.01,152,332091,中性盘
10:52:32,21.89,0.02,36,78674,买盘
10:52:35,21.89,0.0,60,131212,买盘
10:52:38,21.89,0.0,96,210144,卖盘
10:52:41,21.9,0.01,340,744057,买盘
10:52:44,21.9,0.0,35,76650,卖盘
10:52:47,21.9,0.0,88,192714,卖盘
10:52:50,21.9,0.0,139,304500,卖盘
10:52:53,21.92,0.02,5,10957,买盘
10:52:56,21.92,0.0,302,661379,买盘
10:52:59,21.92,0.0,446,977091,买盘
10:53:02,21.88,-0.04,199,435365,卖盘
10:53:05,21.91,0.03,67,146822,买盘
10:53:08,21.92,0.01,3,6576,中性盘
10:53:11,21.91,-0.01,302,661684,卖盘
10:53:14,21.91,0.0,85,186165,买盘
10:53:17,21.91,0.0,283,620007,买盘
10:53:20,21.91,0.0,38,83235,买盘
10:53:23,21.86,-0.05,63,137879,中性盘
10:53:26,21.83,-0.03,38,82956,卖盘
10:53:29,21.89,0.06,75,163729,买盘
10:53:32,21.85,-0.04,70,152974,卖盘
10:53:35,21.87,0.02,109,237970,中性盘
10:53:38,21.86,-0.01,34,74261,卖盘
10:53:41,21.88,0.02,122,266726,买盘
10:53:44,21.85,-0.03,76,166266,卖盘
10:53:47,21.85,0.0,91,199012,卖盘
10:53:50,21.83,-0.02,409,895338,卖盘
10:53:53,21.88,0.05,15,32819,买盘
10:53:56,21.84,-0.04,41,89660,卖盘
10:53:59,21.85,0.01,181,395118,中性盘
10:54:02,21.87,0.02,74,161586,买盘
10:54:05,21.81,-0.06,29,63305,卖盘
10:54:08,21.86,0.05,69,150816,买盘
10:54:11,21.85,-0.01,72,157364,卖盘
10:54:14,21.85,0.0,84,183561,卖盘
10:54:17,21.87,0.02,62,135497,买盘
10:54:20,21.87,0.0,373,814402,买盘
10:54:23,21.86,-0.01,155,338275,买盘
10:54:26,21.85,-0.01,241,526793,中性盘
10:54:32,21.89,0.04,40,87528,买盘
10:54:35,21.86,-0.03,101,220819,卖盘
10:54:38,21.86,0.0,55,120192,买盘
10:54:41,21.89,0.03,106,231627,买盘
10:54:44,21.88,-0.01,236,515235,中性盘
10:54:47,21.86,-0.02,68,148697,卖盘
10:54:50,21.85,-0.01,52,113649,卖盘
10:54:53,21.88,0.03,125,273095,买盘
10:54:56,21.88,0.0,159,347691,买盘
10:54:59,21.83,-0.05,447,977182,卖盘
10:55:02,21.88,0.05,130,283848,买盘
10:55:05,21.85,-0.03,100,218590,卖盘
10:55:08,21.84,-0.01,151,330032,卖盘
10:55:11,21.85,0.01,109,238140,买盘
10:55:14,21.88,0.03,328,717580,买盘
10:55:17,21.87,-0.01,70,153159,卖盘
10:55:20,21.85,-0.02,138,301633,卖盘
10:55:23,21.88,0.03,15,32817,买盘
10:55:26,21.89,0.01,176,385002,买盘
10:55:29,21.86,-0.03,412,901704,卖盘
10:55:32,21.9,0.04,131,286569,买盘
10:55:35,21.87,-0.03,258,564469,卖盘
10:55:38,21.85,-0.02,160,349761,卖盘
10:55:41,21.9,0.05,95,207662,买盘
10:55:44,21.9,0.0,217,474681,买盘
10:55:47,21.85,-0.05,55,120302,卖盘
10:55:50,21.84,-0.01,160,349570,卖盘
10:55:53,21.83,-0.01,128,279591,卖盘
10:55:56,21.84,0.01,411,897471,中性盘
10:55:59,21.85,0.01,457,997945,买盘
10:56:02,21.84,-0.01,137,299251,买盘
10:56:05,21.83,-0.01,15,32755,中性盘
10:56:08,21.85,0.02,99,216271,买盘
10:56:11,21.85,0.0,517,1131011,买盘
10:56:14,21.85,0.0,169,369266,卖盘
10:56:17,21.9,0.05,142,310313,买盘
10:56:20,21.92,0.02,528,1157129,买盘
10:56:23,21.92,0.0,16,35072,卖盘
10:56:26,21.92,0.0,7,15338,买盘
10:56:29,21.92,0.0,41,89828,买盘
10:56:32,21.92,0.0,16,35061,买盘
10:56:35,21.92,0.0,98,214773,买盘
10:56:38,21.92,0.0,51,111778,买盘
10:56:41,21.93,0.01,73,160067,买盘
10:56:44,21.92,-0.01,24,52608,卖盘
10:56:47,21.93,0.01,82,179754,买盘
10:56:50,21.9,-0.03,154,337383,卖盘
10:56:53,21.91,0.01,70,153438,卖盘
10:56:56,21.87,-0.04,58,126845,卖盘
10:56:59,21.87,0.0,83,181391,买盘
10:57:02,21.87,0.0,91,198934,买盘
10:57:05,21.83,-0.04,412,900376,卖盘
10:57:08,21.88,0.05,285,622980,买盘
10:57:11,21.86,-0.02,20,43719,卖盘
10:57:14,21.87,0.01,116,253520,买盘
10:57:17,21.88,0.01,340,742292,卖盘
10:57:20,21.88,0.0,20,43751,买盘
10:57:23,21.9,0.02,75,164113,买盘
10:57:26,21.9,0.0,31,67813,卖盘
10:57:29,21.9,0.0,10,21894,买盘
10:57:32,21.9,0.0,163,356999,卖盘
10:57:35,21.91,0.01,339,742112,买盘
10:57:38,21.92,0.01,16,35063,买盘
10:57:41,21.92,0.0,438,960709,买盘
10:57:44,21.92,0.0,12,26304,买盘
10:57:47,21.94,0.02,38,83292,买盘
10:57:50,21.94,0.0,24,52598,买盘
10:57:53,21.94,0.0,41,89862,买盘
10:57:56,21.94,0.0,24,52656,买盘
10:57:59,21.95,0.01,53,116276,买盘
10:58:02,21.94,-0.01,60,131671,卖盘
10:58:05,21.93,-0.01,212,465295,卖盘
10:58:08,21.93,0.0,91,199525,买盘
10:58:11,21.92,-0.01,130,285076,卖盘
10:58:14,21.91,-0.01,209,458058,卖盘
10:58:17,21.9,-0.01,81,177321,中性盘
10:58:20,21.86,-0.04,63,137837,卖盘
10:58:23,21.9,0.04,63,137784,买盘
10:58:26,21.86,-0.04,55,120232,卖盘
10:58:29,21.9,0.04,13,28428,买盘
10:58:32,21.87,-0.03,75,163997,买盘
10:58:35,21.87,0.0,64,139970,卖盘
10:58:38,21.86,-0.01,80,174928,卖盘
10:58:41,21.86,0.0,44,96186,卖盘
10:58:44,21.86,0.0,60,131120,买盘
10:58:47,21.87,0.01,98,214213,买盘
10:58:50,21.86,-0.01,53,115858,卖盘
10:58:53,21.86,0.0,58,126760,卖盘
10:58:56,21.87,0.01,14,30607,买盘
10:58:59,21.87,0.0,70,153035,买盘
10:59:02,21.87,0.0,8,17496,买盘
10:59:05,21.87,0.0,338,738924,买盘
10:59:08,21.86,-0.01,61,133267,卖盘
10:59:11,21.88,0.02,139,303768,买盘
10:59:14,21.87,-0.01,34,74358,卖盘
10:59:17,21.87,0.0,32,70001,卖盘
10:59:20,21.88,0.01,45,98445,买盘
10:59:23,21.88,0.0,36,78768,买盘
10:59:26,21.9,0.02,1,2190,买盘
10:59:29,21.88,-0.02,174,380718,卖盘
10:59:32,21.89,0.01,7,15323,买盘
10:59:35,21.9,0.01,53,116048,买盘
10:59:38,21.9,0.0,73,159870,买盘
10:59:41,21.9,0.0,101,221690,买盘
10:59:44,21.91,0.01,77,168707,买盘
10:59:47,21.91,0.0,61,133651,买盘
10:59:50,21.9,-0.01,138,301760,卖盘
10:59:53,21.9,0.0,266,582540,买盘
10:59:56,21.9,0.0,96,210744,买盘
10:59:59,21.89,-0.01,434,950430,卖盘
11:00:02,21.89,0.0,352,770514,卖盘
11:00:05,21.9,0.01,51,111821,买盘
11:00:08,21.87,-0.03,325,711041,卖盘
11:00:11,21.85,-0.02,569,1243541,卖盘
11:00:14,21.84,-0.01,202,441149,卖盘
11:00:17,21.81,-0.03,199,434412,卖盘
11:00:20,21.85,0.04,254,554528,买盘
11:00:23,21.85,0.0,7,15287,买盘
11:00:26,21.82,-0.03,33,72024,卖盘
11:00:29,21.84,0.02,10,21840,中性盘
11:00:32,21.82,-0.02,37,80734,卖盘
11:00:35,21.82,0.0,613,1336671,买盘
11:00:38,21.8,-0.02,382,832938,卖盘
11:00:41,21.8,0.0,56,122113,卖盘
11:00:44,21.81,0.01,574,1251462,中性盘
11:00:47,21.79,-0.02,361,786936,卖盘
11:00:50,21.79,0.0,22,47937,买盘
11:00:53,21.79,0.0,107,233079,买盘
11:00:56,21.78,-0.01,230,501083,卖盘
11:00:59,21.79,0.01,22,47925,买盘
11:01:02,21.8,0.01,11,23970,买盘
11:01:05,21.8,0.0,64,139475,买盘
11:01:08,21.8,0.0,30,65399,买盘
11:01:11,21.87,0.07,441,962641,买盘
11:01:14,21.9,0.03,313,683067,买盘
11:01:17,21.9,0.0,5,10949,中性盘
11:01:20,21.9,0.0,17,37230,买盘
11:01:23,21.89,-0.01,10,21890,中性盘
11:01:26,21.9,0.01,72,157680,买盘
11:01:29,21.89,-0.01,127,277591,卖盘
11:01:32,21.9,0.01,17,37215,买盘
11:01:35,21.92,0.02,17,37238,买盘
11:01:38,21.92,0.0,8,17523,买盘
11:01:41,21.91,-0.01,26,56927,中性盘
11:01:44,21.92,0.01,9,19726,买盘
11:01:47,21.94,0.02,158,346525,买盘
11:01:50,22.0,0.06,1139,2500265,买盘
11:01:53,22.0,0.0,286,629190,买盘
11:01:56,22.02,0.02,47,103372,买盘
11:01:59,22.0,-0.02,6,13204,卖盘
11:02:02,22.01,0.01,75,164975,买盘
11:02:05,22.02,0.01,193,424979,买盘
11:02:08,22.04,0.02,50,110130,买盘
11:02:11,22.04,0.0,19,41876,买盘
11:02:14,22.04,0.0,16,35257,卖盘
11:02:17,22.05,0.01,66,145523,买盘
11:02:20,22.05,0.0,92,202860,卖盘
11:02:23,22.06,0.01,120,264604,买盘
11:02:26,22.06,0.0,65,143384,买盘
11:02:29,22.06,0.0,72,158769,买盘
11:02:32,22.06,0.0,539,1188720,买盘
11:02:35,22.06,0.0,55,121330,卖盘
11:02:38,22.02,-0.04,1036,2282481,卖盘
11:02:41,22.0,-0.02,98,215786,卖盘
11:02:44,22.01,0.01,11,24203,中性盘
11:02:47,22.0,-0.01,84,184889,卖盘
11:02:50,22.0,0.0,35,76988,买盘
11:02:53,22.0,0.0,154,338813,买盘
11:02:56,22.0,0.0,100,220023,卖盘
11:02:59,22.0,0.0,366,805198,卖盘
11:03:02,22.0,0.0,260,572000,买盘
11:03:05,21.93,-0.07,334,735005,卖盘
11:03:08,22.0,0.07,12,26400,卖盘
11:03:11,22.0,0.0,19,41809,卖盘
11:03:14,22.0,0.0,48,105604,卖盘
11:03:17,21.99,-0.01,5,10995,卖盘
11:03:20,22.0,0.01,20,43977,买盘
11:03:23,21.99,-0.01,62,136335,中性盘
11:03:26,21.99,0.0,87,191389,卖盘
11:03:29,21.99,0.0,33,72578,卖盘
11:03:32,22.0,0.01,62,136366,买盘
11:03:35,21.94,-0.06,85,186729,卖盘
11:03:38,22.0,0.06,61,134145,买盘
11:03:41,22.0,0.0,25,55000,卖盘
11:03:44,21.99,-0.01,92,202383,卖盘
11:03:47,21.99,0.0,25,54982,卖盘
11:03:50,22.0,0.01,53,116592,买盘
11:03:53,22.0,0.0,59,129793,买盘
11:03:56,22.0,0.0,14,30798,买盘
11:03:59,22.0,0.0,34,74797,买盘
11:04:02,22.0,0.0,44,96796,买盘
11:04:05,22.0,0.0,14,30800,卖盘
11:04:08,22.0,0.0,15,33000,卖盘
11:04:11,22.01,0.01,118,259671,买盘
11:04:14,22.01,0.0,19,41813,买盘
11:04:17,22.0,-0.01,22,48410,卖盘
11:04:20,22.01,0.01,48,105639,买盘
11:04:23,22.0,-0.01,11,24200,卖盘
11:04:26,22.02,0.02,68,149667,买盘
11:04:29,22.02,0.0,63,138668,买盘
11:04:32,22.02,0.0,142,312707,买盘
11:04:35,22.02,0.0,41,90282,买盘
11:04:38,22.02,0.0,106,233412,买盘
11:04:41,22.03,0.01,6,13217,买盘
11:04:44,22.03,0.0,42,92526,买盘
11:04:47,21.98,-0.05,614,1351452,卖盘
11:04:50,21.95,-0.03,59,129674,卖盘
11:04:53,21.94,-0.01,27,59248,卖盘
11:04:56,21.94,0.0,31,67984,买盘
11:04:59,21.95,0.01,124,272061,买盘
11:05:02,21.94,-0.01,16,35112,买盘
11:05:05,21.94,0.0,287,629594,卖盘
11:05:08,21.95,0.01,113,247944,买盘
11:05:11,21.93,-0.02,11,24130,卖盘
11:05:14,21.95,0.02,76,166770,买盘
11:05:17,21.94,-0.01,41,89954,中性盘
11:05:20,21.95,0.01,80,175484,买盘
11:05:23,21.95,0.0,13,28531,买盘
11:05:26,21.94,-0.01,129,283046,卖盘
11:05:29,21.94,0.0,132,289538,卖盘
11:05:32,21.95,0.01,1,2195,卖盘
11:05:35,21.92,-0.03,104,228067,卖盘
11:05:38,21.96,0.04,34,74634,买盘
11:05:41,21.93,-0.03,7,15357,中性盘
11:05:44,21.92,-0.01,69,151307,卖盘
11:05:47,21.91,-0.01,440,964283,卖盘
11:05:50,21.92,0.01,293,642132,买盘
11:05:53,21.9,-0.02,58,127024,卖盘
11:05:56,21.9,0.0,16,35040,买盘
11:05:59,21.92,0.02,48,105142,买盘
11:06:05,21.91,-0.01,17,37240,买盘
11:06:08,21.92,0.01,46,100832,买盘
11:06:11,21.92,0.0,17,37264,买盘
11:06:17,21.92,0.0,125,273886,买盘
11:06:20,21.91,-0.01,5,10955,中性盘
11:06:23,21.92,0.01,8,17535,买盘
11:06:32,21.93,0.01,40,87710,买盘
11:06:35,21.92,-0.01,44,96448,卖盘
11:06:38,21.92,0.0,3,6576,卖盘
11:06:41,21.92,0.0,15,32880,买盘
11:06:44,21.93,0.01,41,89873,买盘
11:06:50,21.93,0.0,5,10965,买盘
11:06:53,21.92,-0.01,54,118368,卖盘
11:06:56,21.92,0.0,5,10960,买盘
11:06:59,21.92,0.0,42,92064,买盘
11:07:02,21.92,0.0,15,32870,买盘
11:07:05,21.92,0.0,13,28496,买盘
11:07:08,21.91,-0.01,11,24105,卖盘
11:07:11,21.92,0.01,60,131520,买盘
11:07:14,21.92,0.0,85,186320,买盘
11:07:17,21.91,-0.01,94,205969,卖盘
11:07:20,21.92,0.01,25,54802,买盘
11:07:23,21.92,0.0,65,142488,卖盘
11:07:32,21.93,0.01,63,138116,买盘
11:07:35,21.93,0.0,12,26313,买盘
11:07:38,21.93,0.0,10,21930,买盘
11:07:41,21.92,-0.01,105,230171,卖盘
11:07:44,21.92,0.0,9,19728,买盘
11:07:47,21.92,0.0,25,54811,买盘
11:07:50,21.92,0.0,33,72321,买盘
11:07:53,21.93,0.01,29,63570,买盘
11:07:56,21.92,-0.01,140,307294,卖盘
11:07:59,21.93,0.01,2,4386,中性盘
11:08:05,21.96,0.03,5,10980,买盘
11:08:08,21.93,-0.03,3,6585,卖盘
11:08:11,21.96,0.03,7,15372,买盘
11:08:14,22.0,0.04,333,732052,买盘
11:08:17,22.01,0.01,1,2201,买盘
11:08:20,22.11,0.1,971,2140610,买盘
11:08:23,22.11,0.0,456,1006337,买盘
11:08:26,22.08,-0.03,28,61830,中性盘
11:08:29,22.2,0.12,1034,2292634,买盘
11:08:32,22.22,0.02,1206,2677166,买盘
11:08:35,22.22,0.0,183,407090,买盘
11:08:38,22.23,0.01,130,288892,买盘
11:08:41,22.23,0.0,62,137800,买盘
11:08:44,22.23,0.0,113,251334,买盘
11:08:47,22.25,0.02,63,140027,买盘
11:08:50,22.24,-0.01,364,809223,中性盘
11:08:53,22.23,-0.01,1289,2872514,中性盘
11:08:56,22.25,0.02,34,75603,买盘
11:08:59,22.26,0.01,42,93454,中性盘
11:09:02,22.28,0.02,62,138091,买盘
11:09:05,22.28,0.0,47,104678,买盘
11:09:08,22.27,-0.01,99,220525,卖盘
11:09:11,22.18,-0.09,898,1997593,卖盘
11:09:14,22.16,-0.02,83,183918,中性盘
11:09:17,22.1,-0.06,196,433604,卖盘
11:09:20,22.11,0.01,427,945327,中性盘
11:09:23,22.11,0.0,84,185655,买盘
11:09:26,22.1,-0.01,567,1253087,卖盘
11:09:29,22.1,0.0,128,282973,卖盘
11:09:32,22.09,-0.01,13,28722,卖盘
11:09:35,22.11,0.02,16,35356,买盘
11:09:38,22.09,-0.02,7,15455,中性盘
11:09:41,22.08,-0.01,123,271646,中性盘
11:09:44,22.07,-0.01,167,367635,中性盘
11:09:47,22.05,-0.02,34,74903,中性盘
11:09:50,22.04,-0.01,33,72687,中性盘
11:09:53,22.11,0.07,300,661462,买盘
11:09:56,22.02,-0.09,6,13212,卖盘
11:09:59,22.07,0.05,14,30856,买盘
11:10:02,22.06,-0.01,97,213668,买盘
11:10:05,22.05,-0.01,5,11025,卖盘
11:10:08,22.05,0.0,10,22065,卖盘
11:10:11,22.11,0.06,64,141452,买盘
11:10:14,22.11,0.0,183,404361,买盘
11:10:17,22.12,0.01,52,114983,中性盘
11:10:20,22.13,0.01,90,199083,买盘
11:10:23,22.15,0.02,118,261362,买盘
11:10:26,22.15,0.0,476,1054331,卖盘
11:10:29,22.15,0.0,115,254615,买盘
11:10:32,22.2,0.05,297,657904,买盘
11:10:35,22.17,-0.03,12,26604,卖盘
11:10:38,22.2,0.03,175,388488,买盘
11:10:41,22.22,0.02,46,102183,买盘
11:10:44,22.22,0.0,146,324342,买盘
11:10:47,22.21,-0.01,61,135464,中性盘
11:10:50,22.17,-0.04,453,1006322,卖盘
11:10:53,22.15,-0.02,318,704550,卖盘
11:10:56,22.15,0.0,372,824018,卖盘
11:10:59,22.14,-0.01,194,429857,卖盘
11:11:02,22.09,-0.05,5,11060,卖盘
11:11:05,22.1,0.01,38,84004,中性盘
11:11:08,22.1,0.0,31,68510,卖盘
11:11:11,22.12,0.02,80,176897,买盘
11:11:14,22.12,0.0,78,172525,买盘
11:11:17,22.1,-0.02,83,183501,卖盘
11:11:20,22.13,0.03,30,66360,买盘
11:11:23,22.13,0.0,133,294323,买盘
11:11:26,22.15,0.02,76,168224,买盘
11:11:29,22.15,0.0,26,57567,买盘
11:11:32,22.15,0.0,45,99673,买盘
11:11:35,22.14,-0.01,38,84137,卖盘
11:11:38,22.16,0.02,127,281306,买盘
11:11:41,22.21,0.05,133,295023,买盘
11:11:44,22.14,-0.07,617,1365703,卖盘
11:11:47,22.15,0.01,252,558116,买盘
11:11:50,22.16,0.01,63,139596,买盘
11:11:53,22.19,0.03,40,88705,买盘
11:11:56,22.16,-0.03,25,55413,卖盘
11:11:59,22.17,0.01,115,254911,买盘
11:12:02,22.17,0.0,101,224000,卖盘
11:12:05,22.17,0.0,92,204029,买盘
11:12:08,22.19,0.02,88,195219,买盘
11:12:11,22.19,0.0,194,430832,买盘
11:12:14,22.22,0.03,118,262200,买盘
11:12:17,22.25,0.03,63,140174,买盘
11:12:20,22.24,-0.01,43,95679,卖盘
11:12:23,22.27,0.03,30,66810,买盘
11:12:26,22.28,0.01,135,300642,买盘
11:12:29,22.28,0.0,57,126996,买盘
11:12:32,22.28,0.0,127,282770,买盘
11:12:35,22.28,0.0,51,113628,买盘
11:12:38,22.29,0.01,154,343146,买盘
11:12:41,22.31,0.02,115,256453,买盘
11:12:44,22.32,0.01,340,758637,买盘
11:12:47,22.33,0.01,135,301391,买盘
11:12:50,22.35,0.02,93,207788,买盘
11:12:53,22.35,0.0,85,189778,买盘
11:12:56,22.35,0.0,43,96172,卖盘
11:12:59,22.35,0.0,172,384672,卖盘
11:13:02,22.37,0.02,314,702295,买盘
11:13:05,22.33,-0.04,444,993041,卖盘
11:13:08,22.35,0.02,323,722229,买盘
11:13:11,22.36,0.01,79,176666,买盘
11:13:14,22.29,-0.07,460,1027153,卖盘
11:13:17,22.29,0.0,542,1208105,买盘
11:13:20,22.28,-0.01,298,664131,卖盘
11:13:23,22.28,0.0,152,338586,买盘
11:13:26,22.29,0.01,906,2019092,买盘
11:13:29,22.35,0.06,190,424377,买盘
11:13:32,22.29,-0.06,155,346126,卖盘
11:13:35,22.36,0.07,479,1068702,买盘
11:13:38,22.36,0.0,808,1806175,买盘
11:13:41,22.36,0.0,932,2083114,买盘
11:13:44,22.35,-0.01,52,116248,卖盘
11:13:47,22.36,0.01,122,272897,买盘
11:13:50,22.37,0.01,107,239227,卖盘
11:13:53,22.36,-0.01,186,415940,卖盘
11:13:56,22.37,0.01,141,315304,中性盘
11:13:59,22.37,0.0,229,512248,买盘
11:14:02,22.38,0.01,106,237153,买盘
11:14:05,22.37,-0.01,73,163373,卖盘
11:14:08,22.44,0.07,389,872011,买盘
11:14:11,22.4,-0.04,117,262389,卖盘
11:14:14,22.41,0.01,60,134475,中性盘
11:14:17,22.42,0.01,512,1149488,买盘
11:14:20,22.45,0.03,177,397109,买盘
11:14:23,22.43,-0.02,53,118876,卖盘
11:14:26,22.45,0.02,148,332194,买盘
11:14:29,22.39,-0.06,1220,2737609,卖盘
11:14:32,22.4,0.01,449,1006491,买盘
11:14:35,22.41,0.01,1300,2907260,买盘
11:14:38,22.36,-0.05,211,472779,中性盘
11:14:41,22.3,-0.06,303,678598,卖盘
11:14:44,22.3,0.0,147,329244,卖盘
11:14:47,22.43,0.13,196,438759,买盘
11:14:50,22.31,-0.12,154,344432,卖盘
11:14:53,22.41,0.1,72,161019,买盘
11:14:56,22.42,0.01,48,107484,买盘
11:14:59,22.41,-0.01,94,210641,中性盘
11:15:02,22.42,0.01,197,441606,买盘
11:15:05,22.33,-0.09,159,356318,卖盘
11:15:08,22.32,-0.01,59,131784,卖盘
11:15:14,22.33,0.01,275,615067,卖盘
11:15:17,22.34,0.01,35,78169,买盘
11:15:20,22.34,0.0,46,102793,卖盘
11:15:23,22.33,-0.01,293,654382,卖盘
11:15:26,22.32,-0.01,729,1632989,卖盘
11:15:29,22.33,0.01,140,312627,卖盘
11:15:32,22.33,0.0,15,33508,卖盘
11:15:35,22.45,0.12,592,1325351,买盘
11:15:38,22.33,-0.12,54,120583,中性盘
11:15:41,22.4,0.07,26,58239,买盘
11:15:44,22.4,0.0,141,316237,买盘
11:15:47,22.39,-0.01,36,80601,卖盘
11:15:50,22.38,-0.01,127,284157,买盘
11:15:53,22.44,0.06,282,632314,买盘
11:15:56,22.4,-0.04,455,1021007,卖盘
11:15:59,22.38,-0.02,6,13428,卖盘
11:16:02,22.44,0.06,202,452988,买盘
11:16:05,22.38,-0.06,179,400641,卖盘
11:16:08,22.38,0.0,232,519216,买盘
11:16:11,22.38,0.0,8,17896,买盘
11:16:14,22.37,-0.01,31,69332,买盘
11:16:17,22.34,-0.03,154,344414,卖盘
11:16:20,22.38,0.04,248,554472,买盘
11:16:23,22.34,-0.04,55,123042,卖盘
11:16:26,22.34,0.0,8,17873,卖盘
11:16:29,22.34,0.0,59,131754,卖盘
11:16:32,22.34,0.0,17,37978,买盘
11:16:35,22.33,-0.01,170,379653,卖盘
11:16:38,22.32,-0.01,47,104938,卖盘
11:16:41,22.33,0.01,32,71456,买盘
11:16:44,22.33,0.0,69,154087,卖盘
11:16:47,22.33,0.0,34,75962,卖盘
11:16:50,22.33,0.0,15,33501,卖盘
11:16:53,22.35,0.02,225,502449,买盘
11:16:56,22.35,0.0,18,40205,买盘
11:16:59,22.35,0.0,2,4470,买盘
11:17:02,22.29,-0.06,1002,2236386,卖盘
11:17:05,22.28,-0.01,129,287509,卖盘
11:17:08,22.28,0.0,12,26736,卖盘
11:17:11,22.28,0.0,143,318604,卖盘
11:17:14,22.28,0.0,65,144827,卖盘
11:17:17,22.26,-0.02,176,391980,卖盘
11:17:20,22.27,0.01,41,91256,买盘
11:17:23,22.26,-0.01,23,51168,买盘
11:17:26,22.24,-0.02,25,55604,卖盘
11:17:29,22.22,-0.02,85,189020,卖盘
11:17:32,22.23,0.01,2,4446,买盘
11:17:35,22.23,0.0,43,95567,买盘
11:17:38,22.22,-0.01,61,135545,卖盘
11:17:41,22.22,0.0,102,226646,卖盘
11:17:44,22.22,0.0,5,11110,买盘
11:17:47,22.21,-0.01,15,33315,卖盘
11:17:50,22.3,0.09,693,1542230,买盘
11:17:53,22.32,0.02,241,537435,买盘
11:17:56,22.31,-0.01,23,51291,中性盘
11:17:59,22.3,-0.01,11,24534,卖盘
11:18:02,22.3,0.0,1,2230,卖盘
11:18:05,22.31,0.01,12,26765,买盘
11:18:08,22.3,-0.01,118,263279,卖盘
11:18:11,22.32,0.02,54,120579,卖盘
11:18:14,22.31,-0.01,36,80324,卖盘
11:18:17,22.32,0.01,44,98177,买盘
11:18:20,22.31,-0.01,14,31234,卖盘
11:18:23,22.31,0.0,17,37927,卖盘
11:18:26,22.32,0.01,15,33475,买盘
11:18:29,22.3,-0.02,26,58005,卖盘
11:18:32,22.31,0.01,17,37924,买盘
11:18:35,22.31,0.0,132,294601,买盘
11:18:38,22.32,0.01,121,270072,买盘
11:18:41,22.31,-0.01,133,296752,卖盘
11:18:44,22.31,0.0,3,6693,卖盘
11:18:47,22.32,0.01,5,11160,买盘
11:18:50,22.32,0.0,207,461961,买盘
11:18:53,22.31,-0.01,2,4462,卖盘
11:18:56,22.31,0.0,498,1111653,卖盘
11:18:59,22.3,-0.01,1824,4068980,卖盘
11:19:02,22.25,-0.05,240,535158,卖盘
11:19:05,22.22,-0.03,163,362655,卖盘
11:19:08,22.21,-0.01,19,42207,卖盘
11:19:11,22.23,0.02,25,55546,买盘
11:19:14,22.25,0.02,2,4450,买盘
11:19:17,22.23,-0.02,10,22232,卖盘
11:19:20,22.25,0.02,11,24475,中性盘
11:19:23,22.25,0.0,55,122375,买盘
11:19:26,22.27,0.02,84,186904,买盘
11:19:29,22.24,-0.03,9,20020,卖盘
11:19:32,22.26,0.02,23,51186,买盘
11:19:35,22.24,-0.02,237,527110,卖盘
11:19:38,22.22,-0.02,68,151207,卖盘
11:19:41,22.24,0.02,895,1990473,买盘
11:19:44,22.26,0.02,37,82368,买盘
11:19:47,22.27,0.01,9,20043,买盘
11:19:50,22.28,0.01,26,57928,买盘
11:19:53,22.29,0.01,80,178321,买盘
11:19:56,22.29,0.0,23,51235,买盘
11:19:59,22.29,0.0,4,8916,买盘
11:20:02,22.27,-0.02,3,6681,卖盘
11:20:05,22.27,0.0,18,40086,卖盘
11:20:08,22.26,-0.01,1,2226,买盘
11:20:11,22.27,0.01,2,4453,买盘
11:20:14,22.24,-0.03,51,113426,卖盘
11:20:17,22.23,-0.01,109,242396,卖盘
11:20:20,22.24,0.01,51,113419,买盘
11:20:23,22.24,0.0,30,66722,卖盘
11:20:26,22.28,0.04,169,376280,买盘
11:20:29,22.29,0.01,1,2229,买盘
11:20:35,22.35,0.06,216,481848,买盘
11:20:38,22.3,-0.05,23,51300,卖盘
11:20:41,22.33,0.03,6,13398,卖盘
11:20:44,22.33,0.0,19,42427,卖盘
11:20:47,22.33,0.0,10,22330,买盘
11:20:50,22.3,-0.03,129,287681,卖盘
11:20:53,22.28,-0.02,68,151579,卖盘
11:20:56,22.27,-0.01,9,20043,中性盘
11:20:59,22.22,-0.05,925,2056703,卖盘
11:21:02,22.2,-0.02,731,1624254,卖盘
11:21:05,22.25,0.05,36,80040,买盘
11:21:11,22.24,-0.01,20,44480,卖盘
11:21:17,22.23,-0.01,16,35578,卖盘
11:21:20,22.24,0.01,13,28909,买盘
11:21:23,22.18,-0.06,289,641534,卖盘
11:21:26,22.17,-0.01,159,352857,卖盘
11:21:29,22.17,0.0,7,15523,卖盘
11:21:32,22.18,0.01,215,477183,卖盘
11:21:41,22.19,0.01,1553,3442160,卖盘
11:21:44,22.19,0.0,35,77665,买盘
11:21:47,22.18,-0.01,7,15526,中性盘
11:21:50,22.2,0.02,120,266328,买盘
11:21:53,22.18,-0.02,10,22187,卖盘
11:21:56,22.19,0.01,11,24409,买盘
11:21:59,22.18,-0.01,75,166356,卖盘
11:22:02,22.18,0.0,200,443606,卖盘
11:22:05,22.18,0.0,48,106470,卖盘
11:22:08,22.2,0.02,128,283984,买盘
11:22:11,22.19,-0.01,2,4438,卖盘
11:22:14,22.2,0.01,47,104340,买盘
11:22:17,22.19,-0.01,54,119845,卖盘
11:22:20,22.18,-0.01,90,199662,卖盘
11:22:23,22.18,0.0,56,124254,卖盘
11:22:26,22.18,0.0,19,42156,卖盘
11:22:29,22.18,0.0,47,104285,卖盘
11:22:32,22.18,0.0,47,104290,卖盘
11:22:35,22.19,0.01,3,6657,中性盘
11:22:38,22.2,0.01,34,75468,买盘
11:22:41,22.19,-0.01,3,6657,卖盘
11:22:44,22.2,0.01,6,13320,买盘
11:22:47,22.19,-0.01,21,46599,卖盘
11:22:50,22.19,0.0,18,39932,卖盘
11:22:53,22.19,0.0,4,8875,买盘
11:22:56,22.19,0.0,3,6659,卖盘
11:22:59,22.2,0.01,40,88800,买盘
11:23:02,22.19,-0.01,633,1405158,卖盘
11:23:08,22.21,0.02,165,366465,买盘
11:23:11,22.21,0.0,21,46618,买盘
11:23:14,22.21,0.0,31,68851,买盘
11:23:17,22.23,0.02,39,86663,买盘
11:23:20,22.22,-0.01,7,15547,买盘
11:23:23,22.21,-0.01,1,2221,买盘
11:23:26,22.21,0.0,5,11105,买盘
11:23:29,22.2,-0.01,75,166515,卖盘
11:23:32,22.2,0.0,20,44400,买盘
11:23:35,22.21,0.01,41,90986,买盘
11:23:38,22.2,-0.01,28,62186,中性盘
11:23:41,22.17,-0.03,159,352743,卖盘
11:23:44,22.17,0.0,49,108684,卖盘
11:23:47,22.19,0.02,29,64327,买盘
11:23:50,22.16,-0.03,7,15517,卖盘
11:23:53,22.18,0.02,22,48796,买盘
11:23:56,22.18,0.0,161,357098,卖盘
11:23:59,22.19,0.01,22,48816,买盘
11:24:02,22.18,-0.01,3,6654,卖盘
11:24:05,22.18,0.0,110,244016,卖盘
11:24:08,22.18,0.0,76,168602,卖盘
11:24:11,22.18,0.0,14,31054,买盘
11:24:14,22.17,-0.01,37,82078,卖盘
11:24:23,22.17,0.0,52,115311,卖盘
11:24:29,22.17,0.0,33,73203,卖盘
11:24:32,22.18,0.01,15,33256,中性盘
11:24:35,22.17,-0.01,10,22173,卖盘
11:24:44,22.19,0.02,1,2219,买盘
11:24:47,22.18,-0.01,5,11090,卖盘
11:24:50,22.18,0.0,10,22180,卖盘
11:24:53,22.19,0.01,1,2219,买盘
11:24:56,22.18,-0.01,12,26621,卖盘
11:24:59,22.18,0.0,24,53232,卖盘
11:25:02,22.18,0.0,3,6654,卖盘
11:25:05,22.16,-0.02,197,436822,卖盘
11:25:08,22.16,0.0,76,168450,卖盘
11:25:11,22.15,-0.01,84,186138,卖盘
11:25:14,22.15,0.0,212,469523,卖盘
11:25:17,22.16,0.01,36,79776,买盘
11:25:20,22.16,0.0,36,79799,卖盘
11:25:23,22.16,0.0,40,88674,卖盘
11:25:26,22.15,-0.01,19,42093,中性盘
11:25:29,22.15,0.0,3,6645,买盘
11:25:32,22.15,0.0,17,37654,买盘
11:25:35,22.15,0.0,13,28795,买盘
11:25:41,22.15,0.0,1,2215,卖盘
11:25:47,22.16,0.01,10,22160,买盘
11:25:50,22.16,0.0,178,394470,买盘
11:25:53,22.18,0.02,213,472104,买盘
11:25:56,22.16,-0.02,14,31024,卖盘
11:25:59,22.18,0.02,63,139710,买盘
11:26:02,22.18,0.0,34,75401,买盘
11:26:05,22.16,-0.02,5,11080,卖盘
11:26:08,22.16,0.0,45,99730,卖盘
11:26:11,22.12,-0.04,288,637534,卖盘
11:26:14,22.16,0.04,54,119508,买盘
11:26:17,22.15,-0.01,165,365481,卖盘
11:26:20,22.07,-0.08,257,567649,卖盘
11:26:23,22.07,0.0,124,273668,买盘
11:26:26,22.07,0.0,20,44118,买盘
11:26:29,22.05,-0.02,162,357037,中性盘
11:26:32,22.06,0.01,58,127937,买盘
11:26:35,22.06,0.0,7,15448,卖盘
11:26:38,22.05,-0.01,119,262585,卖盘
11:26:41,22.06,0.01,27,59589,中性盘
11:26:44,22.22,0.16,1402,3109428,买盘
11:26:47,22.29,0.07,276,613935,买盘
11:26:50,22.4,0.11,493,1102090,买盘
11:26:53,22.45,0.05,581,1303595,买盘
11:26:56,22.49,0.04,383,860608,买盘
11:26:59,22.5,0.01,102,229474,买盘
11:27:02,22.6,0.1,997,2247564,买盘
11:27:05,22.62,0.02,48,108586,买盘
11:27:08,22.63,0.01,45,101737,买盘
11:27:11,22.6,-0.03,71,160526,卖盘
11:27:14,22.6,0.0,803,1818551,卖盘
11:27:17,22.6,0.0,78,176301,卖盘
11:27:20,22.6,0.0,62,140149,卖盘
11:27:23,22.7,0.1,136,307926,买盘
11:27:26,22.71,0.01,90,204306,买盘
11:27:29,22.7,-0.01,50,113516,卖盘
11:27:32,22.7,0.0,203,461102,卖盘
11:27:35,22.68,-0.02,1235,2803189,卖盘
11:27:38,22.64,-0.04,65,147373,卖盘
11:27:41,22.58,-0.06,172,389619,卖盘
11:27:44,22.59,0.01,281,633943,买盘
11:27:47,22.58,-0.01,135,304841,买盘
11:27:50,22.55,-0.03,124,279680,卖盘
11:27:53,22.58,0.03,35,79018,买盘
11:27:56,22.57,-0.01,96,216658,卖盘
11:27:59,22.55,-0.02,49,110532,卖盘
11:28:02,22.57,0.02,389,877544,买盘
11:28:05,22.55,-0.02,698,1574000,卖盘
11:28:08,22.55,0.0,49,110451,买盘
11:28:11,22.49,-0.06,15,33748,卖盘
11:28:14,22.5,0.01,51,114703,买盘
11:28:17,22.42,-0.08,45,101063,卖盘
11:28:20,22.47,0.05,11,24702,买盘
11:28:23,22.4,-0.07,1022,2289436,卖盘
11:28:26,22.44,0.04,274,614865,买盘
11:28:29,22.44,0.0,31,69593,卖盘
11:28:32,22.4,-0.04,357,801493,卖盘
11:28:35,22.43,0.03,110,247352,中性盘
11:28:38,22.42,-0.01,82,183923,卖盘
11:28:41,22.42,0.0,37,82998,买盘
11:28:44,22.4,-0.02,46,103110,卖盘
11:28:47,22.42,0.02,35,78474,中性盘
11:28:50,22.42,0.0,64,143383,买盘
11:28:53,22.4,-0.02,23,51556,卖盘
11:28:56,22.42,0.02,37,82954,买盘
11:28:59,22.42,0.0,190,425867,买盘
11:29:02,22.49,0.07,97,217808,买盘
11:29:05,22.42,-0.07,78,175078,卖盘
11:29:08,22.44,0.02,43,96603,中性盘
11:29:11,22.44,0.0,16,35959,卖盘
11:29:14,22.51,0.07,109,244849,买盘
11:29:17,22.4,-0.11,34,76380,卖盘
11:29:20,22.43,0.03,28,62781,买盘
11:29:23,22.42,-0.01,19,42602,卖盘
11:29:26,22.43,0.01,19,42621,中性盘
11:29:29,22.43,0.0,7,15706,卖盘
11:29:32,22.41,-0.02,23,51574,卖盘
11:29:35,22.42,0.01,16,35868,中性盘
11:29:38,22.42,0.0,75,168080,买盘
11:29:41,22.41,-0.01,100,224278,卖盘
11:29:44,22.42,0.01,92,206186,买盘
11:29:47,22.42,0.0,32,71735,买盘
11:29:50,22.42,0.0,18,40356,买盘
11:29:53,22.41,-0.01,23,51565,卖盘
11:29:56,22.41,0.0,59,132227,卖盘
11:29:59,22.47,0.06,13,29153,买盘
11:30:02,22.46,-0.01,4,8984,中性盘
13:00:02,22.43,-0.03,241,541807,卖盘
13:00:05,22.49,0.06,971,2176182,买盘
13:00:08,22.46,-0.03,791,1776834,卖盘
13:00:11,22.55,0.09,1428,3212728,买盘
13:00:14,22.53,-0.02,236,531830,中性盘
13:00:17,22.54,0.01,250,563620,中性盘
13:00:20,22.53,-0.01,273,615388,中性盘
13:00:23,22.46,-0.07,211,474827,卖盘
13:00:26,22.46,0.0,47,105824,卖盘
13:00:29,22.46,0.0,441,991027,卖盘
13:00:32,22.46,0.0,216,485872,卖盘
13:00:35,22.46,0.0,242,543838,卖盘
13:00:38,22.53,0.07,124,279042,买盘
13:00:41,22.47,-0.06,245,551829,卖盘
13:00:44,22.51,0.04,146,328624,买盘
13:00:47,22.46,-0.05,263,590851,卖盘
13:00:50,22.44,-0.02,381,856903,卖盘
13:00:53,22.43,-0.01,171,383738,卖盘
13:00:56,22.33,-0.1,113,253301,卖盘
13:00:59,22.26,-0.07,226,503180,卖盘
13:01:02,22.24,-0.02,191,425015,买盘
13:01:05,22.26,0.02,84,186997,买盘
13:01:08,22.28,0.02,220,490379,中性盘
13:01:11,22.3,0.02,108,240797,买盘
13:01:14,22.35,0.05,448,1000618,买盘
13:01:17,22.38,0.03,117,261508,买盘
13:01:20,22.38,0.0,40,89556,卖盘
13:01:23,22.42,0.04,98,219608,买盘
13:01:26,22.46,0.04,35,78483,买盘
13:01:29,22.46,0.0,171,383924,买盘
13:01:32,22.46,0.0,148,332512,卖盘
13:01:35,22.46,0.0,108,242779,卖盘
13:01:38,22.45,-0.01,91,204421,卖盘
13:01:41,22.4,-0.05,72,161464,卖盘
13:01:44,22.4,0.0,62,139101,卖盘
13:01:47,22.38,-0.02,156,349128,卖盘
13:01:50,22.37,-0.01,69,154328,中性盘
13:01:53,22.4,0.03,126,282184,买盘
13:01:56,22.39,-0.01,29,64931,买盘
13:01:59,22.39,0.0,171,381380,买盘
13:02:02,22.32,-0.07,53,118303,卖盘
13:02:05,22.29,-0.03,241,538449,卖盘
13:02:08,22.29,0.0,162,362110,卖盘
13:02:11,22.36,0.07,62,138393,买盘
13:02:14,22.29,-0.07,38,84798,卖盘
13:02:17,22.35,0.06,18,40230,中性盘
13:02:20,22.34,-0.01,15,33505,中性盘
13:02:23,22.3,-0.04,67,149493,中性盘
13:02:26,22.29,-0.01,76,169464,卖盘
13:02:29,22.29,0.0,58,129510,卖盘
13:02:32,22.29,0.0,39,87064,卖盘
13:02:35,22.35,0.06,72,160828,买盘
13:02:38,22.29,-0.06,119,265527,卖盘
13:02:41,22.28,-0.01,70,156062,卖盘
13:02:44,22.29,0.01,26,57954,买盘
13:02:47,22.3,0.01,302,673460,买盘
13:02:50,22.34,0.04,102,227894,买盘
13:02:53,22.36,0.02,9,20124,买盘
13:02:56,22.3,-0.06,384,856862,卖盘
13:02:59,22.37,0.07,152,340000,买盘
13:03:02,22.36,-0.01,132,295244,卖盘
13:03:05,22.37,0.01,304,680093,买盘
13:03:08,22.36,-0.01,261,584267,卖盘
13:03:11,22.35,-0.01,29,64836,买盘
13:03:14,22.37,0.02,73,163206,中性盘
13:03:17,22.4,0.03,75,167992,买盘
13:03:20,22.4,0.0,52,116464,买盘
13:03:23,22.4,0.0,117,262073,买盘
13:03:26,22.34,-0.06,1,2234,中性盘
13:03:29,22.34,0.0,2,4468,卖盘
13:03:32,22.3,-0.04,161,359392,卖盘
13:03:35,22.34,0.04,12,26830,中性盘
13:03:38,22.32,-0.02,1,2232,卖盘
13:03:41,22.31,-0.01,69,154450,卖盘
13:03:44,22.35,0.04,10,22312,中性盘
13:03:47,22.31,-0.04,29,64658,中性盘
13:03:50,22.29,-0.02,5,11148,卖盘
13:03:53,22.34,0.05,10,22325,买盘
13:03:56,22.31,-0.03,4,8924,中性盘
13:03:59,22.3,-0.01,15,33461,卖盘
13:04:02,22.3,0.0,8,17840,卖盘
13:04:05,22.28,-0.02,155,345437,卖盘
13:04:08,22.28,0.0,15,33408,买盘
13:04:11,22.26,-0.02,79,175866,卖盘
13:04:17,22.25,-0.01,12,26710,卖盘
13:04:20,22.25,0.0,22,48949,买盘
13:04:23,22.25,0.0,15,33355,买盘
13:04:26,22.25,0.0,19,42264,买盘
13:04:29,22.22,-0.03,289,642648,卖盘
13:04:32,22.22,0.0,6,13332,卖盘
13:04:35,22.22,0.0,2,4444,卖盘
13:04:38,22.21,-0.01,51,113320,卖盘
13:04:41,22.21,0.0,13,28873,卖盘
13:04:44,22.2,-0.01,227,503878,卖盘
13:04:47,22.18,-0.02,61,135312,卖盘
13:04:50,22.19,0.01,21,46592,中性盘
13:04:53,22.18,-0.01,5,11090,卖盘
13:04:56,22.19,0.01,25,55468,买盘
13:04:59,22.11,-0.08,44,97514,卖盘
13:05:02,22.17,0.06,12,26598,买盘
13:05:05,22.17,0.0,11,24333,买盘
13:05:08,22.1,-0.07,63,139251,卖盘
13:05:11,22.1,0.0,56,123708,买盘
13:05:14,22.07,-0.03,10,22070,中性盘
13:05:17,22.07,0.0,25,55164,买盘
13:05:20,22.07,0.0,1,2207,买盘
13:05:23,22.06,-0.01,50,110300,卖盘
13:05:26,22.06,0.0,12,26469,买盘
13:05:29,22.06,0.0,22,48516,买盘
13:05:32,22.05,-0.01,25,55123,卖盘
13:05:35,22.03,-0.02,7,15424,卖盘
13:05:38,22.03,0.0,23,50678,卖盘
13:05:41,22.03,0.0,66,145399,卖盘
13:05:44,22.03,0.0,232,510875,买盘
13:05:47,21.99,-0.04,841,1850535,卖盘
13:05:50,21.99,0.0,20,43981,卖盘
13:05:53,21.98,-0.01,27,59357,卖盘
13:05:56,21.96,-0.02,130,285432,卖盘
13:05:59,21.96,0.0,16,35136,买盘
13:06:02,21.95,-0.01,336,738285,卖盘
13:06:05,21.95,0.0,138,303023,卖盘
13:06:08,21.95,0.0,1264,2771788,卖盘
13:06:11,21.96,0.01,118,259113,买盘
13:06:14,21.96,0.0,44,96615,买盘
13:06:17,21.97,0.01,112,246054,买盘
13:06:20,21.98,0.01,273,599994,买盘
13:06:23,21.98,0.0,64,140801,卖盘
13:06:26,22.0,0.02,5,11000,买盘
13:06:29,22.0,0.0,7,15394,中性盘
13:06:32,22.01,0.01,14,30814,买盘
13:06:35,22.02,0.01,144,316961,中性盘
13:06:38,22.04,0.02,75,165241,买盘
13:06:41,22.04,0.0,110,242415,买盘
13:06:44,22.04,0.0,58,127782,买盘
13:06:47,22.04,0.0,184,405397,买盘
13:06:50,22.01,-0.03,116,255445,卖盘
13:06:53,22.01,0.0,31,68264,卖盘
13:06:56,22.02,0.01,90,198093,中性盘
13:06:59,22.02,0.0,36,79243,中性盘
13:07:02,22.02,0.0,2,4403,买盘
13:07:05,22.01,-0.01,45,99067,卖盘
13:07:08,22.02,0.01,20,44039,买盘
13:07:11,22.01,-0.01,250,550417,卖盘
13:07:14,22.01,0.0,75,165075,卖盘
13:07:17,22.01,0.0,11,24207,买盘
13:07:20,22.02,0.01,201,442582,买盘
13:07:23,22.02,0.0,8,17616,卖盘
13:07:26,22.02,0.0,4,8808,卖盘
13:07:29,22.03,0.01,29,63863,买盘
13:07:32,22.02,-0.01,59,129939,卖盘
13:07:35,22.02,0.0,10,22021,卖盘
13:07:38,22.02,0.0,34,74858,买盘
13:07:41,22.03,0.01,63,138784,买盘
13:07:44,22.03,0.0,23,50669,卖盘
13:07:47,22.04,0.01,227,500212,买盘
13:07:50,22.04,0.0,72,158502,买盘
13:07:53,22.04,0.0,11,24244,买盘
13:07:56,22.03,-0.01,61,134396,卖盘
13:07:59,22.03,0.0,8,17624,卖盘
13:08:02,22.04,0.01,137,301946,买盘
13:08:05,22.04,0.0,4,8816,卖盘
13:08:11,22.05,0.01,3,6615,买盘
13:08:14,22.04,-0.01,7,15428,卖盘
13:08:17,22.05,0.01,27,59535,买盘
13:08:23,22.06,0.01,68,150008,买盘
13:08:26,22.06,0.0,10,22055,买盘
13:08:29,22.06,0.0,29,63974,买盘
13:08:32,22.06,0.0,13,28678,买盘
13:08:35,22.06,0.0,1,2206,卖盘
13:08:38,22.07,0.01,3,6621,买盘
13:08:41,22.07,0.0,57,125799,买盘
13:08:44,22.07,0.0,13,28691,买盘
13:08:47,22.06,-0.01,12,26482,卖盘
13:08:50,22.07,0.01,40,88280,买盘
13:08:56,22.08,0.01,3,6622,买盘
13:08:59,22.1,0.02,8,17672,买盘
13:09:02,22.09,-0.01,5,11046,中性盘
13:09:05,22.08,-0.01,2,4416,卖盘
13:09:08,22.08,0.0,79,174518,卖盘
13:09:11,22.09,0.01,12,26508,卖盘
13:09:14,22.08,-0.01,1,2208,卖盘
13:09:17,22.09,0.01,20,44180,买盘
13:09:20,22.09,0.0,2,4418,卖盘
13:09:23,22.1,0.01,201,444210,买盘
13:09:26,22.1,0.0,1,2210,买盘
13:09:29,22.1,0.0,95,209950,买盘
13:09:32,22.1,0.0,6,13260,卖盘
13:09:35,22.11,0.01,323,714153,买盘
13:09:38,22.11,0.0,301,665511,买盘
13:09:41,22.11,0.0,2,4422,卖盘
13:09:47,22.14,0.03,1,2214,买盘
13:09:50,22.12,-0.02,9,19908,卖盘
13:09:53,22.14,0.02,11,24352,买盘
13:09:56,22.13,-0.01,2,4426,买盘
13:09:59,22.13,0.0,7,15488,买盘
13:10:02,22.13,0.0,7,15491,买盘
13:10:05,22.14,0.01,13,28771,买盘
13:10:08,22.14,0.0,23,50909,买盘
13:10:11,22.14,0.0,89,197046,卖盘
13:10:14,22.14,0.0,216,477866,买盘
13:10:17,22.14,0.0,49,108520,卖盘
13:10:23,22.14,0.0,164,363096,卖盘
13:10:26,22.14,0.0,58,128399,卖盘
13:10:29,22.12,-0.02,113,250054,卖盘
13:10:32,22.11,-0.01,34,75182,卖盘
13:10:35,22.11,0.0,89,196776,卖盘
13:10:38,22.1,-0.01,175,386755,卖盘
13:10:41,22.1,0.0,61,134810,卖盘
13:10:44,22.1,0.0,47,103871,卖盘
13:10:47,22.1,0.0,24,53042,卖盘
13:10:50,22.1,0.0,74,163473,买盘
13:10:53,22.1,0.0,87,192225,买盘
13:10:56,22.07,-0.03,148,326853,卖盘
13:10:59,22.08,0.01,63,139042,买盘
13:11:02,22.07,-0.01,96,211873,卖盘
13:11:05,22.07,0.0,56,123598,卖盘
13:11:08,22.06,-0.01,94,207368,卖盘
13:11:11,22.07,0.01,43,94863,买盘
13:11:14,22.06,-0.01,55,121307,卖盘
13:11:17,22.06,0.0,103,227218,买盘
13:11:20,22.05,-0.01,80,176410,卖盘
13:11:23,22.05,0.0,62,136756,卖盘
13:11:26,22.03,-0.02,380,837851,卖盘
13:11:29,22.03,0.0,40,88120,卖盘
13:11:32,22.02,-0.01,74,162920,卖盘
13:11:35,22.02,0.0,210,462388,买盘
13:11:38,22.0,-0.02,108,237606,卖盘
13:11:41,22.0,0.0,26,57209,卖盘
13:11:44,22.0,0.0,425,935000,卖盘
13:11:47,21.96,-0.04,612,1345483,卖盘
13:11:50,21.96,0.0,13,28548,买盘
13:11:53,21.95,-0.01,23,50486,卖盘
13:11:56,21.96,0.01,944,2072095,买盘
13:11:59,21.94,-0.02,18,39507,卖盘
13:12:02,21.93,-0.01,50,109725,卖盘
13:12:05,21.93,0.0,91,199570,卖盘
13:12:08,21.95,0.02,14,30727,买盘
13:12:11,21.92,-0.03,31,67981,卖盘
13:12:14,21.9,-0.02,143,313208,卖盘
13:12:17,21.91,0.01,10,21919,中性盘
13:12:20,21.91,0.0,40,87618,买盘
13:12:23,21.9,-0.01,33,72274,卖盘
13:12:26,21.91,0.01,14,30668,买盘
13:12:29,21.9,-0.01,58,127041,卖盘
13:12:32,21.91,0.01,18,39438,中性盘
13:12:35,21.9,-0.01,23,50381,卖盘
13:12:38,21.92,0.02,55,120555,买盘
13:12:41,21.91,-0.01,109,238719,买盘
13:12:44,21.92,0.01,104,227875,买盘
13:12:47,21.91,-0.01,121,265152,卖盘
13:12:50,21.92,0.01,102,223484,中性盘
13:12:53,21.92,0.0,27,59204,卖盘
13:12:56,21.93,0.01,71,155700,买盘
13:13:02,21.94,0.01,48,105325,买盘
13:13:05,21.93,-0.01,35,76755,卖盘
13:13:08,21.95,0.02,139,304822,买盘
13:13:11,21.95,0.0,5,10975,买盘
13:13:14,21.96,0.01,69,151519,买盘
13:13:23,22.0,0.04,21,46197,买盘
13:13:29,21.99,-0.01,20,43994,买盘
13:13:32,21.96,-0.03,125,274614,卖盘
13:13:38,21.97,0.01,35,76915,买盘
13:13:41,21.96,-0.01,50,109827,卖盘
13:13:44,21.96,0.0,20,43924,卖盘
13:13:47,21.95,-0.01,460,1009815,卖盘
13:13:50,21.96,0.01,130,285437,卖盘
13:13:53,21.96,0.0,56,122992,卖盘
13:13:56,21.98,0.02,21,46132,买盘
13:13:59,21.99,0.01,40,87940,买盘
13:14:02,21.98,-0.01,16,35145,买盘
13:14:14,21.99,0.01,11,24184,买盘
13:14:17,21.99,0.0,23,50577,买盘
13:14:20,21.99,0.0,39,85729,买盘
13:14:23,21.98,-0.01,95,208810,卖盘
13:14:26,21.97,-0.01,65,142805,卖盘
13:14:29,21.96,-0.01,95,208757,卖盘
13:14:32,21.96,0.0,185,406419,卖盘
13:14:35,21.97,0.01,53,116401,买盘
13:14:38,21.99,0.02,64,140637,买盘
13:14:41,21.97,-0.02,115,252565,中性盘
13:14:44,21.97,0.0,26,57099,买盘
13:14:47,21.96,-0.01,3,6589,卖盘
13:14:50,21.97,0.01,150,329446,买盘
13:14:53,21.97,0.0,13,28561,卖盘
13:14:56,21.97,0.0,2,4394,买盘
13:15:02,21.97,0.0,2,4394,卖盘
13:15:05,21.97,0.0,2,4394,卖盘
13:15:08,21.97,0.0,50,109851,卖盘
13:15:11,21.97,0.0,4,8788,卖盘
13:15:14,21.97,0.0,16,35152,卖盘
13:15:17,21.97,0.0,30,65910,卖盘
13:15:20,21.97,0.0,46,101062,买盘
13:15:23,21.97,0.0,38,83486,卖盘
13:15:26,21.96,-0.01,1,2196,卖盘
13:15:29,21.97,0.01,2,4393,买盘
13:15:32,21.97,0.0,66,144999,买盘
13:15:35,21.96,-0.01,212,465592,卖盘
13:15:38,21.92,-0.04,1537,3373649,卖盘
13:15:41,21.91,-0.01,44,96458,卖盘
13:15:44,21.93,0.02,130,284853,买盘
13:15:47,21.9,-0.03,15,32863,卖盘
13:15:53,21.9,0.0,20,43800,卖盘
13:15:56,21.9,0.0,9,19716,卖盘
13:16:02,21.91,0.01,56,122644,买盘
13:16:05,21.91,0.0,31,67891,买盘
13:16:08,21.91,0.0,3,6573,买盘
13:16:11,21.91,0.0,191,418438,买盘
13:16:14,21.91,0.0,88,192761,买盘
13:16:20,21.92,0.01,82,179672,买盘
13:16:23,21.91,-0.01,6,13146,卖盘
13:16:26,21.91,0.0,10,21910,卖盘
13:16:29,21.91,0.0,30,65756,卖盘
13:16:32,21.91,0.0,18,39438,卖盘
13:16:35,21.92,0.01,15,32871,买盘
13:16:38,21.91,-0.01,86,188502,卖盘
13:16:41,21.91,0.0,67,146797,卖盘
13:16:44,21.9,-0.01,531,1162921,卖盘
13:16:47,21.9,0.0,444,971639,卖盘
13:16:50,21.89,-0.01,28,61295,卖盘
13:16:53,21.9,0.01,169,370010,买盘
13:16:56,21.89,-0.01,33,72238,卖盘
13:16:59,21.89,0.0,139,304289,卖盘
13:17:02,21.89,0.0,15,32835,卖盘
13:17:05,21.89,0.0,38,83215,卖盘
13:17:08,21.89,0.0,77,168565,卖盘
13:17:11,21.9,0.01,15,32850,买盘
13:17:14,21.9,0.0,40,87600,买盘
13:17:17,21.89,-0.01,274,599770,卖盘
13:17:20,21.88,-0.01,187,409168,卖盘
13:17:23,21.87,-0.01,35,76546,卖盘
13:17:26,21.87,0.0,16,34992,卖盘
13:17:29,21.87,0.0,90,196757,买盘
13:17:32,21.88,0.01,63,137796,买盘
13:17:35,21.87,-0.01,32,69984,卖盘
13:17:38,21.87,0.0,11,24044,买盘
13:17:41,21.87,0.0,330,721019,买盘
13:17:44,21.84,-0.03,52,113601,卖盘
13:17:47,21.85,0.01,164,358314,中性盘
13:17:50,21.84,-0.01,5,10926,卖盘
13:17:53,21.84,0.0,21,45883,卖盘
13:17:56,21.85,0.01,40,87401,中性盘
13:17:59,21.85,0.0,5,10925,卖盘
13:18:02,21.86,0.01,26,56836,买盘
13:18:05,21.86,0.0,13,28416,买盘
13:18:08,21.86,0.0,3,6558,卖盘
13:18:11,21.86,0.0,178,389211,卖盘
13:18:14,21.87,0.01,13,28431,中性盘
13:18:17,21.88,0.01,24,52512,买盘
13:18:20,21.88,0.0,5,10938,买盘
13:18:23,21.88,0.0,251,548838,买盘
13:18:26,21.89,0.01,722,1579652,买盘
13:18:29,21.88,-0.01,21,45940,买盘
13:18:32,21.9,0.02,202,442143,买盘
13:18:35,21.91,0.01,6,13141,买盘
13:18:38,21.91,0.0,29,63528,买盘
13:18:41,21.91,0.0,46,100786,买盘
13:18:44,21.9,-0.01,553,1211377,卖盘
13:18:47,21.92,0.02,5,10960,买盘
13:18:50,21.93,0.01,4,8769,买盘
13:18:53,21.94,0.01,54,118330,买盘
13:18:56,21.92,-0.02,3,6576,卖盘
13:18:59,21.94,0.02,57,125043,买盘
13:19:02,21.92,-0.02,102,223782,卖盘
13:19:05,21.93,0.01,7,15346,买盘
13:19:08,21.91,-0.02,50,109555,卖盘
13:19:11,21.93,0.02,35,76728,买盘
13:19:14,21.92,-0.01,9,19716,买盘
13:19:17,21.91,-0.01,2,4382,卖盘
13:19:20,21.91,0.0,224,490823,卖盘
13:19:23,21.91,0.0,20,43831,卖盘
13:19:26,21.9,-0.01,271,593564,卖盘
13:19:29,21.9,0.0,58,127020,卖盘
13:19:32,21.91,0.01,37,81057,买盘
13:19:35,21.91,0.0,5,10951,买盘
13:19:38,21.9,-0.01,114,249662,卖盘
13:19:41,21.9,0.0,3,6572,卖盘
13:19:44,21.9,0.0,6,13140,卖盘
13:19:47,21.9,0.0,35,76679,卖盘
13:19:50,21.91,0.01,3,6573,中性盘
13:19:53,21.91,0.0,19,41639,卖盘
13:19:56,21.91,0.0,8,17528,卖盘
13:19:59,21.92,0.01,4,8766,买盘
13:20:02,21.92,0.0,106,232273,买盘
13:20:05,21.92,0.0,2,4384,卖盘
13:20:08,21.92,0.0,4,8768,卖盘
13:20:11,21.92,0.0,71,155640,卖盘
13:20:14,21.92,0.0,86,188515,卖盘
13:20:17,21.93,0.01,29,63575,买盘
13:20:20,21.92,-0.01,8,17536,卖盘
13:20:23,21.92,0.0,6,13152,卖盘
13:20:26,21.93,0.01,82,179811,买盘
13:20:29,21.93,0.0,4,8769,买盘
13:20:32,21.92,-0.01,3,6576,卖盘
13:20:35,21.93,0.01,4,8769,买盘
13:20:38,21.92,-0.01,17,37266,卖盘
13:20:41,21.93,0.01,34,74562,买盘
13:20:44,21.93,0.0,17,37281,买盘
13:20:47,21.92,-0.01,2,4384,卖盘
13:20:50,21.92,0.0,28,61401,卖盘
13:20:53,21.91,-0.01,443,970725,卖盘
13:20:56,21.91,0.0,125,273861,卖盘
13:20:59,21.91,0.0,184,403233,买盘
13:21:02,21.91,0.0,13,28483,买盘
13:21:05,21.91,0.0,19,41637,卖盘
13:21:08,21.91,0.0,47,102940,买盘
13:21:11,21.91,0.0,43,94233,卖盘
13:21:17,21.92,0.01,1,2192,买盘
13:21:20,21.92,0.0,43,94255,买盘
13:21:23,21.91,-0.01,110,241042,卖盘
13:21:26,21.91,0.0,15,32865,买盘
13:21:29,21.9,-0.01,46,100760,卖盘
13:21:32,21.91,0.01,488,1068724,买盘
13:21:35,21.9,-0.01,98,214620,卖盘
13:21:38,21.9,0.0,236,516899,卖盘
13:21:41,21.9,0.0,21,45990,卖盘
13:21:44,21.9,0.0,2,4380,卖盘
13:21:47,21.91,0.01,92,201569,买盘
13:21:50,21.9,-0.01,5,10950,卖盘
13:21:53,21.9,0.0,263,575963,卖盘
13:21:56,21.91,0.01,97,212521,买盘
13:21:59,21.9,-0.01,228,498914,买盘
13:22:02,21.9,0.0,56,122637,买盘
13:22:05,21.9,0.0,15,32850,卖盘
13:22:08,21.91,0.01,16,35041,买盘
13:22:11,21.91,0.0,114,249758,买盘
13:22:14,21.91,0.0,12,26292,卖盘
13:22:17,21.91,0.0,5,10955,卖盘
13:22:20,21.91,0.0,71,155631,卖盘
13:22:23,21.92,0.01,29,63567,买盘
13:22:26,21.92,0.0,2,4384,卖盘
13:22:32,21.93,0.01,4,8770,买盘
13:22:35,21.92,-0.01,221,484529,卖盘
13:22:38,21.92,0.0,84,184125,买盘
13:22:41,21.92,0.0,265,580879,买盘
13:22:44,21.92,0.0,2,4384,买盘
13:22:47,21.93,0.01,77,168787,买盘
13:22:53,21.93,0.0,195,427729,买盘
13:22:56,21.95,0.02,22,48290,买盘
13:22:59,21.95,0.0,21,46084,买盘
13:23:02,21.96,0.01,18,39524,买盘
13:23:05,21.96,0.0,22,48292,买盘
13:23:08,21.96,0.0,5,10980,买盘
13:23:11,21.96,0.0,16,35134,买盘
13:23:14,21.96,0.0,2,4392,卖盘
13:23:17,21.97,0.01,59,129623,买盘
13:23:20,21.97,0.0,48,105456,买盘
13:23:23,21.98,0.01,24,52738,买盘
13:23:26,21.98,0.0,49,107646,买盘
13:23:29,21.97,-0.01,46,101046,卖盘
13:23:32,21.98,0.01,98,215311,买盘
13:23:35,21.93,-0.05,148,325070,卖盘
13:23:38,21.96,0.03,12,26352,中性盘
13:23:41,21.97,0.01,83,182197,买盘
13:23:44,21.96,-0.01,3,6588,中性盘
13:23:47,21.96,0.0,69,151561,买盘
13:23:50,21.96,0.0,45,98820,卖盘
13:23:53,21.97,0.01,5,10983,买盘
13:23:56,21.97,0.0,18,39545,买盘
13:23:59,21.97,0.0,9,19773,卖盘
13:24:02,21.98,0.01,14,30771,买盘
13:24:05,21.98,0.0,32,70333,买盘
13:24:11,21.99,0.01,45,98935,买盘
13:24:14,21.99,0.0,68,149438,买盘
13:24:17,21.97,-0.02,93,204450,卖盘
13:24:20,21.99,0.02,145,318591,买盘
13:24:23,21.98,-0.01,24,52766,买盘
13:24:26,21.98,0.0,50,109900,卖盘
13:24:29,21.98,0.0,206,452801,卖盘
13:24:32,21.97,-0.01,23,50548,卖盘
13:24:35,21.98,0.01,7,15383,买盘
13:24:38,21.98,0.0,15,32970,买盘
13:24:41,21.97,-0.01,29,63713,卖盘
13:24:44,21.96,-0.01,11,24156,卖盘
13:24:47,21.96,0.0,25,54900,卖盘
13:24:50,21.97,0.01,48,105404,买盘
13:24:53,21.96,-0.01,23,50490,买盘
13:24:56,21.94,-0.02,207,454353,卖盘
13:24:59,21.94,0.0,38,83377,卖盘
13:25:02,21.93,-0.01,51,111847,卖盘
13:25:05,21.93,0.0,65,142545,卖盘
13:25:08,21.95,0.02,135,296218,买盘
13:25:11,21.95,0.0,9,19755,卖盘
13:25:14,21.96,0.01,2,4392,买盘
13:25:17,21.95,-0.01,91,199750,卖盘
13:25:20,21.95,0.0,5,10975,卖盘
13:25:23,21.95,0.0,116,254627,卖盘
13:25:26,21.95,0.0,172,377540,卖盘
13:25:29,21.95,0.0,94,206336,卖盘
13:25:32,21.95,0.0,16,35120,卖盘
13:25:35,21.95,0.0,53,116340,卖盘
13:25:38,21.95,0.0,38,83418,卖盘
13:25:41,21.95,0.0,4,8780,卖盘
13:25:44,21.96,0.01,76,166873,买盘
13:25:47,21.95,-0.01,44,96581,卖盘
13:25:50,21.95,0.0,16,35124,卖盘
13:25:53,21.94,-0.01,263,576980,卖盘
13:25:56,21.92,-0.02,334,732432,卖盘
13:25:59,21.92,0.0,40,87658,买盘
13:26:02,21.92,0.0,10,21914,买盘
13:26:05,21.91,-0.01,75,164342,卖盘
13:26:08,21.9,-0.01,102,223411,卖盘
13:26:11,21.91,0.01,31,67915,买盘
13:26:14,21.9,-0.01,13,28481,卖盘
13:26:17,21.91,0.01,61,133659,买盘
13:26:20,21.92,0.01,24,52602,买盘
13:26:23,21.91,-0.01,50,109568,卖盘
13:26:26,21.91,0.0,41,89863,卖盘
13:26:29,21.92,0.01,95,208201,买盘
13:26:32,21.92,0.0,14,30688,买盘
13:26:35,21.92,0.0,7,15344,卖盘
13:26:38,21.91,-0.01,125,273946,卖盘
13:26:41,21.91,0.0,65,142504,卖盘
13:26:44,21.92,0.01,4,8768,买盘
13:26:47,21.91,-0.01,16,35068,卖盘
13:26:50,21.93,0.02,95,208277,买盘
13:26:53,21.94,0.01,292,640645,买盘
13:26:56,21.95,0.01,17,37315,买盘
13:26:59,21.95,0.0,82,179990,买盘
13:27:02,21.95,0.0,6,13171,卖盘
13:27:05,21.97,0.02,82,180075,买盘
13:27:08,21.95,-0.02,50,109777,卖盘
13:27:11,21.98,0.03,36,79080,买盘
13:27:14,21.98,0.0,29,63742,买盘
13:27:17,21.99,0.01,1,2199,买盘
13:27:23,21.99,0.0,12,26379,买盘
13:27:26,22.0,0.01,195,428940,买盘
13:27:29,22.0,0.0,2,4401,卖盘
13:27:32,22.01,0.01,60,132020,买盘
13:27:35,22.01,0.0,32,70408,买盘
13:27:38,22.01,0.0,30,66030,买盘
13:27:41,22.02,0.01,83,182649,买盘
13:27:44,22.03,0.01,29,63852,买盘
13:27:47,22.03,0.0,10,22030,买盘
13:27:50,22.03,0.0,3,6609,中性盘
13:27:53,22.04,0.01,74,163080,买盘
13:27:56,22.04,0.0,21,46284,卖盘
13:27:59,22.05,0.01,120,264573,买盘
13:28:02,22.04,-0.01,23,50708,卖盘
13:28:05,22.05,0.01,92,202857,买盘
13:28:08,22.05,0.0,17,37483,买盘
13:28:11,22.05,0.0,39,85995,买盘
13:28:14,22.05,0.0,49,108045,买盘
13:28:17,22.06,0.01,14,30882,买盘
13:28:20,22.05,-0.01,105,231525,卖盘
13:28:23,22.05,0.0,43,94833,买盘
13:28:26,22.07,0.02,52,114734,买盘
13:28:29,22.07,0.0,57,125794,卖盘
13:28:32,22.08,0.01,77,169947,买盘
13:28:35,22.1,0.02,21,46409,买盘
13:28:38,22.1,0.0,48,106080,买盘
13:28:41,22.11,0.01,23,50856,买盘
13:28:44,22.11,0.0,49,108305,卖盘
13:28:47,22.1,-0.01,388,857905,卖盘
13:28:50,22.12,0.02,103,227899,买盘
13:28:53,22.1,-0.02,129,285078,卖盘
13:28:56,22.09,-0.01,100,220888,中性盘
13:28:59,22.1,0.01,97,214237,买盘
13:29:02,22.09,-0.01,56,123684,中性盘
13:29:05,22.1,0.01,265,585474,买盘
13:29:08,22.1,0.0,111,245279,买盘
13:29:11,22.09,-0.01,28,61872,卖盘
13:29:14,22.1,0.01,126,278434,买盘
13:29:17,22.1,0.0,39,86182,买盘
13:29:20,22.1,0.0,409,902952,买盘
13:29:23,22.1,0.0,100,221098,卖盘
13:29:26,22.12,0.02,89,196749,买盘
13:29:29,22.12,0.0,42,93019,卖盘
13:29:32,22.15,0.03,10,22150,买盘
13:29:35,22.15,0.0,15,33225,买盘
13:29:38,22.16,0.01,26,57567,买盘
13:29:41,22.16,0.0,44,97513,中性盘
13:29:44,22.16,0.0,28,62051,买盘
13:29:47,22.17,0.01,5,11085,买盘
13:29:50,22.17,0.0,42,93114,买盘
13:29:53,22.17,0.0,101,223883,买盘
13:29:56,22.18,0.01,49,108657,买盘
13:29:59,22.18,0.0,72,159672,买盘
13:30:02,22.16,-0.02,203,450129,卖盘
13:30:05,22.19,0.03,156,346129,买盘
13:30:08,22.19,0.0,98,217513,卖盘
13:30:11,22.2,0.01,129,286275,买盘
13:30:14,22.19,-0.01,254,563564,卖盘
13:30:17,22.17,-0.02,91,201857,卖盘
13:30:20,22.16,-0.01,64,141922,卖盘
13:30:23,22.16,0.0,76,168506,卖盘
13:30:26,22.18,0.02,146,323613,买盘
13:30:29,22.17,-0.01,53,117499,买盘
13:30:32,22.17,0.0,68,150769,卖盘
13:30:35,22.16,-0.01,211,467811,卖盘
13:30:38,22.15,-0.01,108,239326,卖盘
13:30:41,22.16,0.01,58,128499,买盘
13:30:44,22.17,0.01,24,53187,买盘
13:30:47,22.16,-0.01,47,104117,买盘
13:30:50,22.16,0.0,13,28808,买盘
13:30:53,22.13,-0.03,358,792498,卖盘
13:30:56,22.12,-0.01,259,573267,卖盘
13:30:59,22.12,0.0,86,190295,卖盘
13:31:02,22.14,0.02,118,261118,买盘
13:31:05,22.12,-0.02,143,316570,卖盘
13:31:08,22.14,0.02,62,137280,买盘
13:31:11,22.13,-0.01,49,108496,卖盘
13:31:14,22.15,0.02,32,70864,买盘
13:31:17,22.13,-0.02,29,64188,卖盘
13:31:20,22.14,0.01,21,46486,买盘
13:31:23,22.14,0.0,6,13284,买盘
13:31:26,22.13,-0.01,21,46485,卖盘
13:31:29,22.12,-0.01,624,1380333,卖盘
13:31:32,22.13,0.01,169,373984,买盘
13:31:35,22.14,0.01,68,150513,买盘
13:31:38,22.14,0.0,435,962649,卖盘
13:31:41,22.13,-0.01,120,265788,卖盘
13:31:44,22.18,0.05,724,1604239,买盘
13:31:47,22.18,0.0,180,399206,买盘
13:31:50,22.08,-0.1,476,1051738,卖盘
13:31:53,22.12,0.04,154,340118,买盘
13:31:56,22.05,-0.07,174,384835,卖盘
13:31:59,22.16,0.11,37,81996,买盘
13:32:02,22.05,-0.11,75,165950,卖盘
13:32:05,22.14,0.09,20,44247,买盘
13:32:08,22.13,-0.01,20,44250,买盘
13:32:11,22.12,-0.01,10,22124,中性盘
13:32:14,22.1,-0.02,8,17687,卖盘
13:32:17,22.09,-0.01,38,83969,卖盘
13:32:20,22.09,0.0,74,163373,买盘
13:32:23,22.1,0.01,66,145826,买盘
13:32:26,22.09,-0.01,30,66301,卖盘
13:32:29,22.1,0.01,11,24310,买盘
13:32:32,22.12,0.02,9,19906,买盘
13:32:35,22.1,-0.02,55,121640,卖盘
13:32:38,22.09,-0.01,24,53069,卖盘
13:32:41,22.1,0.01,6,13260,中性盘
13:32:44,22.1,0.0,9,19884,买盘
13:32:47,22.09,-0.01,26,57442,卖盘
13:32:50,22.08,-0.01,104,229459,卖盘
13:32:53,22.1,0.02,37,81759,买盘
13:32:56,22.06,-0.04,12,26484,卖盘
13:32:59,22.08,0.02,18,39745,买盘
13:33:02,22.08,0.0,34,75039,买盘
13:33:05,22.07,-0.01,41,90503,买盘
13:33:08,22.07,0.0,5,11034,卖盘
13:33:11,22.07,0.0,13,28699,卖盘
13:33:14,22.07,0.0,16,35312,买盘
13:33:20,22.06,-0.01,16,35306,卖盘
13:33:23,22.06,0.0,66,145617,卖盘
13:33:26,22.07,0.01,20,44146,中性盘
13:33:29,22.09,0.02,23,50789,买盘
13:33:32,22.07,-0.02,26,57403,卖盘
13:33:38,22.07,0.0,22,48554,卖盘
13:33:41,22.08,0.01,51,112599,买盘
13:33:44,22.08,0.0,13,28702,买盘
13:33:47,22.07,-0.01,12,26484,卖盘
13:33:50,22.07,0.0,39,86094,卖盘
13:33:53,22.07,0.0,31,68434,卖盘
13:33:56,22.08,0.01,11,24282,买盘
13:33:59,22.07,-0.01,15,33105,买盘
13:34:02,22.0,-0.07,654,1440317,卖盘
13:34:05,21.99,-0.01,297,654467,卖盘
13:34:08,22.06,0.07,60,132339,买盘
13:34:11,22.07,0.01,36,79425,买盘
13:34:14,22.08,0.01,20,44157,买盘
13:34:17,22.07,-0.01,55,121450,卖盘
13:34:20,22.07,0.0,33,72911,卖盘
13:34:23,22.08,0.01,29,64001,买盘
13:34:26,22.09,0.01,18,39760,买盘
13:34:29,22.05,-0.04,16,35355,卖盘
13:34:32,22.09,0.04,22,48589,买盘
13:34:35,22.08,-0.01,32,70636,卖盘
13:34:38,22.09,0.01,59,130146,买盘
13:34:41,22.09,0.0,55,121375,买盘
13:34:44,22.09,0.0,10,22090,买盘
13:34:47,22.05,-0.04,23,50784,卖盘
13:34:50,22.09,0.04,26,57434,买盘
13:34:53,22.09,0.0,21,46396,买盘
13:34:56,22.1,0.01,70,154693,买盘
13:34:59,22.1,0.0,60,132648,买盘
13:35:02,22.1,0.0,109,240987,卖盘
13:35:05,22.15,0.05,147,325532,买盘
13:35:08,22.14,-0.01,126,279065,中性盘
13:35:11,22.17,0.03,96,212660,买盘
13:35:14,22.16,-0.01,37,82016,买盘
13:35:17,22.18,0.02,8,17740,买盘
13:35:20,22.17,-0.01,37,82029,买盘
13:35:23,22.16,-0.01,55,121886,买盘
13:35:26,22.17,0.01,28,62093,买盘
13:35:29,22.2,0.03,116,257439,买盘
13:35:32,22.2,0.0,90,199738,买盘
13:35:35,22.17,-0.03,254,563226,卖盘
13:35:38,22.2,0.03,380,843592,买盘
13:35:41,22.2,0.0,125,277501,买盘
13:35:44,22.22,0.02,66,146555,买盘
13:35:47,22.22,0.0,18,39992,买盘
13:35:50,22.19,-0.03,23,51051,卖盘
13:35:53,22.19,0.0,23,51037,买盘
13:35:56,22.17,-0.02,43,95394,卖盘
13:35:59,22.19,0.02,64,142007,买盘
13:36:02,22.19,0.0,34,75462,卖盘
13:36:05,22.19,0.0,190,421617,卖盘
13:36:08,22.17,-0.02,88,195174,卖盘
13:36:11,22.16,-0.01,39,86458,卖盘
13:36:14,22.16,0.0,32,70922,卖盘
13:36:17,22.19,0.03,120,266131,买盘
13:36:20,22.15,-0.04,132,292489,卖盘
13:36:23,22.18,0.03,121,268261,买盘
13:36:26,22.15,-0.03,6,13290,卖盘
13:36:29,22.18,0.03,344,762091,买盘
13:36:32,22.15,-0.03,9,19935,买盘
13:36:35,22.14,-0.01,7,15500,卖盘
13:36:38,22.14,0.0,148,327672,卖盘
13:36:41,22.13,-0.01,63,139480,卖盘
13:36:44,22.1,-0.03,50,110527,卖盘
13:36:47,22.09,-0.01,6,13257,卖盘
13:36:50,22.09,0.0,10,22090,卖盘
13:36:53,22.09,0.0,3,6627,卖盘
13:36:56,22.09,0.0,14,30930,卖盘
13:36:59,22.09,0.0,4,8836,买盘
13:37:02,22.09,0.0,32,70673,买盘
13:37:05,22.08,-0.01,9,19872,卖盘
13:37:08,22.08,0.0,13,28704,卖盘
13:37:11,22.08,0.0,24,52992,买盘
13:37:17,22.06,-0.02,67,147878,卖盘
13:37:20,22.07,0.01,10,22062,买盘
13:37:23,22.07,0.0,8,17644,买盘
13:37:29,22.06,-0.01,10,22060,卖盘
13:37:32,22.03,-0.03,1026,2259044,卖盘
13:37:35,22.07,0.04,39,86029,买盘
13:37:38,22.07,0.0,53,116992,卖盘
13:37:41,22.03,-0.04,146,322211,卖盘
13:37:50,22.06,0.03,4,8821,买盘
13:37:53,22.06,0.0,2,4411,买盘
13:37:56,22.04,-0.02,3,6612,卖盘
13:37:59,22.04,0.0,5,11020,卖盘
13:38:02,22.05,0.01,7,15430,买盘
13:38:05,22.05,0.0,14,30864,买盘
13:38:08,22.03,-0.02,87,191677,卖盘
13:38:11,22.02,-0.01,33,72695,卖盘
13:38:14,22.02,0.0,13,28620,买盘
13:38:17,22.01,-0.01,16,35227,卖盘
13:38:20,22.02,0.01,11,24222,买盘
13:38:23,22.02,0.0,20,44040,买盘
13:38:32,22.01,-0.01,68,149687,卖盘
13:38:35,22.02,0.01,22,48450,卖盘
13:38:38,22.03,0.01,15,33047,中性盘
13:38:41,22.04,0.01,12,26438,买盘
13:38:44,22.03,-0.01,60,132231,卖盘
13:38:50,22.03,0.0,8,17624,卖盘
13:38:53,22.02,-0.01,31,68295,卖盘
13:38:56,22.06,0.04,101,222782,买盘
13:38:59,22.03,-0.03,2,4406,中性盘
13:39:02,22.03,0.0,1,2203,卖盘
13:39:05,22.04,0.01,21,46283,买盘
13:39:08,22.04,0.0,8,17632,卖盘
13:39:11,22.03,-0.01,28,61706,卖盘
13:39:14,22.04,0.01,14,30845,买盘
13:39:17,22.03,-0.01,5,11018,卖盘
13:39:20,22.04,0.01,11,24242,买盘
13:39:23,22.01,-0.03,56,123280,卖盘
13:39:26,22.05,0.04,30,66110,买盘
13:39:29,22.02,-0.03,1,2202,卖盘
13:39:32,22.03,0.01,39,85876,中性盘
13:39:35,22.05,0.02,52,114654,买盘
13:39:38,22.04,-0.01,22,48490,卖盘
13:39:41,22.05,0.01,34,74937,买盘
13:39:44,22.05,0.0,1,2205,买盘
13:39:47,22.05,0.0,37,81529,买盘
13:39:53,22.05,0.0,14,30869,买盘
13:39:56,22.05,0.0,44,97020,卖盘
13:39:59,22.03,-0.02,7,15421,卖盘
13:40:02,22.01,-0.02,56,123341,卖盘
13:40:05,22.01,0.0,1,2201,卖盘
13:40:08,22.02,0.01,5,11008,买盘
13:40:11,22.01,-0.01,3,6603,卖盘
13:40:17,22.01,0.0,5,11007,卖盘
13:40:20,22.01,0.0,19,41821,卖盘
13:40:23,22.01,0.0,66,145266,卖盘
13:40:26,22.01,0.0,20,44020,卖盘
13:40:29,22.02,0.01,25,55029,买盘
13:40:32,22.01,-0.01,33,72633,卖盘
13:40:35,22.01,0.0,58,127658,卖盘
13:40:38,22.01,0.0,13,28617,卖盘
13:40:41,22.01,0.0,247,543647,卖盘
13:40:44,22.02,0.01,76,167283,买盘
13:40:47,22.01,-0.01,26,57226,卖盘
13:40:50,22.01,0.0,7,15407,卖盘
13:40:53,22.01,0.0,103,226711,卖盘
13:40:56,22.01,0.0,110,242110,卖盘
13:40:59,22.01,0.0,225,495275,卖盘
13:41:02,22.0,-0.01,456,1003635,卖盘
13:41:05,22.0,0.0,53,116600,卖盘
13:41:08,22.01,0.01,11,24201,买盘
13:41:11,22.0,-0.01,145,319003,卖盘
13:41:14,21.96,-0.04,213,468343,卖盘
13:41:17,21.95,-0.01,9,19757,卖盘
13:41:20,21.95,0.0,146,320470,卖盘
13:41:23,21.95,0.0,75,164625,卖盘
13:41:26,21.95,0.0,74,162430,卖盘
13:41:29,21.94,-0.01,3,6582,卖盘
13:41:32,21.95,0.01,89,195230,买盘
13:41:38,21.94,-0.01,10,21936,买盘
13:41:41,21.93,-0.01,110,241230,卖盘
13:41:44,21.93,0.0,48,105264,卖盘
13:41:47,21.93,0.0,1,2193,卖盘
13:41:50,21.93,0.0,133,291669,卖盘
13:41:53,21.94,0.01,10,21940,买盘
13:41:56,21.94,0.0,4,8776,买盘
13:41:59,21.99,0.05,202,443448,买盘
13:42:02,21.93,-0.06,310,681640,卖盘
13:42:08,21.95,0.02,6,13164,中性盘
13:42:11,21.95,0.0,7,15365,卖盘
13:42:14,21.96,0.01,35,76848,买盘
13:42:17,21.96,0.0,4,8784,卖盘
13:42:23,21.96,0.0,5,10980,卖盘
13:42:26,21.96,0.0,5,10980,卖盘
13:42:32,21.96,0.0,7,15372,卖盘
13:42:35,21.97,0.01,26,57118,买盘
13:42:38,21.97,0.0,47,103257,买盘
13:42:41,21.97,0.0,60,131820,卖盘
13:42:44,21.97,0.0,14,30762,卖盘
13:42:47,21.98,0.01,46,101108,买盘
13:42:50,22.0,0.02,608,1337399,买盘
13:42:53,22.01,0.01,14,30814,买盘
13:42:56,22.01,0.0,6,13206,卖盘
13:42:59,22.02,0.01,21,46242,买盘
13:43:02,22.02,0.0,8,17616,卖盘
13:43:05,22.03,0.01,5,11015,买盘
13:43:08,22.05,0.02,20,44070,买盘
13:43:11,22.04,-0.01,70,154327,中性盘
13:43:14,22.02,-0.02,2,4404,卖盘
13:43:17,22.01,-0.01,13,28625,卖盘
13:43:20,22.01,0.0,14,29770,买盘
13:43:23,22.01,0.0,10,22003,买盘
13:43:26,22.0,-0.01,67,147400,卖盘
13:43:29,22.03,0.03,38,83670,买盘
13:43:35,22.02,-0.01,19,41846,中性盘
13:43:41,22.03,0.01,31,68264,买盘
13:43:44,22.02,-0.01,70,154140,卖盘
13:43:47,22.02,0.0,10,22024,卖盘
13:43:50,22.03,0.01,48,105744,买盘
13:43:53,22.03,0.0,60,132175,卖盘
13:43:56,22.03,0.0,5,11015,卖盘
13:43:59,22.05,0.02,45,99182,买盘
13:44:02,22.05,0.0,56,123480,买盘
13:44:05,22.05,0.0,3,6615,买盘
13:44:11,22.04,-0.01,119,262276,卖盘
13:44:14,22.03,-0.01,46,101373,卖盘
13:44:17,22.02,-0.01,24,52848,卖盘
13:44:20,22.02,0.0,27,59431,买盘
13:44:23,22.02,0.0,3,6606,卖盘
13:44:26,22.01,-0.01,23,50641,卖盘
13:44:29,22.01,0.0,10,22016,卖盘
13:44:32,22.02,0.01,54,118908,买盘
13:44:35,22.02,0.0,5,11010,卖盘
13:44:38,22.02,0.0,1,2202,卖盘
13:44:41,22.02,0.0,17,37420,买盘
13:44:44,22.01,-0.01,25,55025,卖盘
13:44:47,22.01,0.0,29,63838,卖盘
13:44:50,22.0,-0.01,31,68218,卖盘
13:44:53,22.0,0.0,41,90210,卖盘
13:44:56,22.0,0.0,143,314609,卖盘
13:44:59,22.0,0.0,214,470799,卖盘
13:45:02,21.99,-0.01,54,119830,卖盘
13:45:05,21.99,0.0,5,10995,卖盘
13:45:08,22.0,0.01,138,303955,买盘
13:45:11,22.0,0.0,36,79200,卖盘
13:45:14,22.0,0.0,60,131516,卖盘
13:45:17,21.98,-0.02,49,107796,中性盘
13:45:32,21.99,0.01,97,213244,买盘
13:45:35,21.98,-0.01,52,114329,卖盘
13:45:38,21.99,0.01,5,10995,卖盘
13:45:41,21.98,-0.01,1,2198,卖盘
13:45:44,21.98,0.0,77,169263,卖盘
13:45:47,21.99,0.01,68,149490,买盘
13:45:50,21.99,0.0,2,4398,卖盘
13:45:53,21.99,0.0,27,59373,卖盘
13:45:56,21.99,0.0,6,13194,卖盘
13:45:59,21.98,-0.01,90,197820,卖盘
13:46:02,21.97,-0.01,192,421824,卖盘
13:46:05,21.97,0.0,139,305281,卖盘
13:46:08,21.95,-0.02,6,13172,卖盘
13:46:11,21.95,0.0,6,13170,卖盘
13:46:14,21.94,-0.01,5,10972,卖盘
13:46:17,21.94,0.0,3,6582,卖盘
13:46:20,21.94,0.0,8,17552,卖盘
13:46:23,21.94,0.0,18,39492,卖盘
13:46:26,21.94,0.0,1,2194,卖盘
13:46:29,21.95,0.01,7,15359,买盘
13:46:32,21.94,-0.01,5,10970,卖盘
13:46:35,21.96,0.02,213,467692,买盘
13:46:41,21.96,0.0,1,2196,卖盘
13:46:50,21.97,0.01,9,19773,买盘
13:46:53,21.96,-0.01,5,10980,卖盘
13:46:56,21.96,0.0,38,83482,卖盘
13:46:59,21.96,0.0,32,70291,卖盘
13:47:02,21.96,0.0,10,21960,卖盘
13:47:05,21.97,0.01,118,259246,买盘
13:47:08,21.97,0.0,3,6591,卖盘
13:47:11,21.98,0.01,150,329699,买盘
13:47:17,21.99,0.01,100,219900,买盘
13:47:20,21.99,0.0,9,19791,买盘
13:47:23,21.99,0.0,52,114348,买盘
13:47:26,22.0,0.01,1,2200,买盘
13:47:29,22.0,0.0,22,48399,买盘
13:47:32,22.0,0.0,117,257400,买盘
