成交时间,成交价格,价格变动,成交量,成交金额,性质
09:25:01,7.15,0.08,36498,26096070,买盘
09:30:01,7.01,-0.14,1089,771339,卖盘
09:30:04,7.01,0.0,1436,1008412,卖盘
09:30:07,7.03,0.02,1874,1318745,买盘
09:30:10,7.03,0.0,1662,1171236,卖盘
09:30:13,7.03,0.0,2159,1524736,卖盘
09:30:16,7.08,0.05,959,676875,中性盘
09:30:19,7.08,0.0,2009,1420796,买盘
09:30:22,7.05,-0.03,3501,2470242,中性盘
09:30:25,7.03,-0.02,3038,2141582,卖盘
09:30:28,7.04,0.01,3903,2754219,买盘
09:30:31,7.05,0.01,2227,1573979,卖盘
09:30:34,7.07,0.02,2921,2061488,中性盘
09:30:37,7.1,0.03,5513,3902165,买盘
09:30:40,7.05,-0.05,4843,3410749,卖盘
09:30:43,7.05,0.0,3554,2515008,买盘
09:30:46,7.06,0.01,2485,1754696,买盘
09:30:49,7.05,-0.01,1755,1237161,卖盘
09:30:52,7.04,-0.01,1633,1150606,卖盘
09:30:55,7.03,-0.01,1649,1161222,卖盘
09:30:58,7.03,0.0,3998,2813167,卖盘
09:31:01,7.02,-0.01,3035,2131887,卖盘
09:31:04,7.01,-0.01,4808,3377096,卖盘
09:31:07,7.02,0.01,3489,2449711,中性盘
09:31:10,7.02,0.0,3710,2603987,买盘
09:31:13,7.01,-0.01,2672,1874709,卖盘
09:31:16,7.0,-0.01,2324,1630960,卖盘
09:31:19,7.01,0.01,2627,1840120,买盘
09:31:22,7.01,0.0,3406,2388447,卖盘
09:31:25,7.0,-0.01,1592,1116455,卖盘
09:31:28,6.97,-0.03,1474,1031451,卖盘
09:31:31,6.97,0.0,1621,1128234,卖盘
09:31:34,6.97,0.0,2008,1398160,买盘
09:31:37,6.98,0.01,3094,2157446,买盘
09:31:40,6.98,0.0,2683,1873903,卖盘
09:31:43,6.98,0.0,2638,1841141,买盘
09:31:46,7.0,0.02,3828,2673073,买盘
09:31:49,7.03,0.03,2708,1899569,买盘
09:31:52,7.05,0.02,1441,1015372,买盘
09:31:55,7.07,0.02,1257,888364,买盘
09:31:58,7.09,0.02,530,375064,买盘
09:32:01,7.13,0.04,4017,2856638,买盘
09:32:04,7.17,0.04,10986,7850419,买盘
09:32:07,7.18,0.01,2011,1442309,买盘
09:32:10,7.2,0.02,1572,1130657,买盘
09:32:13,7.2,0.0,1541,1110003,买盘
09:32:16,7.24,0.04,710,513324,买盘
09:32:19,7.25,0.01,2896,2098013,买盘
09:32:22,7.26,0.01,2256,1635414,买盘
09:32:25,7.27,0.01,3050,2214641,买盘
09:32:28,7.31,0.04,2464,1799733,买盘
09:32:31,7.39,0.08,1960,1444369,买盘
09:32:34,7.44,0.05,1762,1308876,买盘
09:32:37,7.48,0.04,2190,1632598,买盘
09:32:40,7.5,0.02,2006,1500666,买盘
09:32:43,7.54,0.04,5142,3854876,买盘
09:32:46,7.53,-0.01,3894,2931544,中性盘
09:32:49,7.53,0.0,6284,4741240,卖盘
09:32:52,7.47,-0.06,7971,5983387,卖盘
09:32:55,7.47,0.0,5524,4129221,卖盘
09:32:58,7.44,-0.03,4915,3658490,卖盘
09:33:01,7.42,-0.02,3728,2759998,卖盘
09:33:04,7.4,-0.02,5981,4428691,卖盘
09:33:07,7.37,-0.03,2112,1558373,卖盘
09:33:10,7.33,-0.04,1119,822579,卖盘
09:33:13,7.3,-0.03,2276,1668364,卖盘
09:33:16,7.29,-0.01,1842,1345454,卖盘
09:33:19,7.3,0.01,1600,1166974,买盘
09:33:22,7.28,-0.02,2123,1547584,卖盘
09:33:25,7.28,0.0,2263,1646840,买盘
09:33:28,7.29,0.01,2271,1655191,中性盘
09:33:31,7.32,0.03,1775,1297418,买盘
09:33:34,7.37,0.05,1233,905426,买盘
09:33:37,7.37,0.0,1704,1254425,买盘
09:33:40,7.39,0.02,1779,1312770,买盘
09:33:43,7.4,0.01,863,638703,买盘
09:33:46,7.42,0.02,1050,778567,买盘
09:33:49,7.42,0.0,2125,1578921,买盘
09:33:52,7.49,0.07,2570,1920384,买盘
09:33:55,7.51,0.02,3001,2249743,买盘
09:33:58,7.53,0.02,1722,1294621,买盘
09:34:01,7.57,0.04,1883,1420543,买盘
09:34:04,7.57,0.0,3233,2449532,买盘
09:34:07,7.57,0.0,3277,2482962,卖盘
09:34:10,7.57,0.0,6427,4874362,卖盘
09:34:13,7.51,-0.06,9293,7011195,卖盘
09:34:16,7.55,0.04,3970,2988226,买盘
09:34:19,7.53,-0.02,2286,1715533,卖盘
09:34:22,7.53,0.0,2800,2103542,买盘
09:34:25,7.49,-0.04,3771,2836607,中性盘
09:34:28,7.44,-0.05,3239,2419571,卖盘
09:34:31,7.44,0.0,3505,2607586,卖盘
09:34:34,7.44,0.0,3483,2598119,买盘
09:34:37,7.5,0.06,2529,1882601,买盘
09:34:40,7.53,0.03,2243,1681834,买盘
09:34:43,7.54,0.01,1274,958427,买盘
09:34:46,7.54,0.0,1193,899256,卖盘
09:34:49,7.57,0.03,2672,2017230,买盘
09:34:52,7.57,0.0,2752,2079977,买盘
09:34:55,7.57,0.0,2166,1638844,买盘
09:34:58,7.58,0.01,2897,2197595,买盘
09:35:01,7.6,0.02,2041,1550287,买盘
09:35:04,7.62,0.02,2655,2020635,买盘
09:35:07,7.62,0.0,1893,1440989,卖盘
09:35:10,7.63,0.01,5111,3902077,买盘
09:35:13,7.63,0.0,2087,1592957,卖盘
09:35:16,7.68,0.05,3879,2970074,买盘
09:35:19,7.67,-0.01,2523,1933390,卖盘
09:35:22,7.66,-0.01,3297,2527857,中性盘
09:35:25,7.68,0.02,7522,5748505,买盘
09:35:28,7.66,-0.02,3502,2684515,卖盘
09:35:31,7.66,0.0,2674,2046879,买盘
09:35:34,7.63,-0.03,2924,2240789,卖盘
09:35:37,7.63,0.0,3369,2568774,卖盘
09:35:40,7.6,-0.03,2404,1833016,卖盘
09:35:43,7.59,-0.01,2878,2189627,卖盘
09:35:46,7.56,-0.03,2612,1980263,卖盘
09:35:49,7.59,0.03,1431,1082575,买盘
09:35:52,7.55,-0.04,1530,1156068,卖盘
09:35:55,7.52,-0.03,2127,1603264,卖盘
09:35:58,7.48,-0.04,2856,2142876,卖盘
09:36:01,7.48,0.0,1254,941546,卖盘
09:36:04,7.47,-0.01,1468,1097741,卖盘
09:36:07,7.47,0.0,1066,796586,卖盘
09:36:10,7.47,0.0,2593,1934440,买盘
09:36:13,7.5,0.03,2900,2172801,买盘
09:36:16,7.54,0.04,2317,1741723,买盘
09:36:19,7.58,0.04,866,656021,买盘
09:36:22,7.6,0.02,1237,938064,买盘
09:36:25,7.6,0.0,875,664626,买盘
09:36:28,7.63,0.03,1200,912790,买盘
09:36:31,7.65,0.02,954,728433,买盘
09:36:34,7.68,0.03,1361,1041808,买盘
09:36:37,7.7,0.02,5928,4560960,买盘
09:36:40,7.74,0.04,1097,846221,买盘
09:36:43,7.74,0.0,1401,1085344,买盘
09:36:46,7.78,0.04,1002,778273,买盘
09:36:49,7.78,0.0,1868,1453822,买盘
09:36:52,7.8,0.02,3984,3104705,买盘
09:36:55,7.82,0.02,1922,1499499,买盘
09:36:58,7.83,0.01,3289,2571956,买盘
09:37:01,7.82,-0.01,2127,1665682,卖盘
09:37:04,7.81,-0.01,5423,4244283,卖盘
09:37:07,7.77,-0.04,7973,6228768,卖盘
09:37:10,7.69,-0.08,4892,3780924,卖盘
09:37:13,7.66,-0.03,1196,919093,卖盘
09:37:16,7.66,0.0,887,681443,买盘
09:37:19,7.66,0.0,1795,1375080,卖盘
09:37:22,7.66,0.0,1160,890865,买盘
09:37:25,7.7,0.04,1492,1145335,买盘
09:37:28,7.69,-0.01,1850,1422548,卖盘
09:37:31,7.7,0.01,3881,2980544,买盘
09:37:34,7.69,-0.01,2349,1808099,卖盘
09:37:37,7.7,0.01,2256,1735903,买盘
09:37:40,7.69,-0.01,2021,1554619,卖盘
09:37:43,7.67,-0.02,2755,2116943,卖盘
09:37:46,7.68,0.01,717,549949,买盘
09:37:49,7.68,0.0,625,479622,买盘
09:37:52,7.66,-0.02,850,652517,卖盘
09:37:55,7.66,0.0,1144,877491,卖盘
09:37:58,7.66,0.0,1622,1242967,卖盘
09:38:01,7.67,0.01,951,728624,买盘
09:38:04,7.68,0.01,1259,964815,买盘
09:38:07,7.69,0.01,619,476197,中性盘
09:38:10,7.7,0.01,1321,1015313,买盘
09:38:13,7.7,0.0,1020,785212,买盘
09:38:16,7.74,0.04,1156,894024,买盘
09:38:19,7.74,0.0,1294,999376,买盘
09:38:22,7.74,0.0,2680,2074275,买盘
09:38:25,7.76,0.02,777,602639,买盘
09:38:28,7.76,0.0,2103,1633196,卖盘
09:38:31,7.79,0.03,1129,878780,卖盘
09:38:34,7.79,0.0,1609,1253542,买盘
09:38:37,7.8,0.01,892,695700,买盘
09:38:40,7.8,0.0,1737,1356106,卖盘
09:38:43,7.83,0.03,1957,1528121,买盘
09:38:46,7.8,-0.03,2927,2282330,卖盘
09:38:49,7.79,-0.01,1934,1504764,中性盘
09:38:52,7.74,-0.05,1682,1306285,卖盘
09:38:55,7.7,-0.04,4655,3588365,卖盘
09:38:58,7.68,-0.02,1793,1378939,卖盘
09:39:01,7.72,0.04,1383,1063269,买盘
09:39:04,7.7,-0.02,1104,850005,卖盘
09:39:07,7.7,0.0,1674,1288993,卖盘
09:39:10,7.68,-0.02,2537,1953167,卖盘
09:39:13,7.7,0.02,1874,1443534,买盘
09:39:16,7.7,0.0,1463,1126052,卖盘
09:39:19,7.78,0.08,2032,1570035,买盘
09:39:22,7.7,-0.08,920,708428,卖盘
09:39:25,7.71,0.01,1015,782723,买盘
09:39:28,7.72,0.01,1147,883589,买盘
09:39:31,7.72,0.0,606,467534,买盘
09:39:34,7.74,0.02,721,558034,买盘
09:39:37,7.72,-0.02,919,712624,卖盘
09:39:40,7.78,0.06,417,323524,买盘
09:39:43,7.77,-0.01,1104,855263,卖盘
09:39:46,7.77,0.0,879,682635,买盘
09:39:49,7.72,-0.05,2011,1555634,卖盘
09:39:52,7.73,0.01,695,537940,买盘
09:39:55,7.74,0.01,2958,2296285,买盘
09:39:58,7.75,0.01,1917,1482461,中性盘
09:40:01,7.76,0.01,2947,2276973,买盘
09:40:04,7.8,0.04,9689,7548860,买盘
09:40:07,7.8,0.0,724,564883,卖盘
09:40:10,7.8,0.0,815,636187,买盘
09:40:13,7.83,0.03,3120,2436877,买盘
09:40:16,7.83,0.0,927,723540,买盘
09:40:19,7.84,0.01,1330,1040548,买盘
09:40:22,7.83,-0.01,2876,2251230,卖盘
09:40:25,7.8,-0.03,2998,2343702,卖盘
09:40:28,7.83,0.03,1407,1098949,买盘
09:40:31,7.83,0.0,2217,1726233,买盘
09:40:34,7.82,-0.01,1406,1099793,买盘
09:40:37,7.82,0.0,1079,844412,卖盘
09:40:40,7.82,0.0,880,687568,买盘
09:40:43,7.8,-0.02,2454,1916720,卖盘
09:40:46,7.81,0.01,874,681550,买盘
09:40:49,7.79,-0.02,1413,1101161,卖盘
09:40:52,7.8,0.01,1237,963784,买盘
09:40:55,7.79,-0.01,673,522711,卖盘
09:40:58,7.73,-0.06,758,589368,卖盘
09:41:01,7.74,0.01,851,661709,中性盘
09:41:04,7.76,0.02,528,409545,中性盘
09:41:07,7.76,0.0,479,371679,卖盘
09:41:10,7.76,0.0,571,443048,买盘
09:41:13,7.81,0.05,4134,3222710,买盘
09:41:16,7.82,0.01,5488,4275182,买盘
09:41:19,7.84,0.02,2847,2229519,买盘
09:41:22,7.82,-0.02,1548,1211913,卖盘
09:41:25,7.84,0.02,934,732359,买盘
09:41:28,7.85,0.01,7239,5692930,买盘
09:41:31,7.93,0.08,10593,8395756,买盘
09:41:34,7.98,0.05,26710,21271277,买盘
09:41:37,7.98,0.0,36027,28749434,买盘
09:41:40,7.98,0.0,1269,1012662,卖盘
09:41:43,7.98,0.0,1491,1189818,卖盘
09:41:46,7.98,0.0,2460,1963080,卖盘
09:41:49,7.98,0.0,2323,1853754,卖盘
09:41:52,7.98,0.0,1075,857850,卖盘
09:41:55,7.98,0.0,1520,1212825,卖盘
09:41:58,7.98,0.0,1410,1125180,卖盘
09:42:01,7.98,0.0,1472,1174656,卖盘
09:42:04,7.98,0.0,1137,907326,卖盘
09:42:07,7.98,0.0,1126,898548,卖盘
09:42:10,7.98,0.0,1151,918498,卖盘
09:42:13,7.98,0.0,415,331170,卖盘
09:42:16,7.98,0.0,435,347130,卖盘
09:42:19,7.98,0.0,705,562590,卖盘
09:42:22,7.98,0.0,586,467628,卖盘
09:42:25,7.98,0.0,534,426132,卖盘
09:42:28,7.98,0.0,288,229824,卖盘
09:42:31,7.98,0.0,711,567378,卖盘
09:42:34,7.98,0.0,982,783636,卖盘
09:42:37,7.98,0.0,599,478002,卖盘
09:42:40,7.98,0.0,380,303240,卖盘
09:42:43,7.98,0.0,680,542640,卖盘
09:42:46,7.98,0.0,218,173964,卖盘
09:42:49,7.98,0.0,270,215460,卖盘
09:42:52,7.98,0.0,524,418152,卖盘
09:42:55,7.98,0.0,1161,926478,卖盘
09:42:58,7.98,0.0,245,195510,卖盘
09:43:01,7.98,0.0,413,329574,卖盘
09:43:04,7.98,0.0,249,198702,卖盘
09:43:07,7.98,0.0,216,172368,卖盘
09:43:10,7.98,0.0,277,221046,卖盘
09:43:13,7.98,0.0,405,323190,卖盘
09:43:16,7.98,0.0,4134,3298932,卖盘
09:43:19,7.98,0.0,50,39900,卖盘
09:43:22,7.98,0.0,329,262542,卖盘
09:43:25,7.98,0.0,123,98154,卖盘
09:43:28,7.98,0.0,63,50274,卖盘
09:43:31,7.98,0.0,54,43092,卖盘
09:43:34,7.98,0.0,112,89376,卖盘
09:43:37,7.98,0.0,117,93366,卖盘
09:43:40,7.98,0.0,323,257754,卖盘
09:43:43,7.98,0.0,238,189924,卖盘
09:43:46,7.98,0.0,117,93366,卖盘
09:43:49,7.98,0.0,63,50274,卖盘
09:43:52,7.98,0.0,15,11970,卖盘
09:43:55,7.98,0.0,115,91770,卖盘
09:43:58,7.98,0.0,152,121296,卖盘
09:44:01,7.98,0.0,191,152418,卖盘
09:44:04,7.98,0.0,59,47082,卖盘
09:44:07,7.98,0.0,103,82194,卖盘
09:44:10,7.98,0.0,112,89376,卖盘
09:44:13,7.98,0.0,174,138852,卖盘
09:44:16,7.98,0.0,71,56658,卖盘
09:44:19,7.98,0.0,89,71022,卖盘
09:44:22,7.98,0.0,404,322392,卖盘
09:44:25,7.98,0.0,37,29526,卖盘
09:44:28,7.98,0.0,222,177156,卖盘
09:44:31,7.98,0.0,139,110922,卖盘
09:44:34,7.98,0.0,52,41496,卖盘
09:44:37,7.98,0.0,54,43092,卖盘
09:44:40,7.98,0.0,116,92568,卖盘
09:44:43,7.98,0.0,18,14364,卖盘
09:44:46,7.98,0.0,149,118902,卖盘
09:44:49,7.98,0.0,47,37506,卖盘
09:44:52,7.98,0.0,119,94962,卖盘
09:44:55,7.98,0.0,85,67830,卖盘
09:44:58,7.98,0.0,34,27132,卖盘
09:45:01,7.98,0.0,215,171570,卖盘
09:45:04,7.98,0.0,453,361494,卖盘
09:45:07,7.98,0.0,101,80598,卖盘
09:45:10,7.98,0.0,60,47880,卖盘
09:45:13,7.98,0.0,93,74214,卖盘
09:45:16,7.98,0.0,75,59850,卖盘
09:45:19,7.98,0.0,82,65436,卖盘
09:45:22,7.98,0.0,60,47880,卖盘
09:45:25,7.98,0.0,185,147630,卖盘
09:45:28,7.98,0.0,12,9576,卖盘
09:45:31,7.98,0.0,67,53466,卖盘
09:45:34,7.98,0.0,68,54264,卖盘
09:45:37,7.98,0.0,49,39102,卖盘
09:45:40,7.98,0.0,59,47082,卖盘
09:45:43,7.98,0.0,57,45486,卖盘
09:45:46,7.98,0.0,579,462042,卖盘
09:45:49,7.98,0.0,32,25536,卖盘
09:45:52,7.98,0.0,153,122094,卖盘
09:45:55,7.98,0.0,740,590520,卖盘
09:45:58,7.98,0.0,224,178752,卖盘
09:46:01,7.98,0.0,516,411768,卖盘
09:46:04,7.98,0.0,356,284088,卖盘
09:46:07,7.98,0.0,112,89376,卖盘
09:46:10,7.98,0.0,323,257754,卖盘
09:46:13,7.98,0.0,103,82194,卖盘
09:46:16,7.98,0.0,79,63042,卖盘
09:46:19,7.98,0.0,856,683088,卖盘
09:46:22,7.98,0.0,136,108528,卖盘
09:46:25,7.98,0.0,195,155610,卖盘
09:46:28,7.98,0.0,137,109326,卖盘
09:46:31,7.98,0.0,265,211470,卖盘
09:46:34,7.98,0.0,285,227430,卖盘
09:46:37,7.98,0.0,334,266532,卖盘
09:46:40,7.98,0.0,442,352716,卖盘
09:46:43,7.98,0.0,833,664734,卖盘
09:46:46,7.98,0.0,1459,1164282,卖盘
09:46:49,7.98,0.0,528,421344,卖盘
09:46:52,7.98,0.0,814,649572,卖盘
09:46:55,7.98,0.0,398,317763,卖盘
09:46:58,7.98,0.0,361,288078,卖盘
09:47:01,7.98,0.0,535,426930,卖盘
09:47:04,7.98,0.0,983,784434,卖盘
09:47:07,7.98,0.0,1253,999894,卖盘
09:47:10,7.98,0.0,2620,2090760,卖盘
09:47:13,7.98,0.0,832,663936,卖盘
09:47:16,7.98,0.0,3255,2597490,卖盘
09:47:19,7.98,0.0,1025,817950,卖盘
09:47:22,7.98,0.0,4227,3373146,卖盘
09:47:25,7.98,0.0,1818,1450764,卖盘
09:47:28,7.98,0.0,3402,2714796,卖盘
09:47:31,7.98,0.0,1580,1260840,卖盘
09:47:34,7.98,0.0,2498,1993404,卖盘
09:47:37,7.98,0.0,555,442890,卖盘
09:47:40,7.98,0.0,1255,1001490,卖盘
09:47:43,7.98,0.0,178,142044,卖盘
09:47:46,7.98,0.0,6689,5337822,卖盘
09:47:49,7.98,0.0,182,145236,卖盘
09:47:52,7.98,0.0,95,75810,卖盘
09:47:55,7.98,0.0,319,254562,卖盘
09:47:58,7.98,0.0,136,108528,卖盘
09:48:01,7.98,0.0,63,50274,卖盘
09:48:04,7.98,0.0,51,40698,卖盘
09:48:07,7.98,0.0,231,184338,卖盘
09:48:10,7.98,0.0,105,83790,卖盘
09:48:13,7.98,0.0,120,95760,卖盘
09:48:16,7.98,0.0,3,2394,卖盘
09:48:19,7.98,0.0,136,108528,卖盘
09:48:22,7.98,0.0,112,89376,卖盘
09:48:25,7.98,0.0,116,92568,卖盘
09:48:28,7.98,0.0,35,27930,卖盘
09:48:31,7.98,0.0,27,21546,卖盘
09:48:34,7.98,0.0,8,6384,卖盘
09:48:37,7.98,0.0,19,15162,卖盘
09:48:40,7.98,0.0,221,176358,卖盘
09:48:43,7.98,0.0,1,798,卖盘
09:48:46,7.98,0.0,115,91770,卖盘
09:48:49,7.98,0.0,5,3990,卖盘
09:48:52,7.98,0.0,52,41496,卖盘
09:48:55,7.98,0.0,463,369474,卖盘
09:48:58,7.98,0.0,88,70224,卖盘
09:49:01,7.98,0.0,66,52668,卖盘
09:49:04,7.98,0.0,163,130074,卖盘
09:49:07,7.98,0.0,148,118104,卖盘
09:49:10,7.98,0.0,44,35112,卖盘
09:49:13,7.98,0.0,83,66234,卖盘
09:49:19,7.98,0.0,50,39900,卖盘
09:49:25,7.98,0.0,13,10374,卖盘
09:49:28,7.98,0.0,10,7980,卖盘
09:49:31,7.98,0.0,116,92568,卖盘
09:49:34,7.98,0.0,20,15960,卖盘
09:49:37,7.98,0.0,123,98154,卖盘
09:49:40,7.98,0.0,88,70224,卖盘
09:49:43,7.98,0.0,101,80598,卖盘
09:49:46,7.98,0.0,61,48678,卖盘
09:49:49,7.98,0.0,6,4788,卖盘
09:49:52,7.98,0.0,13,10374,卖盘
09:49:55,7.98,0.0,163,130074,卖盘
09:49:58,7.98,0.0,206,164388,卖盘
09:50:01,7.98,0.0,53,42294,卖盘
09:50:04,7.98,0.0,33,26334,卖盘
09:50:07,7.98,0.0,9,7182,卖盘
09:50:10,7.98,0.0,27,21546,卖盘
09:50:13,7.98,0.0,36,28728,卖盘
09:50:16,7.98,0.0,3,2394,卖盘
09:50:19,7.98,0.0,106,84588,卖盘
09:50:22,7.98,0.0,13,10374,卖盘
09:50:25,7.98,0.0,11,8778,卖盘
09:50:28,7.98,0.0,83,66234,卖盘
09:50:31,7.98,0.0,4,3192,卖盘
09:50:34,7.98,0.0,43,34314,卖盘
09:50:37,7.98,0.0,35,27930,卖盘
09:50:40,7.98,0.0,39,31122,卖盘
09:50:43,7.98,0.0,3,2394,卖盘
09:50:46,7.98,0.0,16,12768,卖盘
09:50:49,7.98,0.0,5,3990,卖盘
09:50:52,7.98,0.0,7,5586,卖盘
09:50:55,7.98,0.0,64,51072,卖盘
09:50:58,7.98,0.0,5,3990,卖盘
09:51:01,7.98,0.0,22,17556,卖盘
09:51:04,7.98,0.0,47,37506,卖盘
09:51:07,7.98,0.0,6,4788,卖盘
09:51:10,7.98,0.0,23,18354,卖盘
09:51:13,7.98,0.0,6,4788,卖盘
09:51:16,7.98,0.0,114,90972,卖盘
09:51:19,7.98,0.0,22,17556,卖盘
09:51:22,7.98,0.0,10,7980,卖盘
09:51:25,7.98,0.0,20,15960,卖盘
09:51:28,7.98,0.0,15,11970,卖盘
09:51:31,7.98,0.0,27,21546,卖盘
09:51:34,7.98,0.0,4,3192,卖盘
09:51:37,7.98,0.0,33,26334,卖盘
09:51:40,7.98,0.0,95,75810,卖盘
09:51:43,7.98,0.0,50,39900,卖盘
09:51:46,7.98,0.0,26,20748,卖盘
09:51:49,7.98,0.0,19,15162,卖盘
09:51:52,7.98,0.0,261,208278,卖盘
09:51:55,7.98,0.0,58,46284,卖盘
09:52:01,7.98,0.0,16,12768,卖盘
09:52:04,7.98,0.0,7,5586,卖盘
09:52:07,7.98,0.0,42,33516,卖盘
09:52:10,7.98,0.0,13,10374,卖盘
09:52:13,7.98,0.0,260,207480,卖盘
09:52:16,7.98,0.0,459,366282,卖盘
09:52:19,7.98,0.0,32,25536,卖盘
09:52:22,7.98,0.0,52,41496,卖盘
09:52:25,7.98,0.0,67,53466,卖盘
09:52:28,7.98,0.0,280,223440,卖盘
09:52:31,7.98,0.0,20,15960,卖盘
09:52:34,7.98,0.0,275,219450,卖盘
09:52:37,7.98,0.0,339,270522,卖盘
09:52:40,7.98,0.0,129,102942,卖盘
09:52:43,7.98,0.0,28,22344,卖盘
09:52:46,7.98,0.0,38,30324,卖盘
09:52:49,7.98,0.0,73,58254,卖盘
09:52:52,7.98,0.0,60,47880,卖盘
09:52:55,7.98,0.0,15,11970,卖盘
09:52:58,7.98,0.0,89,71022,卖盘
09:53:01,7.98,0.0,47,37506,卖盘
09:53:04,7.98,0.0,6,4788,卖盘
09:53:07,7.98,0.0,138,110124,卖盘
09:53:10,7.98,0.0,160,127680,卖盘
09:53:13,7.98,0.0,60,47880,卖盘
09:53:16,7.98,0.0,33,26334,卖盘
09:53:19,7.98,0.0,28,22344,卖盘
09:53:22,7.98,0.0,142,113316,卖盘
09:53:25,7.98,0.0,117,93366,卖盘
09:53:28,7.98,0.0,85,67830,卖盘
09:53:31,7.98,0.0,3,2394,卖盘
09:53:34,7.98,0.0,66,52668,卖盘
09:53:37,7.98,0.0,383,305634,卖盘
09:53:40,7.98,0.0,11,8778,卖盘
09:53:43,7.98,0.0,46,36708,卖盘
09:53:46,7.98,0.0,21,16758,卖盘
09:53:49,7.98,0.0,12,9576,卖盘
09:53:52,7.98,0.0,69,55062,卖盘
09:53:55,7.98,0.0,3,2394,卖盘
09:53:58,7.98,0.0,219,174762,卖盘
09:54:01,7.98,0.0,40,31920,卖盘
09:54:04,7.98,0.0,189,150822,卖盘
09:54:07,7.98,0.0,82,65436,卖盘
09:54:10,7.98,0.0,1,798,卖盘
09:54:13,7.98,0.0,21,16758,卖盘
09:54:16,7.98,0.0,5,3990,卖盘
09:54:19,7.98,0.0,30,23940,卖盘
09:54:22,7.98,0.0,60,47880,卖盘
09:54:25,7.98,0.0,44,35112,卖盘
09:54:28,7.98,0.0,8,6384,卖盘
09:54:31,7.98,0.0,56,44688,卖盘
09:54:34,7.98,0.0,13,10374,卖盘
09:54:37,7.98,0.0,21,16758,卖盘
09:54:40,7.98,0.0,12,9576,卖盘
09:54:43,7.98,0.0,1557,1242486,卖盘
09:54:46,7.98,0.0,38,30324,卖盘
09:54:49,7.98,0.0,76,60648,卖盘
09:54:52,7.98,0.0,707,564186,卖盘
09:54:55,7.98,0.0,55,43890,卖盘
09:54:58,7.98,0.0,32,25536,卖盘
09:55:01,7.98,0.0,82,65436,卖盘
09:55:04,7.98,0.0,9,7182,卖盘
09:55:07,7.98,0.0,8,6384,卖盘
09:55:10,7.98,0.0,15,11970,卖盘
09:55:13,7.98,0.0,76,60648,卖盘
09:55:16,7.98,0.0,38,30324,卖盘
09:55:19,7.98,0.0,86,68628,卖盘
09:55:22,7.98,0.0,67,53466,卖盘
09:55:25,7.98,0.0,79,63042,卖盘
09:55:28,7.98,0.0,343,273714,卖盘
09:55:31,7.98,0.0,81,64638,卖盘
09:55:34,7.98,0.0,521,415758,卖盘
09:55:37,7.98,0.0,699,557802,卖盘
09:55:40,7.98,0.0,193,154014,卖盘
09:55:43,7.98,0.0,36,28728,卖盘
09:55:46,7.98,0.0,59,47082,卖盘
09:55:49,7.98,0.0,28,22344,卖盘
09:55:52,7.98,0.0,145,115710,卖盘
09:55:55,7.98,0.0,51,40698,卖盘
09:55:58,7.98,0.0,359,286482,卖盘
09:56:01,7.98,0.0,145,115710,卖盘
09:56:04,7.98,0.0,398,317604,卖盘
09:56:07,7.98,0.0,243,193914,卖盘
09:56:10,7.98,0.0,239,190722,卖盘
09:56:13,7.98,0.0,798,636804,卖盘
09:56:16,7.98,0.0,2214,1766772,卖盘
09:56:19,7.98,0.0,13732,10958136,卖盘
09:56:22,7.98,0.0,12011,9584778,卖盘
09:56:25,7.98,0.0,14032,11197536,卖盘
09:56:28,7.94,-0.04,6502,5186928,卖盘
09:56:31,7.96,0.02,2189,1735218,中性盘
09:56:34,7.91,-0.05,575,456831,卖盘
09:56:37,7.91,0.0,1298,1029323,卖盘
09:56:40,7.91,0.0,818,648498,卖盘
09:56:43,7.96,0.05,2679,2127232,买盘
09:56:46,7.98,0.02,9410,7505213,买盘
09:56:49,7.98,0.0,3487,2782184,买盘
09:56:52,7.98,0.0,785,626430,卖盘
09:56:55,7.98,0.0,589,470022,卖盘
09:56:58,7.98,0.0,748,596904,卖盘
09:57:01,7.98,0.0,572,456456,卖盘
09:57:04,7.98,0.0,300,239400,卖盘
09:57:07,7.98,0.0,324,258552,卖盘
09:57:10,7.98,0.0,3554,2836092,卖盘
09:57:13,7.98,0.0,4282,3417036,卖盘
09:57:16,7.98,0.0,3421,2729958,卖盘
09:57:19,7.98,0.0,827,659486,卖盘
09:57:22,7.96,-0.02,835,661897,卖盘
09:57:25,7.96,0.0,324,257809,买盘
09:57:28,7.96,0.0,866,689081,买盘
09:57:31,7.96,0.0,1800,1434885,卖盘
09:57:34,7.98,0.02,2204,1757630,买盘
09:57:37,7.98,0.0,1381,1101656,买盘
09:57:40,7.98,0.0,2451,1955059,买盘
09:57:43,7.98,0.0,1373,1095332,买盘
09:57:46,7.98,0.0,1056,842688,卖盘
09:57:49,7.98,0.0,2300,1835400,卖盘
09:57:52,7.98,0.0,599,478002,卖盘
09:57:55,7.98,0.0,569,454062,卖盘
09:57:58,7.98,0.0,602,480396,卖盘
09:58:01,7.98,0.0,1449,1156302,卖盘
09:58:04,7.98,0.0,3845,3068310,卖盘
09:58:07,7.97,-0.01,1688,1346738,卖盘
09:58:10,7.96,-0.01,1769,1409730,卖盘
09:58:13,7.96,0.0,624,496721,卖盘
09:58:16,7.97,0.01,413,329172,买盘
09:58:19,7.97,0.0,771,614617,卖盘
09:58:22,7.98,0.01,635,506526,买盘
09:58:25,7.98,0.0,2356,1878018,买盘
09:58:28,7.98,0.0,3477,2774344,买盘
09:58:31,7.98,0.0,3303,2635597,买盘
09:58:34,7.98,0.0,785,626430,卖盘
09:58:37,7.98,0.0,819,653562,卖盘
09:58:40,7.98,0.0,803,640794,卖盘
09:58:43,7.98,0.0,475,379050,卖盘
09:58:46,7.98,0.0,204,162792,卖盘
09:58:49,7.98,0.0,22,17556,卖盘
09:58:52,7.98,0.0,184,146832,卖盘
09:58:55,7.98,0.0,34,27132,卖盘
09:59:01,7.98,0.0,12,9576,卖盘
09:59:04,7.98,0.0,1046,834708,卖盘
09:59:07,7.98,0.0,72,57456,卖盘
09:59:10,7.98,0.0,75,59850,卖盘
09:59:13,7.98,0.0,34,27132,卖盘
09:59:16,7.98,0.0,21,16758,卖盘
09:59:19,7.98,0.0,43,34314,卖盘
09:59:22,7.98,0.0,27,21546,卖盘
09:59:25,7.98,0.0,61,48678,卖盘
09:59:28,7.98,0.0,63,50274,卖盘
09:59:31,7.98,0.0,2,1596,卖盘
09:59:34,7.98,0.0,44,35112,卖盘
09:59:37,7.98,0.0,103,82194,卖盘
09:59:40,7.98,0.0,3,2394,卖盘
09:59:43,7.98,0.0,30,23940,卖盘
09:59:46,7.98,0.0,110,87780,卖盘
09:59:49,7.98,0.0,47,37506,卖盘
09:59:52,7.98,0.0,38,30324,卖盘
09:59:55,7.98,0.0,116,92568,卖盘
09:59:58,7.98,0.0,102,81396,卖盘
10:00:01,7.98,0.0,29,23142,卖盘
10:00:07,7.98,0.0,27,21546,卖盘
10:00:10,7.98,0.0,314,250572,卖盘
10:00:13,7.98,0.0,8,6384,卖盘
10:00:16,7.98,0.0,22,17556,卖盘
10:00:19,7.98,0.0,18,14364,卖盘
10:00:22,7.98,0.0,2,1596,卖盘
10:00:25,7.98,0.0,1005,801990,卖盘
10:00:28,7.98,0.0,344,274512,卖盘
10:00:31,7.98,0.0,35,27930,卖盘
10:00:34,7.98,0.0,59,47082,卖盘
10:00:37,7.98,0.0,1080,861840,卖盘
10:00:40,7.98,0.0,216,172009,卖盘
10:00:43,7.98,0.0,37,29526,卖盘
10:00:46,7.98,0.0,3,2394,卖盘
10:00:49,7.98,0.0,9,7182,卖盘
10:00:52,7.98,0.0,86,68628,卖盘
10:00:55,7.98,0.0,52,41496,卖盘
10:00:58,7.98,0.0,30,23940,卖盘
10:01:04,7.98,0.0,10,7980,卖盘
10:01:07,7.98,0.0,90,71820,卖盘
10:01:10,7.98,0.0,19,15162,卖盘
10:01:13,7.98,0.0,1,798,卖盘
10:01:16,7.98,0.0,33,26334,卖盘
10:01:19,7.98,0.0,30,23940,卖盘
10:01:22,7.98,0.0,21,16758,卖盘
10:01:25,7.98,0.0,11,8778,卖盘
10:01:28,7.98,0.0,8,6384,卖盘
10:01:31,7.98,0.0,29,23142,卖盘
10:01:37,7.98,0.0,233,185934,卖盘
10:01:43,7.98,0.0,5003,3992394,卖盘
10:01:46,7.98,0.0,1,798,卖盘
10:01:49,7.98,0.0,1,798,卖盘
10:01:52,7.98,0.0,215,171570,卖盘
10:01:55,7.98,0.0,21,16758,卖盘
10:01:58,7.98,0.0,30,23940,卖盘
10:02:01,7.98,0.0,32,25536,卖盘
10:02:04,7.98,0.0,22,17556,卖盘
10:02:07,7.98,0.0,2,1596,卖盘
10:02:10,7.98,0.0,122,97356,卖盘
10:02:13,7.98,0.0,28,22344,卖盘
10:02:16,7.98,0.0,40,31920,卖盘
10:02:19,7.98,0.0,34,27132,卖盘
10:02:22,7.98,0.0,35,27930,卖盘
10:02:25,7.98,0.0,73,58254,卖盘
10:02:29,7.98,0.0,1,798,卖盘
10:02:31,7.98,0.0,70,55860,卖盘
10:02:34,7.98,0.0,65,51870,卖盘
10:02:37,7.98,0.0,48,38304,卖盘
10:02:40,7.98,0.0,133,106134,卖盘
10:02:43,7.98,0.0,95,75810,卖盘
10:02:46,7.98,0.0,280,223440,卖盘
10:02:49,7.98,0.0,114,90972,卖盘
10:02:52,7.98,0.0,569,454062,卖盘
10:02:55,7.98,0.0,971,774858,卖盘
10:02:58,7.98,0.0,50,39900,卖盘
10:03:01,7.98,0.0,149,118902,卖盘
10:03:04,7.98,0.0,660,526680,卖盘
10:03:07,7.98,0.0,81,64638,卖盘
10:03:10,7.98,0.0,41,32718,卖盘
10:03:13,7.98,0.0,43,34314,卖盘
10:03:16,7.98,0.0,258,205884,卖盘
10:03:19,7.98,0.0,120,95760,卖盘
10:03:22,7.98,0.0,193,154014,卖盘
10:03:25,7.98,0.0,377,300846,卖盘
10:03:28,7.98,0.0,31,24738,卖盘
10:03:31,7.98,0.0,14,11172,卖盘
10:03:34,7.98,0.0,1315,1049370,卖盘
10:03:37,7.98,0.0,122,97356,卖盘
10:03:40,7.98,0.0,63,50274,卖盘
10:03:43,7.98,0.0,47,37506,卖盘
10:03:46,7.98,0.0,31,24738,卖盘
10:03:49,7.98,0.0,34,27132,卖盘
10:03:52,7.98,0.0,49,39102,卖盘
10:03:55,7.98,0.0,69,55062,卖盘
10:03:58,7.98,0.0,100,79800,卖盘
10:04:01,7.98,0.0,102,81396,卖盘
10:04:04,7.98,0.0,150,119700,卖盘
10:04:07,7.98,0.0,21,16758,卖盘
10:04:10,7.98,0.0,89,71022,卖盘
10:04:13,7.98,0.0,5,3990,卖盘
10:04:16,7.98,0.0,469,374262,卖盘
10:04:19,7.98,0.0,86,68628,卖盘
10:04:23,7.98,0.0,44,35112,卖盘
10:04:25,7.98,0.0,144,114912,卖盘
10:04:28,7.98,0.0,38,30324,卖盘
10:04:31,7.98,0.0,21,16758,卖盘
10:04:34,7.98,0.0,90,71820,卖盘
10:04:37,7.98,0.0,5,3990,卖盘
10:04:40,7.98,0.0,81,64638,卖盘
10:04:43,7.98,0.0,199,158802,卖盘
10:04:46,7.98,0.0,14,11172,卖盘
10:04:49,7.98,0.0,350,279300,卖盘
10:04:52,7.98,0.0,84,67032,卖盘
10:04:55,7.98,0.0,4,3192,卖盘
10:04:58,7.98,0.0,10,7980,卖盘
10:05:01,7.98,0.0,3,2394,卖盘
10:05:04,7.98,0.0,39,31122,卖盘
10:05:07,7.98,0.0,13,10374,卖盘
10:05:13,7.98,0.0,59,47082,卖盘
10:05:16,7.98,0.0,60,47880,卖盘
10:05:19,7.98,0.0,35,27930,卖盘
10:05:22,7.98,0.0,16,12768,卖盘
10:05:25,7.98,0.0,20,15960,卖盘
10:05:31,7.98,0.0,12,9576,卖盘
10:05:34,7.98,0.0,11,8778,卖盘
10:05:37,7.98,0.0,86,68628,卖盘
10:05:40,7.98,0.0,87,69426,卖盘
10:05:46,7.98,0.0,4,3192,卖盘
10:05:49,7.98,0.0,38,30324,卖盘
10:05:52,7.98,0.0,64,51072,卖盘
10:05:55,7.98,0.0,82,65436,卖盘
10:06:01,7.98,0.0,39,31122,卖盘
10:06:04,7.98,0.0,1,798,卖盘
10:06:07,7.98,0.0,50,39900,卖盘
10:06:10,7.98,0.0,21,16758,卖盘
10:06:13,7.98,0.0,141,112518,卖盘
10:06:16,7.98,0.0,75,59850,卖盘
10:06:19,7.98,0.0,24,19152,卖盘
10:06:22,7.98,0.0,4,3192,卖盘
10:06:25,7.98,0.0,3,2394,卖盘
10:06:34,7.98,0.0,29,23142,卖盘
10:06:37,7.98,0.0,5,3990,卖盘
10:06:43,7.98,0.0,7,5586,卖盘
10:06:46,7.98,0.0,10,7980,卖盘
10:06:49,7.98,0.0,36,28728,卖盘
10:06:52,7.98,0.0,90,71820,卖盘
10:06:55,7.98,0.0,64,51072,卖盘
10:06:58,7.98,0.0,2,1596,卖盘
10:07:01,7.98,0.0,34,27132,卖盘
10:07:04,7.98,0.0,1,798,卖盘
10:07:07,7.98,0.0,29,23142,卖盘
10:07:11,7.98,0.0,15,11970,卖盘
10:07:13,7.98,0.0,10,7980,卖盘
10:07:16,7.98,0.0,24,19152,卖盘
10:07:19,7.98,0.0,3,2394,卖盘
10:07:25,7.98,0.0,22,17556,卖盘
10:07:28,7.98,0.0,17,13566,卖盘
10:07:34,7.98,0.0,9,7182,卖盘
10:07:37,7.98,0.0,138,110124,卖盘
10:07:40,7.98,0.0,31,24738,卖盘
10:07:43,7.98,0.0,13,10374,卖盘
10:07:46,7.98,0.0,2,1596,卖盘
10:07:49,7.98,0.0,1,798,卖盘
10:07:52,7.98,0.0,5,3990,卖盘
10:07:58,7.98,0.0,27,21546,卖盘
10:08:01,7.98,0.0,9,7182,卖盘
10:08:04,7.98,0.0,50,39900,卖盘
10:08:10,7.98,0.0,12,9576,卖盘
10:08:13,7.98,0.0,12,9576,卖盘
10:08:16,7.98,0.0,20,15960,卖盘
10:08:19,7.98,0.0,40,31920,卖盘
10:08:22,7.98,0.0,5,3990,卖盘
10:08:28,7.98,0.0,30,23940,卖盘
10:08:31,7.98,0.0,6,4788,卖盘
10:08:34,7.98,0.0,2,1596,卖盘
10:08:37,7.98,0.0,20,15960,卖盘
10:08:40,7.98,0.0,13,10374,卖盘
10:08:43,7.98,0.0,35,27930,卖盘
10:08:46,7.98,0.0,27,21546,卖盘
10:08:49,7.98,0.0,20,15960,卖盘
10:08:52,7.98,0.0,21,16758,卖盘
10:08:55,7.98,0.0,61,48678,卖盘
10:08:58,7.98,0.0,54,43092,卖盘
10:09:01,7.98,0.0,11,8778,卖盘
10:09:07,7.98,0.0,4,3192,卖盘
10:09:10,7.98,0.0,11,8778,卖盘
10:09:13,7.98,0.0,20,15960,卖盘
10:09:16,7.98,0.0,3,2394,卖盘
10:09:19,7.98,0.0,6,4788,卖盘
10:09:22,7.98,0.0,3,2394,卖盘
10:09:25,7.98,0.0,62,49476,卖盘
10:09:28,7.98,0.0,57,45486,卖盘
10:09:31,7.98,0.0,1,798,卖盘
10:09:34,7.98,0.0,30,23940,卖盘
10:09:37,7.98,0.0,4,3192,卖盘
10:09:43,7.98,0.0,14,11172,卖盘
10:09:46,7.98,0.0,100,79800,卖盘
10:09:49,7.98,0.0,22,17556,卖盘
10:09:52,7.98,0.0,20,15960,卖盘
10:09:55,7.98,0.0,11,8778,卖盘
10:09:58,7.98,0.0,14,11172,卖盘
10:10:01,7.98,0.0,50,39900,卖盘
10:10:04,7.98,0.0,48,38304,卖盘
10:10:07,7.98,0.0,10,7980,卖盘
10:10:13,7.98,0.0,86,68628,卖盘
10:10:16,7.98,0.0,14,11172,卖盘
10:10:19,7.98,0.0,74,59052,卖盘
10:10:25,7.98,0.0,31,24738,卖盘
10:10:28,7.98,0.0,21,16758,卖盘
10:10:31,7.98,0.0,11,8778,卖盘
10:10:34,7.98,0.0,42,33516,卖盘
10:10:37,7.98,0.0,38,30324,卖盘
10:10:40,7.98,0.0,17,13566,卖盘
10:10:43,7.98,0.0,102,81396,卖盘
10:10:46,7.98,0.0,15,11970,卖盘
10:10:52,7.98,0.0,30,23940,卖盘
10:10:55,7.98,0.0,11,8778,卖盘
10:11:02,7.98,0.0,10,7980,卖盘
10:11:05,7.98,0.0,12,9576,卖盘
10:11:07,7.98,0.0,37,29526,卖盘
10:11:10,7.98,0.0,1,798,卖盘
10:11:19,7.98,0.0,29,23142,卖盘
10:11:28,7.98,0.0,11,8778,卖盘
10:11:31,7.98,0.0,146,116508,卖盘
10:11:34,7.98,0.0,40,31920,卖盘
10:11:46,7.98,0.0,107,85386,卖盘
10:11:52,7.98,0.0,42,33516,卖盘
10:11:55,7.98,0.0,52,41496,卖盘
10:11:58,7.98,0.0,24,19152,卖盘
10:12:01,7.98,0.0,45,35910,卖盘
10:12:04,7.98,0.0,8,6384,卖盘
10:12:10,7.98,0.0,1,798,卖盘
10:12:16,7.98,0.0,2,1596,卖盘
10:12:19,7.98,0.0,150,119700,卖盘
10:12:22,7.98,0.0,3,2394,卖盘
10:12:31,7.98,0.0,11,8778,卖盘
10:12:34,7.98,0.0,9,7182,卖盘
10:12:40,7.98,0.0,8,6384,卖盘
10:12:43,7.98,0.0,18,14364,卖盘
10:12:52,7.98,0.0,2,1596,卖盘
10:12:55,7.98,0.0,41,32718,卖盘
10:12:58,7.98,0.0,100,79800,卖盘
10:13:07,7.98,0.0,1,798,卖盘
10:13:16,7.98,0.0,26,20748,卖盘
10:13:22,7.98,0.0,2,1596,卖盘
10:13:25,7.98,0.0,8,6384,卖盘
10:13:31,7.98,0.0,38,30324,卖盘
10:13:34,7.98,0.0,2,1596,卖盘
10:13:37,7.98,0.0,42,33516,卖盘
10:13:43,7.98,0.0,4,3192,卖盘
10:13:47,7.98,0.0,16,12768,卖盘
10:13:49,7.98,0.0,9,7182,卖盘
10:13:52,7.98,0.0,1,798,卖盘
10:13:55,7.98,0.0,6,4788,卖盘
10:13:58,7.98,0.0,7,5586,卖盘
10:14:01,7.98,0.0,5,3990,卖盘
10:14:07,7.98,0.0,7,5586,卖盘
10:14:10,7.98,0.0,15,11970,卖盘
10:14:16,7.98,0.0,13,10374,卖盘
10:14:19,7.98,0.0,5,3990,卖盘
10:14:22,7.98,0.0,3,2394,卖盘
10:14:28,7.98,0.0,3,2394,卖盘
10:14:31,7.98,0.0,49,39102,卖盘
10:14:34,7.98,0.0,60,47880,卖盘
10:14:43,7.98,0.0,8,6384,卖盘
10:14:46,7.98,0.0,7,5586,卖盘
10:14:49,7.98,0.0,10,7980,卖盘
10:14:55,7.98,0.0,3,2394,卖盘
10:14:58,7.98,0.0,528,421344,卖盘
10:15:04,7.98,0.0,162,129276,卖盘
10:15:07,7.98,0.0,17,13566,卖盘
10:15:10,7.98,0.0,1,798,卖盘
10:15:16,7.98,0.0,13,10374,卖盘
10:15:19,7.98,0.0,2,1596,卖盘
10:15:22,7.98,0.0,20,15960,卖盘
10:15:31,7.98,0.0,8,6384,卖盘
10:15:34,7.98,0.0,21,16758,卖盘
10:15:37,7.98,0.0,101,80598,卖盘
10:15:40,7.98,0.0,23,18354,卖盘
10:15:43,7.98,0.0,66,52668,卖盘
10:15:55,7.98,0.0,2,1596,卖盘
10:15:58,7.98,0.0,20,15960,卖盘
10:16:04,7.98,0.0,12,9576,卖盘
10:16:07,7.98,0.0,12,9576,卖盘
10:16:16,7.98,0.0,5,3990,卖盘
10:16:19,7.98,0.0,14,11172,卖盘
10:16:28,7.98,0.0,24,19152,卖盘
10:16:31,7.98,0.0,30,23940,卖盘
10:16:34,7.98,0.0,8,6384,卖盘
10:16:43,7.98,0.0,41,32718,卖盘
10:16:46,7.98,0.0,16,12768,卖盘
10:16:49,7.98,0.0,7,5586,卖盘
10:16:52,7.98,0.0,15,11970,卖盘
10:16:55,7.98,0.0,5,3990,卖盘
10:16:58,7.98,0.0,2,1596,卖盘
10:17:01,7.98,0.0,20,15960,卖盘
10:17:10,7.98,0.0,41,32718,卖盘
10:17:13,7.98,0.0,21,16758,卖盘
10:17:16,7.98,0.0,62,49476,卖盘
10:17:19,7.98,0.0,129,102942,卖盘
10:17:28,7.98,0.0,4,3192,卖盘
10:17:31,7.98,0.0,15,11970,卖盘
10:17:34,7.98,0.0,6,4788,卖盘
10:17:37,7.98,0.0,1,798,卖盘
10:17:40,7.98,0.0,14,11172,卖盘
10:17:43,7.98,0.0,8,6384,卖盘
10:17:52,7.98,0.0,1,798,卖盘
10:17:55,7.98,0.0,319,254562,卖盘
10:18:01,7.98,0.0,20,15960,卖盘
10:18:10,7.98,0.0,61,48678,卖盘
10:18:19,7.98,0.0,40,31920,卖盘
10:18:22,7.98,0.0,13,10374,卖盘
10:18:25,7.98,0.0,3,2394,卖盘
10:18:28,7.98,0.0,1,798,卖盘
10:18:34,7.98,0.0,7,5586,卖盘
10:18:37,7.98,0.0,1,798,卖盘
10:18:40,7.98,0.0,46,36708,卖盘
10:18:43,7.98,0.0,25,19950,卖盘
10:18:49,7.98,0.0,20,15960,卖盘
10:18:52,7.98,0.0,309,246582,卖盘
10:19:01,7.98,0.0,9,7182,卖盘
10:19:04,7.98,0.0,45,35910,卖盘
10:19:10,7.98,0.0,11,8778,卖盘
10:19:22,7.98,0.0,25,19950,卖盘
10:19:25,7.98,0.0,26,20748,卖盘
10:19:28,7.98,0.0,23,18354,卖盘
10:19:31,7.98,0.0,13,10374,卖盘
10:19:34,7.98,0.0,13,10374,卖盘
10:19:37,7.98,0.0,25,19950,卖盘
10:19:40,7.98,0.0,9,7182,卖盘
10:19:46,7.98,0.0,28,22344,卖盘
10:19:55,7.98,0.0,10,7980,卖盘
10:19:58,7.98,0.0,15,11970,卖盘
10:20:01,7.98,0.0,5,3990,卖盘
10:20:04,7.98,0.0,30,23940,卖盘
10:20:07,7.98,0.0,459,366282,卖盘
10:20:10,7.98,0.0,13,10374,卖盘
10:20:13,7.98,0.0,9,7182,卖盘
10:20:22,7.98,0.0,17,13566,卖盘
10:20:25,7.98,0.0,1,798,卖盘
10:20:28,7.98,0.0,27,21546,卖盘
10:20:31,7.98,0.0,27,21546,卖盘
10:20:40,7.98,0.0,6,4788,卖盘
10:20:43,7.98,0.0,28,22344,卖盘
10:20:46,7.98,0.0,2,1596,卖盘
10:20:52,7.98,0.0,391,312018,卖盘
10:20:55,7.98,0.0,54,43092,卖盘
10:20:58,7.98,0.0,20,15960,卖盘
10:21:01,7.98,0.0,44,35112,卖盘
10:21:04,7.98,0.0,1,798,卖盘
10:21:07,7.98,0.0,16,12768,卖盘
10:21:10,7.98,0.0,3,2394,卖盘
10:21:13,7.98,0.0,98,78204,卖盘
10:21:16,7.98,0.0,675,538650,卖盘
10:21:19,7.98,0.0,3,2394,卖盘
10:21:25,7.98,0.0,837,667926,卖盘
10:21:28,7.98,0.0,52,41496,卖盘
10:21:31,7.98,0.0,9,7182,卖盘
10:21:34,7.98,0.0,21,16758,卖盘
10:21:37,7.98,0.0,5,3990,卖盘
10:21:40,7.98,0.0,4,3192,卖盘
10:21:43,7.98,0.0,8,6384,卖盘
10:21:46,7.98,0.0,61,48678,卖盘
10:21:49,7.98,0.0,688,549024,卖盘
10:21:52,7.98,0.0,29,23142,卖盘
10:21:55,7.98,0.0,33,26334,卖盘
10:21:58,7.98,0.0,21,16758,卖盘
10:22:01,7.98,0.0,1,798,卖盘
10:22:04,7.98,0.0,40,31920,卖盘
10:22:07,7.98,0.0,95,75810,卖盘
10:22:10,7.98,0.0,4,3192,卖盘
10:22:16,7.98,0.0,35,27930,卖盘
10:22:19,7.98,0.0,25,19950,卖盘
10:22:22,7.98,0.0,12,9576,卖盘
10:22:25,7.98,0.0,76,60648,卖盘
10:22:28,7.98,0.0,433,345534,卖盘
10:22:31,7.98,0.0,13,10374,卖盘
10:22:37,7.98,0.0,9,7182,卖盘
10:22:40,7.98,0.0,130,103740,卖盘
10:22:43,7.98,0.0,623,497154,卖盘
10:22:46,7.98,0.0,110,87780,卖盘
10:22:49,7.98,0.0,484,386232,卖盘
10:22:52,7.98,0.0,10,7980,卖盘
10:22:55,7.98,0.0,5,3990,卖盘
10:22:58,7.98,0.0,186,148428,卖盘
10:23:01,7.98,0.0,140,111720,卖盘
10:23:04,7.98,0.0,82,65436,卖盘
10:23:07,7.98,0.0,341,272118,卖盘
10:23:10,7.98,0.0,92,73416,卖盘
10:23:13,7.98,0.0,286,228228,卖盘
10:23:16,7.98,0.0,16,12768,卖盘
10:23:19,7.98,0.0,33,26334,卖盘
10:23:22,7.98,0.0,58,46284,卖盘
10:23:25,7.98,0.0,40,31920,卖盘
10:23:28,7.98,0.0,18,14364,卖盘
10:23:31,7.98,0.0,11,8778,卖盘
10:23:34,7.98,0.0,65,51870,卖盘
10:23:37,7.98,0.0,69,55062,卖盘
10:23:40,7.98,0.0,33,26334,卖盘
10:23:43,7.98,0.0,85,67830,卖盘
10:23:46,7.98,0.0,86,68628,卖盘
10:23:49,7.98,0.0,100,79800,卖盘
10:23:52,7.98,0.0,30,23940,卖盘
10:23:55,7.98,0.0,54,43092,卖盘
10:23:58,7.98,0.0,45,35910,卖盘
10:24:01,7.98,0.0,1,798,卖盘
10:24:04,7.98,0.0,33,26334,卖盘
10:24:07,7.98,0.0,13,10374,卖盘
10:24:10,7.98,0.0,184,146832,卖盘
10:24:13,7.98,0.0,25,19950,卖盘
10:24:16,7.98,0.0,6,4788,卖盘
10:24:19,7.98,0.0,122,97356,卖盘
10:24:22,7.98,0.0,65,51870,卖盘
10:24:25,7.98,0.0,22,17556,卖盘
10:24:28,7.98,0.0,119,94962,卖盘
10:24:31,7.98,0.0,32,25536,卖盘
10:24:34,7.98,0.0,524,418152,卖盘
10:24:37,7.98,0.0,14,11172,卖盘
10:24:40,7.98,0.0,226,180348,卖盘
10:24:43,7.98,0.0,113,90174,卖盘
10:24:46,7.98,0.0,184,146832,卖盘
10:24:49,7.98,0.0,214,170772,卖盘
10:24:52,7.98,0.0,63,50274,卖盘
10:24:55,7.98,0.0,67,53466,卖盘
10:24:58,7.98,0.0,97,77406,卖盘
10:25:01,7.98,0.0,15,11970,卖盘
10:25:04,7.98,0.0,7,5586,卖盘
10:25:07,7.98,0.0,219,174762,卖盘
10:25:10,7.98,0.0,29,23142,卖盘
10:25:13,7.98,0.0,425,339150,卖盘
10:25:16,7.98,0.0,172,137256,卖盘
10:25:19,7.98,0.0,71,56658,卖盘
10:25:22,7.98,0.0,67,53466,卖盘
10:25:25,7.98,0.0,74,59052,卖盘
10:25:28,7.98,0.0,91,72618,卖盘
10:25:31,7.98,0.0,123,98154,卖盘
10:25:34,7.98,0.0,54,43092,卖盘
10:25:37,7.98,0.0,109,86982,卖盘
10:25:40,7.98,0.0,874,697452,卖盘
10:25:43,7.98,0.0,347,276906,卖盘
10:25:46,7.98,0.0,2828,2256744,卖盘
10:25:49,7.98,0.0,825,658199,卖盘
10:25:52,7.98,0.0,4207,3357186,卖盘
10:25:55,7.98,0.0,2506,1999788,卖盘
10:25:58,7.98,0.0,1891,1509018,卖盘
10:26:01,7.98,0.0,2290,1827420,卖盘
10:26:04,7.98,0.0,1522,1214556,卖盘
10:26:07,7.98,0.0,1435,1145130,卖盘
10:26:10,7.98,0.0,1892,1509816,卖盘
10:26:13,7.98,0.0,5115,4081770,卖盘
10:26:16,7.98,0.0,2681,2139438,卖盘
10:26:19,7.98,0.0,2801,2235198,卖盘
10:26:22,7.98,0.0,5393,4303614,卖盘
10:26:25,7.97,-0.01,938,748073,卖盘
10:26:28,7.97,0.0,558,444924,卖盘
10:26:31,7.98,0.01,174,138625,买盘
10:26:34,7.98,0.0,1926,1536358,买盘
10:26:37,7.98,0.0,1212,966643,买盘
10:26:40,7.98,0.0,2231,1780217,买盘
10:26:43,7.98,0.0,2184,1742634,买盘
10:26:46,7.98,0.0,456,363888,卖盘
10:26:49,7.98,0.0,3574,2852052,卖盘
10:26:52,7.98,0.0,835,666330,卖盘
10:26:55,7.98,0.0,283,225834,卖盘
10:26:58,7.98,0.0,423,337554,卖盘
10:27:01,7.98,0.0,502,400596,卖盘
10:27:04,7.98,0.0,1556,1241688,卖盘
10:27:07,7.98,0.0,1395,1113210,卖盘
10:27:10,7.98,0.0,640,510720,卖盘
10:27:13,7.98,0.0,690,550620,卖盘
10:27:16,7.98,0.0,3555,2836890,卖盘
10:27:19,7.98,0.0,1397,1114806,卖盘
10:27:22,7.97,-0.01,268,213636,卖盘
10:27:25,7.97,0.0,196,156158,买盘
10:27:28,7.96,-0.01,201,160089,卖盘
10:27:31,7.98,0.02,4150,3310232,买盘
10:27:34,7.98,0.0,419,334220,卖盘
10:27:37,7.98,0.0,240,191520,卖盘
10:27:40,7.98,0.0,860,686280,卖盘
10:27:43,7.97,-0.01,798,636796,卖盘
10:27:46,7.97,0.0,247,197038,卖盘
10:27:49,7.97,0.0,840,670130,卖盘
10:27:52,7.98,0.01,1147,915191,买盘
10:27:55,7.98,0.0,2027,1617546,卖盘
10:27:58,7.98,0.0,355,283290,卖盘
10:28:01,7.98,0.0,917,731766,卖盘
10:28:04,7.98,0.0,290,231420,卖盘
10:28:07,7.98,0.0,283,225834,卖盘
10:28:10,7.98,0.0,125,99750,卖盘
10:28:13,7.98,0.0,59,47082,卖盘
10:28:16,7.98,0.0,92,73416,卖盘
10:28:19,7.98,0.0,47,37506,卖盘
10:28:22,7.98,0.0,113,90174,卖盘
10:28:25,7.98,0.0,36,28728,卖盘
10:28:28,7.98,0.0,230,183540,卖盘
10:28:31,7.98,0.0,146,116508,卖盘
10:28:34,7.98,0.0,145,115710,卖盘
10:28:37,7.98,0.0,19,15162,卖盘
10:28:40,7.98,0.0,11,8778,卖盘
10:28:43,7.98,0.0,120,95760,卖盘
10:28:46,7.98,0.0,302,240996,卖盘
10:28:49,7.98,0.0,23,18354,卖盘
10:28:52,7.98,0.0,32,25536,卖盘
10:28:55,7.98,0.0,20,15960,卖盘
10:28:58,7.98,0.0,39,31122,卖盘
10:29:01,7.98,0.0,1,798,卖盘
10:29:04,7.98,0.0,51,40698,卖盘
10:29:10,7.98,0.0,156,124488,卖盘
10:29:13,7.98,0.0,39,31122,卖盘
10:29:19,7.98,0.0,202,161196,卖盘
10:29:25,7.98,0.0,110,87780,卖盘
10:29:31,7.98,0.0,64,51072,卖盘
10:29:40,7.98,0.0,10,7980,卖盘
10:29:43,7.98,0.0,15,11970,卖盘
10:29:46,7.98,0.0,1,798,卖盘
10:29:49,7.98,0.0,132,105336,卖盘
10:29:52,7.98,0.0,5,3990,卖盘
10:29:55,7.98,0.0,12,9576,卖盘
10:30:01,7.98,0.0,69,55062,卖盘
10:30:04,7.98,0.0,6,4788,卖盘
10:30:07,7.98,0.0,4,3192,卖盘
10:30:10,7.98,0.0,960,766080,卖盘
10:30:13,7.98,0.0,5,3990,卖盘
10:30:16,7.98,0.0,63,50274,卖盘
10:30:19,7.98,0.0,12,9576,卖盘
10:30:22,7.98,0.0,10,7980,卖盘
10:30:25,7.98,0.0,185,147630,卖盘
10:30:28,7.98,0.0,10,7980,卖盘
10:30:34,7.98,0.0,19,15162,卖盘
10:30:37,7.98,0.0,11,8778,卖盘
10:30:40,7.98,0.0,50,39900,卖盘
10:30:43,7.98,0.0,310,247380,卖盘
10:30:46,7.98,0.0,7,5586,卖盘
10:30:49,7.98,0.0,3,2394,卖盘
10:30:52,7.98,0.0,41,32718,卖盘
10:30:55,7.98,0.0,1,798,卖盘
10:30:58,7.98,0.0,24,19152,卖盘
10:31:04,7.98,0.0,2,1596,卖盘
10:31:07,7.98,0.0,15,11970,卖盘
10:31:10,7.98,0.0,54,43092,卖盘
10:31:13,7.98,0.0,117,93366,卖盘
10:31:16,7.98,0.0,45,35910,卖盘
10:31:22,7.98,0.0,17,13566,卖盘
10:31:28,7.98,0.0,4,3192,卖盘
10:31:31,7.98,0.0,1,798,卖盘
10:31:34,7.98,0.0,7,5586,卖盘
10:31:40,7.98,0.0,18,14364,卖盘
10:31:46,7.98,0.0,3,2394,卖盘
10:31:49,7.98,0.0,3,2394,卖盘
10:31:52,7.98,0.0,40,31920,卖盘
10:31:58,7.98,0.0,105,83790,卖盘
10:32:04,7.98,0.0,20,15960,卖盘
10:32:07,7.98,0.0,126,100548,卖盘
10:32:10,7.98,0.0,20,15960,卖盘
10:32:13,7.98,0.0,5,3990,卖盘
10:32:19,7.98,0.0,54,43092,卖盘
10:32:22,7.98,0.0,15,11970,卖盘
10:32:25,7.98,0.0,11,8778,卖盘
10:32:28,7.98,0.0,1,798,卖盘
10:32:34,7.98,0.0,11,8778,卖盘
10:32:40,7.98,0.0,26,20748,卖盘
10:32:46,7.98,0.0,141,112518,卖盘
10:32:49,7.98,0.0,10,7980,卖盘
10:32:58,7.98,0.0,11,8778,卖盘
10:33:01,7.98,0.0,2,1596,卖盘
10:33:04,7.98,0.0,10,7980,卖盘
10:33:07,7.98,0.0,90,71820,卖盘
10:33:10,7.98,0.0,494,394212,卖盘
10:33:13,7.98,0.0,118,94164,卖盘
10:33:16,7.98,0.0,13,10374,卖盘
10:33:19,7.98,0.0,13,10374,卖盘
10:33:28,7.98,0.0,111,88578,卖盘
10:33:31,7.98,0.0,7,5586,卖盘
10:33:34,7.98,0.0,7,5586,卖盘
10:33:40,7.98,0.0,13,10374,卖盘
10:33:43,7.98,0.0,42,33516,卖盘
10:33:46,7.98,0.0,36,28728,卖盘
10:33:52,7.98,0.0,65,51870,卖盘
10:33:55,7.98,0.0,10,7980,卖盘
10:34:01,7.98,0.0,29,23142,卖盘
10:34:04,7.98,0.0,5,3990,卖盘
10:34:10,7.98,0.0,54,43092,卖盘
10:34:13,7.98,0.0,20,15960,卖盘
10:34:16,7.98,0.0,51,40698,卖盘
10:34:22,7.98,0.0,2,1596,卖盘
10:34:28,7.98,0.0,38,30324,卖盘
10:34:31,7.98,0.0,1,798,卖盘
10:34:34,7.98,0.0,64,51072,卖盘
10:34:37,7.98,0.0,67,53466,卖盘
10:34:40,7.98,0.0,2,1596,卖盘
10:34:46,7.98,0.0,20,15960,卖盘
10:34:49,7.98,0.0,66,52668,卖盘
10:34:55,7.98,0.0,4,3192,卖盘
10:34:58,7.98,0.0,102,81396,卖盘
10:35:01,7.98,0.0,12,9576,卖盘
10:35:04,7.98,0.0,35,27930,卖盘
10:35:10,7.98,0.0,10,7980,卖盘
10:35:16,7.98,0.0,83,66234,卖盘
10:35:19,7.98,0.0,5,3990,卖盘
10:35:22,7.98,0.0,8,6384,卖盘
10:35:25,7.98,0.0,30,23940,卖盘
10:35:28,7.98,0.0,13,10374,卖盘
10:35:31,7.98,0.0,15,11970,卖盘
10:35:40,7.98,0.0,3,2394,卖盘
10:35:43,7.98,0.0,5,3990,卖盘
10:35:46,7.98,0.0,18,14364,卖盘
10:35:49,7.98,0.0,57,45486,卖盘
10:35:52,7.98,0.0,1,798,卖盘
10:35:58,7.98,0.0,5,3990,卖盘
10:36:01,7.98,0.0,20,15960,卖盘
10:36:07,7.98,0.0,76,60648,卖盘
10:36:19,7.98,0.0,11,8778,卖盘
10:36:22,7.98,0.0,3,2394,卖盘
10:36:25,7.98,0.0,1,798,卖盘
10:36:31,7.98,0.0,2,1596,卖盘
10:36:34,7.98,0.0,6,4788,卖盘
10:36:37,7.98,0.0,10,7980,卖盘
10:36:40,7.98,0.0,1,798,卖盘
10:36:43,7.98,0.0,1,798,卖盘
10:36:52,7.98,0.0,5,3990,卖盘
10:36:55,7.98,0.0,32,25536,卖盘
10:36:58,7.98,0.0,23,18354,卖盘
10:37:04,7.98,0.0,8,6384,卖盘
10:37:07,7.98,0.0,15,11970,卖盘
10:37:10,7.98,0.0,2,1596,卖盘
10:37:13,7.98,0.0,31,24738,卖盘
10:37:16,7.98,0.0,1,798,卖盘
10:37:19,7.98,0.0,66,52668,卖盘
10:37:22,7.98,0.0,1,798,卖盘
10:37:28,7.98,0.0,2,1596,卖盘
10:37:34,7.98,0.0,42,33516,卖盘
10:37:43,7.98,0.0,5,3990,卖盘
10:37:46,7.98,0.0,75,59850,卖盘
10:37:49,7.98,0.0,35,27930,卖盘
10:37:55,7.98,0.0,6,4788,卖盘
10:37:58,7.98,0.0,1,798,卖盘
10:38:01,7.98,0.0,48,38304,卖盘
10:38:10,7.98,0.0,15,11970,卖盘
10:38:16,7.98,0.0,76,60648,卖盘
10:38:19,7.98,0.0,95,75810,卖盘
10:38:40,7.98,0.0,5,3990,卖盘
10:38:43,7.98,0.0,81,64638,卖盘
10:38:46,7.98,0.0,1,798,卖盘
10:38:49,7.98,0.0,10,7980,卖盘
10:38:55,7.98,0.0,4,3192,卖盘
10:38:58,7.98,0.0,248,197904,卖盘
10:39:01,7.98,0.0,10,7980,卖盘
10:39:04,7.98,0.0,52,41496,卖盘
10:39:07,7.98,0.0,1,798,卖盘
10:39:13,7.98,0.0,11,8778,卖盘
10:39:16,7.98,0.0,5,3990,卖盘
10:39:19,7.98,0.0,24,19152,卖盘
10:39:25,7.98,0.0,56,44688,卖盘
10:39:28,7.98,0.0,55,43890,卖盘
10:39:31,7.98,0.0,2,1596,卖盘
10:39:34,7.98,0.0,1,798,卖盘
10:39:37,7.98,0.0,16,12768,卖盘
10:39:40,7.98,0.0,4,3192,卖盘
10:39:43,7.98,0.0,2,1596,卖盘
10:39:49,7.98,0.0,6,4788,卖盘
10:39:52,7.98,0.0,8,6384,卖盘
10:39:55,7.98,0.0,36,28728,卖盘
10:40:01,7.98,0.0,1,798,卖盘
10:40:04,7.98,0.0,4,3192,卖盘
10:40:13,7.98,0.0,2,1596,卖盘
10:40:22,7.98,0.0,14,11172,卖盘
10:40:25,7.98,0.0,12,9576,卖盘
10:40:40,7.98,0.0,3,2394,卖盘
10:40:43,7.98,0.0,5,3990,卖盘
10:40:55,7.98,0.0,3,2394,卖盘
10:40:58,7.98,0.0,12,9576,卖盘
10:41:01,7.98,0.0,1,798,卖盘
10:41:04,7.98,0.0,1,798,卖盘
10:41:07,7.98,0.0,10,7980,卖盘
10:41:10,7.98,0.0,2,1596,卖盘
10:41:16,7.98,0.0,1,798,卖盘
10:41:22,7.98,0.0,19,15162,卖盘
10:41:28,7.98,0.0,3,2394,卖盘
10:41:31,7.98,0.0,17,13566,卖盘
10:41:37,7.98,0.0,15,11970,卖盘
10:41:40,7.98,0.0,8,6384,卖盘
10:41:43,7.98,0.0,6,4788,卖盘
10:41:46,7.98,0.0,1,798,卖盘
10:41:52,7.98,0.0,7,5586,卖盘
10:41:55,7.98,0.0,6,4788,卖盘
10:41:58,7.98,0.0,5,3990,卖盘
10:42:04,7.98,0.0,48,38304,卖盘
10:42:07,7.98,0.0,2,1596,卖盘
10:42:10,7.98,0.0,13,10374,卖盘
10:42:13,7.98,0.0,2,1596,卖盘
10:42:16,7.98,0.0,111,88578,卖盘
10:42:25,7.98,0.0,281,224238,卖盘
10:42:28,7.98,0.0,194,154812,卖盘
10:42:31,7.98,0.0,3,2394,卖盘
10:42:37,7.98,0.0,27,21546,卖盘
10:42:40,7.98,0.0,1,798,卖盘
10:42:49,7.98,0.0,10,7980,卖盘
10:42:52,7.98,0.0,1,798,卖盘
10:42:55,7.98,0.0,31,24738,卖盘
10:42:58,7.98,0.0,2,1596,卖盘
10:43:01,7.98,0.0,14,11172,卖盘
10:43:04,7.98,0.0,33,26334,卖盘
10:43:07,7.98,0.0,10,7980,卖盘
10:43:13,7.98,0.0,11,8778,卖盘
10:43:22,7.98,0.0,40,31920,卖盘
10:43:25,7.98,0.0,3,2394,卖盘
10:43:31,7.98,0.0,100,79800,卖盘
10:43:37,7.98,0.0,1,798,卖盘
10:43:40,7.98,0.0,2,1596,卖盘
10:43:46,7.98,0.0,8,6384,卖盘
10:43:52,7.98,0.0,15,11970,卖盘
10:44:01,7.98,0.0,46,36708,卖盘
10:44:04,7.98,0.0,2,1596,卖盘
10:44:07,7.98,0.0,1,798,卖盘
10:44:10,7.98,0.0,10,7980,卖盘
10:44:16,7.98,0.0,5,3990,卖盘
10:44:22,7.98,0.0,8,6384,卖盘
10:44:34,7.98,0.0,6,4788,卖盘
10:44:40,7.98,0.0,3,2394,卖盘
10:44:52,7.98,0.0,1,798,卖盘
10:44:55,7.98,0.0,5,3990,卖盘
10:45:01,7.98,0.0,50,39900,卖盘
10:45:16,7.98,0.0,4,3192,卖盘
10:45:22,7.98,0.0,10,7980,卖盘
10:45:25,7.98,0.0,6,4788,卖盘
10:45:34,7.98,0.0,3,2394,卖盘
10:45:43,7.98,0.0,20,15960,卖盘
10:45:46,7.98,0.0,18,14364,卖盘
10:45:55,7.98,0.0,5,3990,卖盘
10:46:10,7.98,0.0,6,4788,卖盘
10:46:22,7.98,0.0,20,15960,卖盘
10:46:25,7.98,0.0,13,10374,卖盘
10:46:28,7.98,0.0,18,14364,卖盘
10:46:34,7.98,0.0,1,798,卖盘
10:46:49,7.98,0.0,2,1596,卖盘
10:46:55,7.98,0.0,5,3990,卖盘
10:47:07,7.98,0.0,10,7980,卖盘
10:47:13,7.98,0.0,7,5586,卖盘
10:47:16,7.98,0.0,5,3990,卖盘
10:47:19,7.98,0.0,65,51870,卖盘
10:47:31,7.98,0.0,3,2394,卖盘
10:47:40,7.98,0.0,32,25536,卖盘
10:47:43,7.98,0.0,20,15960,卖盘
10:47:46,7.98,0.0,10,7980,卖盘
10:47:52,7.98,0.0,50,39900,卖盘
10:47:55,7.98,0.0,1,798,卖盘
10:48:10,7.98,0.0,40,31920,卖盘
10:48:22,7.98,0.0,14,11172,卖盘
10:48:31,7.98,0.0,12,9576,卖盘
10:48:34,7.98,0.0,210,167580,卖盘
10:48:40,7.98,0.0,9,7182,卖盘
10:48:52,7.98,0.0,2,1596,卖盘
10:48:55,7.98,0.0,21,16758,卖盘
10:49:07,7.98,0.0,1,798,卖盘
10:49:10,7.98,0.0,25,19950,卖盘
10:49:13,7.98,0.0,1,798,卖盘
10:49:31,7.98,0.0,2,1596,卖盘
10:49:34,7.98,0.0,20,15960,卖盘
10:49:43,7.98,0.0,22,17556,卖盘
10:49:46,7.98,0.0,1,798,卖盘
10:49:49,7.98,0.0,8,6384,卖盘
10:50:07,7.98,0.0,56,44688,卖盘
10:50:10,7.98,0.0,40,31920,卖盘
10:50:13,7.98,0.0,1,798,卖盘
10:50:19,7.98,0.0,1,798,卖盘
10:50:22,7.98,0.0,2,1596,卖盘
10:50:49,7.98,0.0,5,3990,卖盘
10:50:52,7.98,0.0,19,15162,卖盘
10:50:55,7.98,0.0,4,3192,卖盘
10:51:13,7.98,0.0,13,10374,卖盘
10:51:16,7.98,0.0,15,11970,卖盘
10:51:22,7.98,0.0,3,2394,卖盘
10:51:25,7.98,0.0,1,798,卖盘
10:51:28,7.98,0.0,2,1596,卖盘
10:51:31,7.98,0.0,6,4788,卖盘
10:51:37,7.98,0.0,6,4788,卖盘
10:51:40,7.98,0.0,3,2394,卖盘
10:51:52,7.98,0.0,15,11970,卖盘
10:52:01,7.98,0.0,18,14364,卖盘
10:52:13,7.98,0.0,14,11172,卖盘
10:52:16,7.98,0.0,2,1596,卖盘
10:52:22,7.98,0.0,14,11172,卖盘
10:52:37,7.98,0.0,26,20748,卖盘
10:52:40,7.98,0.0,1,798,卖盘
10:52:46,7.98,0.0,1,798,卖盘
10:52:52,7.98,0.0,89,71022,卖盘
10:52:55,7.98,0.0,6,4788,卖盘
10:53:16,7.98,0.0,11,8778,卖盘
10:53:22,7.98,0.0,2,1596,卖盘
10:53:31,7.98,0.0,1,798,卖盘
10:53:34,7.98,0.0,14,11172,卖盘
10:53:46,7.98,0.0,1,798,卖盘
10:53:55,7.98,0.0,5,3990,卖盘
10:53:58,7.98,0.0,3,2394,卖盘
10:54:34,7.98,0.0,1,798,卖盘
10:55:01,7.98,0.0,10,7980,卖盘
10:55:13,7.98,0.0,5,3990,卖盘
10:55:16,7.98,0.0,4,3192,卖盘
10:55:19,7.98,0.0,10,7980,卖盘
10:55:22,7.98,0.0,1,798,卖盘
10:55:34,7.98,0.0,13,10374,卖盘
10:55:52,7.98,0.0,1,798,卖盘
10:55:55,7.98,0.0,19,15162,卖盘
10:55:58,7.98,0.0,2,1596,卖盘
10:56:10,7.98,0.0,7,5586,卖盘
10:56:16,7.98,0.0,6,4788,卖盘
10:56:22,7.98,0.0,3,2394,卖盘
10:56:25,7.98,0.0,7,5586,卖盘
10:56:34,7.98,0.0,9,7182,卖盘
10:56:37,7.98,0.0,1,798,卖盘
10:56:46,7.98,0.0,19,15162,卖盘
10:56:52,7.98,0.0,1,798,卖盘
10:57:04,7.98,0.0,2,1596,卖盘
10:57:07,7.98,0.0,4,3192,卖盘
10:57:25,7.98,0.0,25,19950,卖盘
10:57:28,7.98,0.0,1,798,卖盘
10:57:34,7.98,0.0,1,798,卖盘
10:57:37,7.98,0.0,10,7980,卖盘
10:57:46,7.98,0.0,1,798,卖盘
10:57:49,7.98,0.0,2,1596,卖盘
10:57:55,7.98,0.0,3,2394,卖盘
10:58:01,7.98,0.0,5,3990,卖盘
10:58:13,7.98,0.0,2,1596,卖盘
10:58:16,7.98,0.0,1,798,卖盘
10:58:22,7.98,0.0,5,3990,卖盘
10:58:25,7.98,0.0,2,1596,卖盘
10:58:40,7.98,0.0,54,43092,卖盘
10:58:43,7.98,0.0,1,798,卖盘
10:58:46,7.98,0.0,10,7980,卖盘
10:58:58,7.98,0.0,1,798,卖盘
10:59:01,7.98,0.0,2,1596,卖盘
10:59:04,7.98,0.0,5,3990,卖盘
10:59:10,7.98,0.0,50,39900,卖盘
10:59:16,7.98,0.0,3,2394,卖盘
10:59:25,7.98,0.0,1,798,卖盘
10:59:28,7.98,0.0,22,17556,卖盘
10:59:31,7.98,0.0,16,12768,卖盘
10:59:43,7.98,0.0,5,3990,卖盘
10:59:46,7.98,0.0,50,39900,卖盘
11:00:04,7.98,0.0,10,7980,卖盘
11:00:07,7.98,0.0,15,11970,卖盘
11:00:10,7.98,0.0,60,47880,卖盘
11:00:17,7.98,0.0,20,15960,卖盘
11:00:19,7.98,0.0,12,9576,卖盘
11:00:28,7.98,0.0,51,40698,卖盘
11:00:31,7.98,0.0,3,2394,卖盘
11:00:34,7.98,0.0,12,9576,卖盘
11:00:37,7.98,0.0,1,798,卖盘
11:00:46,7.98,0.0,50,39900,卖盘
11:01:10,7.98,0.0,5,3990,卖盘
11:01:16,7.98,0.0,7,5586,卖盘
11:01:25,7.98,0.0,10,7980,卖盘
11:01:49,7.98,0.0,5,3990,卖盘
11:02:10,7.98,0.0,3,2394,卖盘
11:02:13,7.98,0.0,4,3192,卖盘
11:02:19,7.98,0.0,3,2394,卖盘
11:02:31,7.98,0.0,16,12768,卖盘
11:03:07,7.98,0.0,10,7980,卖盘
11:03:13,7.98,0.0,168,134064,卖盘
11:03:22,7.98,0.0,10,7980,卖盘
11:03:25,7.98,0.0,1,798,卖盘
11:03:49,7.98,0.0,4,3192,卖盘
11:04:04,7.98,0.0,2,1596,卖盘
11:04:07,7.98,0.0,10,7980,卖盘
11:04:10,7.98,0.0,14,11172,卖盘
11:04:19,7.98,0.0,121,96558,卖盘
11:04:28,7.98,0.0,2,1596,卖盘
11:04:52,7.98,0.0,3,2394,卖盘
11:05:07,7.98,0.0,14,11172,卖盘
11:05:10,7.98,0.0,1,798,卖盘
11:05:40,7.98,0.0,10,7980,卖盘
11:05:43,7.98,0.0,2,1596,卖盘
11:05:46,7.98,0.0,4,3192,卖盘
11:05:58,7.98,0.0,4,3192,卖盘
11:06:01,7.98,0.0,11,8778,卖盘
11:06:04,7.98,0.0,18,14364,卖盘
11:06:07,7.98,0.0,2,1596,卖盘
11:06:28,7.98,0.0,4,3192,卖盘
11:06:37,7.98,0.0,19,15162,卖盘
11:07:01,7.98,0.0,4,3192,卖盘
11:07:04,7.98,0.0,7,5586,卖盘
11:07:10,7.98,0.0,18,14364,卖盘
11:07:19,7.98,0.0,15,11970,卖盘
11:07:28,7.98,0.0,22,17556,卖盘
11:07:40,7.98,0.0,41,32718,卖盘
11:07:49,7.98,0.0,5,3990,卖盘
11:08:10,7.98,0.0,20,15960,卖盘
11:08:19,7.98,0.0,10,7980,卖盘
11:08:22,7.98,0.0,5,3990,卖盘
11:08:52,7.98,0.0,1,798,卖盘
11:09:04,7.98,0.0,10,7980,卖盘
11:09:17,7.98,0.0,5,3990,卖盘
11:09:28,7.98,0.0,2,1596,卖盘
11:09:31,7.98,0.0,15,11970,卖盘
11:09:34,7.98,0.0,5,3990,卖盘
11:09:37,7.98,0.0,16,12768,卖盘
11:09:40,7.98,0.0,1,798,卖盘
11:09:46,7.98,0.0,46,36708,卖盘
11:09:49,7.98,0.0,2,1596,卖盘
11:10:04,7.98,0.0,2,1596,卖盘
11:10:25,7.98,0.0,4,3192,卖盘
11:10:28,7.98,0.0,5,3990,卖盘
11:10:34,7.98,0.0,3,2394,卖盘
11:10:49,7.98,0.0,7,5586,卖盘
11:10:55,7.98,0.0,7,5586,卖盘
11:11:16,7.98,0.0,5,3990,卖盘
11:11:19,7.98,0.0,1,798,卖盘
11:11:25,7.98,0.0,13,10374,卖盘
11:11:31,7.98,0.0,1,798,卖盘
11:11:52,7.98,0.0,3,2394,卖盘
11:12:25,7.98,0.0,2,1596,卖盘
11:12:34,7.98,0.0,3,2394,卖盘
11:12:37,7.98,0.0,273,217854,卖盘
11:12:46,7.98,0.0,15,11970,卖盘
11:12:49,7.98,0.0,1,798,卖盘
11:13:01,7.98,0.0,5,3990,卖盘
11:13:07,7.98,0.0,2,1596,卖盘
11:13:10,7.98,0.0,1,798,卖盘
11:13:19,7.98,0.0,2,1596,卖盘
11:13:46,7.98,0.0,2,1596,卖盘
11:13:49,7.98,0.0,56,44688,卖盘
11:14:13,7.98,0.0,8,6384,卖盘
11:14:34,7.98,0.0,1,798,卖盘
11:14:40,7.98,0.0,2,1596,卖盘
11:14:43,7.98,0.0,39,31122,卖盘
11:14:49,7.98,0.0,3,2394,卖盘
11:14:52,7.98,0.0,6,4788,卖盘
11:15:01,7.98,0.0,11,8778,卖盘
11:15:04,7.98,0.0,69,55062,卖盘
11:15:10,7.98,0.0,39,31122,卖盘
11:15:22,7.98,0.0,1,798,卖盘
11:15:25,7.98,0.0,3,2394,卖盘
11:15:40,7.98,0.0,65,51870,卖盘
11:15:43,7.98,0.0,5,3990,卖盘
11:15:49,7.98,0.0,10,7980,卖盘
11:15:55,7.98,0.0,3,2394,卖盘
11:16:01,7.98,0.0,5,3990,卖盘
11:16:04,7.98,0.0,131,104538,卖盘
11:16:16,7.98,0.0,2,1596,卖盘
11:16:40,7.98,0.0,20,15960,卖盘
11:16:43,7.98,0.0,4,3192,卖盘
11:16:52,7.98,0.0,1,798,卖盘
11:16:58,7.98,0.0,3,2394,卖盘
11:17:13,7.98,0.0,3,2394,卖盘
11:17:22,7.98,0.0,1,798,卖盘
11:17:25,7.98,0.0,10,7980,卖盘
11:17:34,7.98,0.0,68,54264,卖盘
11:17:37,7.98,0.0,10,7980,卖盘
11:17:46,7.98,0.0,3,2394,卖盘
11:17:49,7.98,0.0,1,798,卖盘
11:17:52,7.98,0.0,4,3192,卖盘
11:18:19,7.98,0.0,8,6384,卖盘
11:18:25,7.98,0.0,2,1596,卖盘
11:19:07,7.98,0.0,2,1596,卖盘
11:19:13,7.98,0.0,54,43092,卖盘
11:19:19,7.98,0.0,2,1596,卖盘
11:19:34,7.98,0.0,5,3990,卖盘
11:19:37,7.98,0.0,2,1596,卖盘
11:19:46,7.98,0.0,65,51870,卖盘
11:20:07,7.98,0.0,15,11970,卖盘
11:20:10,7.98,0.0,1,798,卖盘
11:20:55,7.98,0.0,16,12768,卖盘
11:21:04,7.98,0.0,30,23940,卖盘
11:21:07,7.98,0.0,3,2394,卖盘
11:21:10,7.98,0.0,20,15960,卖盘
11:21:19,7.98,0.0,30,23940,卖盘
11:21:40,7.98,0.0,10,7980,卖盘
11:22:01,7.98,0.0,2,1596,卖盘
11:22:16,7.98,0.0,10,7980,卖盘
11:22:46,7.98,0.0,77,61446,卖盘
11:23:01,7.98,0.0,5,3990,卖盘
11:23:04,7.98,0.0,1,798,卖盘
11:23:10,7.98,0.0,38,30324,卖盘
11:23:16,7.98,0.0,7,5586,卖盘
11:23:22,7.98,0.0,59,47082,卖盘
11:23:46,7.98,0.0,1,798,卖盘
11:23:49,7.98,0.0,1,798,卖盘
11:23:58,7.98,0.0,45,35910,卖盘
11:24:07,7.98,0.0,58,46284,卖盘
11:24:25,7.98,0.0,88,70224,卖盘
11:24:49,7.98,0.0,5,3990,卖盘
11:25:10,7.98,0.0,3,2394,卖盘
11:25:16,7.98,0.0,1,798,卖盘
11:25:19,7.98,0.0,15,11970,卖盘
11:25:31,7.98,0.0,83,66234,卖盘
11:25:52,7.98,0.0,30,23940,卖盘
11:26:13,7.98,0.0,133,106134,卖盘
11:26:16,7.98,0.0,3,2394,卖盘
11:26:40,7.98,0.0,2,1596,卖盘
11:26:46,7.98,0.0,2,1596,卖盘
11:27:04,7.98,0.0,8,6384,卖盘
11:27:22,7.98,0.0,1,798,卖盘
11:27:31,7.98,0.0,30,23940,卖盘
11:27:52,7.98,0.0,1,798,卖盘
11:28:01,7.98,0.0,9,7182,卖盘
11:28:10,7.98,0.0,30,23940,卖盘
11:28:16,7.98,0.0,1,798,卖盘
11:28:19,7.98,0.0,7,5586,卖盘
11:28:28,7.98,0.0,9,7182,卖盘
11:28:40,7.98,0.0,1,798,卖盘
11:28:46,7.98,0.0,5,3990,卖盘
11:28:55,7.98,0.0,10,7980,卖盘
11:29:13,7.98,0.0,1,798,卖盘
11:29:34,7.98,0.0,1,798,卖盘
11:29:37,7.98,0.0,20,15960,卖盘
11:29:46,7.98,0.0,5,3990,卖盘
11:29:49,7.98,0.0,24,19152,卖盘
11:30:01,7.98,0.0,8,6384,卖盘
13:00:01,7.98,0.0,9,7182,卖盘
13:00:04,7.98,0.0,538,429324,卖盘
13:00:07,7.98,0.0,385,307230,卖盘
13:00:10,7.98,0.0,878,700644,卖盘
13:00:13,7.98,0.0,14,11172,卖盘
13:00:31,7.98,0.0,1000,798000,卖盘
13:00:40,7.98,0.0,1,798,卖盘
13:00:43,7.98,0.0,14,11172,卖盘
13:00:49,7.98,0.0,10,7980,卖盘
13:00:52,7.98,0.0,5,3990,卖盘
13:00:55,7.98,0.0,1000,798000,卖盘
13:01:07,7.98,0.0,5,3990,卖盘
13:01:13,7.98,0.0,2,1596,卖盘
13:01:16,7.98,0.0,40,31920,卖盘
13:01:34,7.98,0.0,2,1596,卖盘
13:01:55,7.98,0.0,16,12768,卖盘
13:02:07,7.98,0.0,12,9576,卖盘
13:02:16,7.98,0.0,135,107730,卖盘
13:02:40,7.98,0.0,34,27132,卖盘
13:02:49,7.98,0.0,10,7980,卖盘
13:02:58,7.98,0.0,6,4788,卖盘
13:03:04,7.98,0.0,8,6384,卖盘
13:03:13,7.98,0.0,2,1596,卖盘
13:03:19,7.98,0.0,1,798,卖盘
13:03:25,7.98,0.0,4,3192,卖盘
13:03:31,7.98,0.0,2,1596,卖盘
13:03:40,7.98,0.0,3,2394,卖盘
13:03:46,7.98,0.0,5,3990,卖盘
13:03:52,7.98,0.0,1,798,卖盘
13:04:01,7.98,0.0,3,2394,卖盘
13:04:19,7.98,0.0,16,12768,卖盘
13:04:34,7.98,0.0,19,15162,卖盘
13:04:37,7.98,0.0,13,10374,卖盘
13:04:40,7.98,0.0,2,1596,卖盘
13:04:46,7.98,0.0,2,1596,卖盘
13:04:49,7.98,0.0,4,3192,卖盘
13:04:58,7.98,0.0,2,1596,卖盘
13:05:01,7.98,0.0,10,7980,卖盘
13:05:13,7.98,0.0,30,23940,卖盘
13:05:34,7.98,0.0,65,51870,卖盘
13:05:43,7.98,0.0,6,4788,卖盘
13:05:46,7.98,0.0,4,3192,卖盘
13:05:49,7.98,0.0,5,3990,卖盘
13:05:55,7.98,0.0,1,798,卖盘
13:05:58,7.98,0.0,6,4788,卖盘
13:06:25,7.98,0.0,76,60648,卖盘
13:06:37,7.98,0.0,15,11970,卖盘
13:06:55,7.98,0.0,7,5586,卖盘
13:07:04,7.98,0.0,18,14364,卖盘
13:07:10,7.98,0.0,10,7980,卖盘
13:07:13,7.98,0.0,22,17556,卖盘
13:07:16,7.98,0.0,3,2394,卖盘
13:07:19,7.98,0.0,20,15960,卖盘
13:07:22,7.98,0.0,10,7980,卖盘
13:07:25,7.98,0.0,2,1596,卖盘
13:07:49,7.98,0.0,1,798,卖盘
13:08:01,7.98,0.0,30,23940,卖盘
13:08:04,7.98,0.0,515,410970,卖盘
13:08:25,7.98,0.0,12,9576,卖盘
13:08:46,7.98,0.0,55,43890,卖盘
13:08:55,7.98,0.0,13,10374,卖盘
13:09:04,7.98,0.0,10,7980,卖盘
13:09:07,7.98,0.0,8,6384,卖盘
13:09:22,7.98,0.0,19,15162,卖盘
13:09:34,7.98,0.0,4,3192,卖盘
13:09:40,7.98,0.0,26,20748,卖盘
13:09:46,7.98,0.0,1,798,卖盘
13:10:04,7.98,0.0,1,798,卖盘
13:10:10,7.98,0.0,4,3192,卖盘
13:10:16,7.98,0.0,4,3192,卖盘
13:10:22,7.98,0.0,4,3192,卖盘
13:10:34,7.98,0.0,15,11970,卖盘
13:10:52,7.98,0.0,51,40698,卖盘
13:10:55,7.98,0.0,5,3990,卖盘
13:10:58,7.98,0.0,14,11172,卖盘
13:11:16,7.98,0.0,1,798,卖盘
13:11:25,7.98,0.0,63,50274,卖盘
13:11:31,7.98,0.0,1,798,卖盘
13:11:43,7.98,0.0,3,2394,卖盘
13:11:58,7.98,0.0,51,40698,卖盘
13:12:13,7.98,0.0,17,13566,卖盘
13:12:16,7.98,0.0,44,35112,卖盘
13:12:19,7.98,0.0,25,19950,卖盘
13:12:22,7.98,0.0,3,2394,卖盘
13:12:31,7.98,0.0,14,11172,卖盘
13:12:43,7.98,0.0,30,23940,卖盘
13:12:46,7.98,0.0,10,7980,卖盘
13:12:52,7.98,0.0,1,798,卖盘
13:12:58,7.98,0.0,2,1596,卖盘
13:13:01,7.98,0.0,5,3990,卖盘
13:13:10,7.98,0.0,4,3192,卖盘
13:13:19,7.98,0.0,54,43092,卖盘
13:13:28,7.98,0.0,6,4788,卖盘
13:13:31,7.98,0.0,8,6384,卖盘
13:13:46,7.98,0.0,137,109326,卖盘
13:13:55,7.98,0.0,1,798,卖盘
13:13:58,7.98,0.0,1,798,卖盘
13:14:07,7.98,0.0,62,49476,卖盘
13:14:22,7.98,0.0,3,2394,卖盘
13:14:28,7.98,0.0,3,2394,卖盘
13:14:31,7.98,0.0,51,40698,卖盘
13:14:34,7.98,0.0,10,7980,卖盘
13:14:49,7.98,0.0,1,798,卖盘
13:14:52,7.98,0.0,1,798,卖盘
13:15:01,7.98,0.0,6,4788,卖盘
13:15:22,7.98,0.0,31,24738,卖盘
13:15:37,7.98,0.0,8,6384,卖盘
13:15:49,7.98,0.0,54,43092,卖盘
13:15:55,7.98,0.0,16,12768,卖盘
13:16:01,7.98,0.0,74,59052,卖盘
13:16:04,7.98,0.0,30,23940,卖盘
13:16:07,7.98,0.0,5,3990,卖盘
13:16:10,7.98,0.0,1,798,卖盘
13:16:28,7.98,0.0,6,4788,卖盘
13:16:34,7.98,0.0,14,11172,卖盘
13:16:40,7.98,0.0,11,8778,卖盘
13:16:52,7.98,0.0,5,3990,卖盘
13:17:01,7.98,0.0,1,798,卖盘
13:17:07,7.98,0.0,6,4788,卖盘
13:17:10,7.98,0.0,3,2394,卖盘
13:17:25,7.98,0.0,3,2394,卖盘
13:17:28,7.98,0.0,2,1596,卖盘
13:17:31,7.98,0.0,1,798,卖盘
13:17:46,7.98,0.0,5,3990,卖盘
13:18:01,7.98,0.0,149,118902,卖盘
13:18:22,7.98,0.0,9,7182,卖盘
13:18:25,7.98,0.0,2,1596,卖盘
13:18:34,7.98,0.0,168,134064,卖盘
13:18:37,7.98,0.0,20,15960,卖盘
13:18:43,7.98,0.0,21,16758,卖盘
13:18:52,7.98,0.0,1,798,卖盘
13:19:16,7.98,0.0,5,3990,卖盘
13:19:55,7.98,0.0,12,9576,卖盘
13:19:58,7.98,0.0,2,1596,卖盘
13:20:01,7.98,0.0,50,39900,卖盘
13:20:10,7.98,0.0,8,6384,卖盘
13:20:13,7.98,0.0,3,2394,卖盘
13:20:16,7.98,0.0,6,4788,卖盘
13:20:22,7.98,0.0,6,4788,卖盘
13:20:25,7.98,0.0,1,798,卖盘
13:20:28,7.98,0.0,5,3990,卖盘
13:20:31,7.98,0.0,2,1596,卖盘
13:20:40,7.98,0.0,2,1596,卖盘
13:20:46,7.98,0.0,7,5586,卖盘
13:20:58,7.98,0.0,93,74214,卖盘
13:21:10,7.98,0.0,4,3192,卖盘
13:21:13,7.98,0.0,1,798,卖盘
13:21:16,7.98,0.0,3,2394,卖盘
13:21:19,7.98,0.0,1,798,卖盘
13:21:25,7.98,0.0,10,7980,卖盘
13:21:55,7.98,0.0,50,39900,卖盘
13:22:01,7.98,0.0,3,2394,卖盘
13:22:04,7.98,0.0,8,6384,卖盘
13:22:10,7.98,0.0,214,170772,卖盘
13:22:16,7.98,0.0,9,7182,卖盘
13:22:22,7.98,0.0,3,2394,卖盘
13:22:25,7.98,0.0,11,8778,卖盘
13:22:28,7.98,0.0,7,5586,卖盘
13:22:31,7.98,0.0,3,2394,卖盘
13:22:37,7.98,0.0,42,33516,卖盘
13:22:46,7.98,0.0,54,43092,卖盘
13:22:55,7.98,0.0,10,7980,卖盘
13:22:58,7.98,0.0,20,15960,卖盘
13:23:04,7.98,0.0,1,798,卖盘
13:23:10,7.98,0.0,1,798,卖盘
13:23:16,7.98,0.0,1,798,卖盘
13:23:19,7.98,0.0,5,3990,卖盘
13:23:22,7.98,0.0,3,2394,卖盘
13:23:25,7.98,0.0,10,7980,卖盘
13:23:28,7.98,0.0,2,1596,卖盘
13:23:34,7.98,0.0,20,15960,卖盘
13:23:37,7.98,0.0,1,798,卖盘
13:23:40,7.98,0.0,200,159600,卖盘
13:23:52,7.98,0.0,22,17556,卖盘
13:24:01,7.98,0.0,12,9576,卖盘
13:24:07,7.98,0.0,9,7182,卖盘
13:24:19,7.98,0.0,31,24738,卖盘
13:24:28,7.98,0.0,10,7980,卖盘
13:24:34,7.98,0.0,300,239400,卖盘
13:24:46,7.98,0.0,25,19950,卖盘
13:25:25,7.98,0.0,6,4788,卖盘
13:25:31,7.98,0.0,2,1596,卖盘
13:25:34,7.98,0.0,3,2394,卖盘
13:25:37,7.98,0.0,10,7980,卖盘
13:25:40,7.98,0.0,20,15960,卖盘
13:25:43,7.98,0.0,4,3192,卖盘
13:25:58,7.98,0.0,3,2394,卖盘
13:26:07,7.98,0.0,200,159600,卖盘
13:26:19,7.98,0.0,33,26334,卖盘
13:26:28,7.98,0.0,3,2394,卖盘
13:26:34,7.98,0.0,10,7980,卖盘
13:26:43,7.98,0.0,4,3192,卖盘
13:26:52,7.98,0.0,1,798,卖盘
13:27:04,7.98,0.0,11,8778,卖盘
13:27:13,7.98,0.0,57,45486,卖盘
13:27:19,7.98,0.0,2,1596,卖盘
13:27:22,7.98,0.0,22,17556,卖盘
13:27:28,7.98,0.0,5,3990,卖盘
13:27:34,7.98,0.0,10,7980,卖盘
13:27:43,7.98,0.0,1,798,卖盘
13:27:46,7.98,0.0,1,798,卖盘
13:27:49,7.98,0.0,11,8778,卖盘
13:28:01,7.98,0.0,31,24738,卖盘
13:28:04,7.98,0.0,22,17556,卖盘
13:28:07,7.98,0.0,1,798,卖盘
13:28:22,7.98,0.0,4,3192,卖盘
13:28:25,7.98,0.0,7,5586,卖盘
13:28:40,7.98,0.0,1,798,卖盘
13:28:49,7.98,0.0,91,72618,卖盘
13:29:22,7.98,0.0,30,23940,卖盘
13:29:31,7.98,0.0,4,3192,卖盘
13:29:34,7.98,0.0,1,798,卖盘
13:30:04,7.98,0.0,5,3990,卖盘
13:30:28,7.98,0.0,14,11172,卖盘
13:30:34,7.98,0.0,30,23940,卖盘
13:30:37,7.98,0.0,10,7980,卖盘
13:30:40,7.98,0.0,25,19950,卖盘
13:30:46,7.98,0.0,23,18354,卖盘
13:30:52,7.98,0.0,29,23142,卖盘
13:30:58,7.98,0.0,15,11970,卖盘
13:31:10,7.98,0.0,10,7980,卖盘
13:31:22,7.98,0.0,40,31920,卖盘
13:31:25,7.98,0.0,2,1596,卖盘
13:31:28,7.98,0.0,15,11970,卖盘
13:31:34,7.98,0.0,40,31920,卖盘
13:31:37,7.98,0.0,5,3990,卖盘
13:31:40,7.98,0.0,15,11970,卖盘
13:31:43,7.98,0.0,11,8778,卖盘
13:31:46,7.98,0.0,7,5586,卖盘
13:31:52,7.98,0.0,30,23940,卖盘
13:31:58,7.98,0.0,1,798,卖盘
13:32:01,7.98,0.0,29,23142,卖盘
13:32:13,7.98,0.0,26,20748,卖盘
13:32:19,7.98,0.0,1,798,卖盘
13:32:22,7.98,0.0,48,38304,卖盘
13:32:25,7.98,0.0,2,1596,卖盘
13:32:28,7.98,0.0,2,1596,卖盘
13:32:31,7.98,0.0,1,798,卖盘
13:32:43,7.98,0.0,5,3990,卖盘
13:32:46,7.98,0.0,1,798,卖盘
13:33:01,7.98,0.0,27,21546,卖盘
13:33:04,7.98,0.0,1,798,卖盘
13:33:13,7.98,0.0,10,7980,卖盘
13:33:25,7.98,0.0,4,3192,卖盘
13:33:40,7.98,0.0,5,3990,卖盘
13:33:58,7.98,0.0,1,798,卖盘
13:34:19,7.98,0.0,33,26334,卖盘
13:34:31,7.98,0.0,20,15960,卖盘
13:34:34,7.98,0.0,22,17556,卖盘
13:34:37,7.98,0.0,35,27930,卖盘
13:34:40,7.98,0.0,96,76608,卖盘
13:34:52,7.98,0.0,1,798,卖盘
13:35:01,7.98,0.0,2,1596,卖盘
13:35:04,7.98,0.0,5,3990,卖盘
13:35:10,7.98,0.0,5,3990,卖盘
13:35:16,7.98,0.0,7,5586,卖盘
13:35:25,7.98,0.0,11,8778,卖盘
13:35:37,7.98,0.0,1,798,卖盘
13:35:46,7.98,0.0,6,4788,卖盘
13:35:49,7.98,0.0,18,14364,卖盘
13:36:07,7.98,0.0,2,1596,卖盘
13:36:10,7.98,0.0,9,7182,卖盘
13:36:19,7.98,0.0,1,798,卖盘
13:36:31,7.98,0.0,40,31920,卖盘
13:36:43,7.98,0.0,3,2394,卖盘
13:36:58,7.98,0.0,5,3990,卖盘
13:37:04,7.98,0.0,1,798,卖盘
13:37:13,7.98,0.0,10,7980,卖盘
13:37:19,7.98,0.0,10,7980,卖盘
13:37:22,7.98,0.0,25,19950,卖盘
13:37:25,7.98,0.0,4,3192,卖盘
13:37:31,7.98,0.0,2,1596,卖盘
13:38:25,7.98,0.0,10,7980,卖盘
13:38:49,7.98,0.0,9,7182,卖盘
13:38:58,7.98,0.0,3,2394,卖盘
13:39:04,7.98,0.0,4,3192,卖盘
13:39:16,7.98,0.0,2,1596,卖盘
13:39:19,7.98,0.0,4,3192,卖盘
13:39:43,7.98,0.0,10,7980,卖盘
13:39:46,7.98,0.0,3,2394,卖盘
13:39:49,7.98,0.0,1,798,卖盘
13:39:58,7.98,0.0,1,798,卖盘
13:40:04,7.98,0.0,1,798,卖盘
13:40:13,7.98,0.0,20,15960,卖盘
13:40:25,7.98,0.0,5,3990,卖盘
13:40:40,7.98,0.0,18,14364,卖盘
13:40:43,7.98,0.0,5,3990,卖盘
13:40:46,7.98,0.0,7,5586,卖盘
13:41:01,7.98,0.0,20,15960,卖盘
13:41:07,7.98,0.0,2,1596,卖盘
13:41:13,7.98,0.0,1,798,卖盘
13:41:31,7.98,0.0,12,9576,卖盘
13:42:07,7.98,0.0,1,798,卖盘
13:42:25,7.98,0.0,6,4788,卖盘
13:42:49,7.98,0.0,1,798,卖盘
13:42:52,7.98,0.0,50,39900,卖盘
13:42:55,7.98,0.0,24,19152,卖盘
13:42:58,7.98,0.0,1,798,卖盘
13:43:04,7.98,0.0,1,798,卖盘
13:43:10,7.98,0.0,5,3990,卖盘
13:43:19,7.98,0.0,211,168378,卖盘
13:43:40,7.98,0.0,5,3990,卖盘
13:43:46,7.98,0.0,25,19950,卖盘
13:43:52,7.98,0.0,45,35910,卖盘
13:44:10,7.98,0.0,3,2394,卖盘
13:44:19,7.98,0.0,10,7980,卖盘
13:44:43,7.98,0.0,1,798,卖盘
13:45:22,7.98,0.0,2,1596,卖盘
13:46:07,7.98,0.0,10,7980,卖盘
13:46:13,7.98,0.0,5,3990,卖盘
13:46:16,7.98,0.0,44,35112,卖盘
13:46:19,7.98,0.0,7,5586,卖盘
13:46:25,7.98,0.0,9,7182,卖盘
13:46:31,7.98,0.0,1,798,卖盘
13:46:34,7.98,0.0,55,43890,卖盘
13:46:37,7.98,0.0,64,51072,卖盘
13:46:43,7.98,0.0,60,47880,卖盘
13:47:04,7.98,0.0,2,1596,卖盘
13:47:16,7.98,0.0,5,3990,卖盘
13:47:19,7.98,0.0,5,3990,卖盘
13:47:25,7.98,0.0,1,798,卖盘
13:47:49,7.98,0.0,16,12768,卖盘
13:47:52,7.98,0.0,1,798,卖盘
13:48:01,7.98,0.0,5,3990,卖盘
13:48:19,7.98,0.0,17,13566,卖盘
13:48:28,7.98,0.0,58,46284,卖盘
13:48:31,7.98,0.0,3,2394,卖盘
13:48:34,7.98,0.0,18,14364,卖盘
13:48:52,7.98,0.0,10,7980,卖盘
13:48:55,7.98,0.0,1,798,卖盘
13:49:25,7.98,0.0,10,7980,卖盘
13:49:28,7.98,0.0,3,2394,卖盘
13:49:34,7.98,0.0,10,7980,卖盘
13:49:43,7.98,0.0,11,8778,卖盘
13:49:55,7.98,0.0,13,10374,卖盘
13:50:01,7.98,0.0,3,2394,卖盘
13:50:07,7.98,0.0,6,4788,卖盘
13:50:40,7.98,0.0,5,3990,卖盘
13:51:25,7.98,0.0,17,13566,卖盘
13:51:34,7.98,0.0,2,1596,卖盘
13:51:43,7.98,0.0,12,9576,卖盘
13:52:04,7.98,0.0,44,35112,卖盘
13:52:22,7.98,0.0,5,3990,卖盘
13:53:13,7.98,0.0,12,9576,卖盘
13:53:19,7.98,0.0,22,17556,卖盘
13:53:46,7.98,0.0,7,5586,卖盘
13:53:49,7.98,0.0,2,1596,卖盘
13:54:07,7.98,0.0,5,3990,卖盘
13:54:16,7.98,0.0,12,9576,卖盘
13:54:31,7.98,0.0,5,3990,卖盘
13:54:34,7.98,0.0,1,798,卖盘
13:54:43,7.98,0.0,6,4788,卖盘
13:54:55,7.98,0.0,5,3990,卖盘
13:54:58,7.98,0.0,1,798,卖盘
13:55:28,7.98,0.0,57,45486,卖盘
13:55:37,7.98,0.0,2,1596,卖盘
13:56:10,7.98,0.0,4,3192,卖盘
13:56:19,7.98,0.0,7,5586,卖盘
13:56:28,7.98,0.0,8,6384,卖盘
13:57:34,7.98,0.0,5,3990,卖盘
13:57:37,7.98,0.0,39,31122,卖盘
13:57:40,7.98,0.0,3,2394,卖盘
13:58:25,7.98,0.0,1,798,卖盘
13:58:31,7.98,0.0,158,126084,卖盘
13:58:34,7.98,0.0,44,35112,卖盘
13:58:52,7.98,0.0,21,16758,卖盘
13:59:04,7.98,0.0,3,2394,卖盘
13:59:16,7.98,0.0,1,798,卖盘
13:59:19,7.98,0.0,1,798,卖盘
13:59:28,7.98,0.0,43,34314,卖盘
14:00:16,7.98,0.0,3,2394,卖盘
14:01:19,7.98,0.0,1,798,卖盘
14:01:28,7.98,0.0,51,40698,卖盘
14:01:31,7.98,0.0,6,4788,卖盘
14:01:43,7.98,0.0,2,1596,卖盘
14:01:52,7.98,0.0,2,1596,卖盘
14:02:13,7.98,0.0,11,8778,卖盘
14:02:34,7.98,0.0,4,3192,卖盘
14:02:37,7.98,0.0,1,798,卖盘
14:02:40,7.98,0.0,2,1596,卖盘
14:03:19,7.98,0.0,10,7980,卖盘
14:03:22,7.98,0.0,2,1596,卖盘
14:03:25,7.98,0.0,1,798,卖盘
14:03:28,7.98,0.0,1,798,卖盘
14:03:31,7.98,0.0,11,8778,卖盘
14:03:34,7.98,0.0,109,86982,卖盘
14:04:01,7.98,0.0,1,798,卖盘
14:04:49,7.98,0.0,2,1596,卖盘
14:04:52,7.98,0.0,1,798,卖盘
14:04:55,7.98,0.0,5,3990,卖盘
14:05:01,7.98,0.0,1,798,卖盘
14:05:04,7.98,0.0,1,798,卖盘
14:05:25,7.98,0.0,74,59052,卖盘
14:05:55,7.98,0.0,23,18354,卖盘
14:06:28,7.98,0.0,6,4788,卖盘
14:06:31,7.98,0.0,14,11172,卖盘
14:06:34,7.98,0.0,13,10374,卖盘
14:07:04,7.98,0.0,1,798,卖盘
14:07:07,7.98,0.0,12,9576,卖盘
14:07:13,7.98,0.0,17,13566,卖盘
14:07:16,7.98,0.0,1,798,卖盘
14:07:58,7.98,0.0,1,798,卖盘
14:08:10,7.98,0.0,2,1596,卖盘
14:08:25,7.98,0.0,1,798,卖盘
14:08:37,7.98,0.0,14,11172,卖盘
14:08:40,7.98,0.0,1,798,卖盘
14:08:52,7.98,0.0,28,22344,卖盘
14:08:55,7.98,0.0,5,3990,卖盘
14:09:04,7.98,0.0,130,103740,卖盘
14:09:07,7.98,0.0,34,27132,卖盘
14:09:10,7.98,0.0,1,798,卖盘
14:09:40,7.98,0.0,32,25536,卖盘
14:10:01,7.98,0.0,18,14364,卖盘
14:10:04,7.98,0.0,22,17556,卖盘
14:10:07,7.98,0.0,4,3192,卖盘
14:10:10,7.98,0.0,3,2394,卖盘
14:10:16,7.98,0.0,1,798,卖盘
14:10:22,7.98,0.0,3,2394,卖盘
14:10:46,7.98,0.0,1,798,卖盘
14:12:10,7.98,0.0,25,19950,卖盘
14:12:13,7.98,0.0,1,798,卖盘
14:12:16,7.98,0.0,12,9576,卖盘
14:12:31,7.98,0.0,5,3990,卖盘
14:12:43,7.98,0.0,6,4788,卖盘
14:12:46,7.98,0.0,2,1596,卖盘
14:12:52,7.98,0.0,13,10374,卖盘
14:12:55,7.98,0.0,2,1596,卖盘
14:13:04,7.98,0.0,34,27132,卖盘
14:13:07,7.98,0.0,1,798,卖盘
14:13:28,7.98,0.0,5,3990,卖盘
14:13:31,7.98,0.0,12,9576,卖盘
14:13:34,7.98,0.0,2,1596,卖盘
14:13:40,7.98,0.0,1,798,卖盘
14:13:43,7.98,0.0,1,798,卖盘
14:14:16,7.98,0.0,3,2394,卖盘
14:14:19,7.98,0.0,3,2394,卖盘
14:14:40,7.98,0.0,5,3990,卖盘
14:15:13,7.98,0.0,23,18354,卖盘
14:15:28,7.98,0.0,22,17556,卖盘
14:16:13,7.98,0.0,16,12768,卖盘
14:16:16,7.98,0.0,2,1596,卖盘
14:16:31,7.98,0.0,2,1596,卖盘
14:16:34,7.98,0.0,6,4788,卖盘
14:16:37,7.98,0.0,1,798,卖盘
14:16:43,7.98,0.0,34,27132,卖盘
14:16:46,7.98,0.0,1,798,卖盘
14:16:58,7.98,0.0,57,45486,卖盘
14:17:01,7.98,0.0,10,7980,卖盘
14:17:04,7.98,0.0,10,7980,卖盘
14:17:07,7.98,0.0,2,1596,卖盘
14:17:37,7.98,0.0,8,6384,卖盘
14:17:40,7.98,0.0,7,5586,卖盘
14:17:55,7.98,0.0,60,47880,卖盘
14:17:58,7.98,0.0,11,8778,卖盘
14:18:01,7.98,0.0,20,15960,卖盘
14:18:22,7.98,0.0,1,798,卖盘
14:18:52,7.98,0.0,2,1596,卖盘
14:19:13,7.98,0.0,4,3192,卖盘
14:19:28,7.98,0.0,1,798,卖盘
14:19:34,7.98,0.0,50,39900,卖盘
14:19:37,7.98,0.0,9,7182,卖盘
14:19:40,7.98,0.0,31,24738,卖盘
14:19:43,7.98,0.0,8,6384,卖盘
14:19:46,7.98,0.0,1,798,卖盘
14:19:49,7.98,0.0,20,15960,卖盘
14:19:52,7.98,0.0,3,2394,卖盘
14:20:07,7.98,0.0,115,91770,卖盘
14:20:10,7.98,0.0,3,2394,卖盘
14:21:01,7.98,0.0,6,4788,卖盘
14:21:04,7.98,0.0,1,798,卖盘
14:21:07,7.98,0.0,35,27930,卖盘
14:21:10,7.98,0.0,6,4788,卖盘
14:21:19,7.98,0.0,12,9576,卖盘
14:21:31,7.98,0.0,3,2394,卖盘
14:21:34,7.98,0.0,10,7980,卖盘
14:21:46,7.98,0.0,2,1596,卖盘
14:21:58,7.98,0.0,10,7980,卖盘
14:22:13,7.98,0.0,1,798,卖盘
14:22:19,7.98,0.0,6,4788,卖盘
14:22:28,7.98,0.0,30,23940,卖盘
14:22:34,7.98,0.0,47,37506,卖盘
14:23:25,7.98,0.0,3,2394,卖盘
14:23:28,7.98,0.0,8,6384,卖盘
14:24:04,7.98,0.0,100,79800,卖盘
14:24:19,7.98,0.0,20,15960,卖盘
14:24:52,7.98,0.0,8,6384,卖盘
14:25:28,7.98,0.0,28,22344,卖盘
14:26:13,7.98,0.0,71,56658,卖盘
14:26:34,7.98,0.0,4,3192,卖盘
14:27:10,7.98,0.0,1,798,卖盘
14:27:31,7.98,0.0,4,3192,卖盘
14:27:37,7.98,0.0,1,798,卖盘
14:27:40,7.98,0.0,200,159600,卖盘
14:27:43,7.98,0.0,44,35112,卖盘
14:27:49,7.98,0.0,5,3990,卖盘
14:27:52,7.98,0.0,1,798,卖盘
14:27:58,7.98,0.0,18,14364,卖盘
14:28:28,7.98,0.0,4,3192,卖盘
14:28:40,7.98,0.0,10,7980,卖盘
14:28:43,7.98,0.0,1,798,卖盘
14:28:46,7.98,0.0,3,2394,卖盘
14:28:49,7.98,0.0,2,1596,卖盘
14:28:55,7.98,0.0,56,44688,卖盘
14:29:07,7.98,0.0,1,798,卖盘
14:29:10,7.98,0.0,39,31122,卖盘
14:29:22,7.98,0.0,5,3990,卖盘
14:29:40,7.98,0.0,3,2394,卖盘
14:29:46,7.98,0.0,1,798,卖盘
14:30:04,7.98,0.0,1,798,卖盘
14:30:16,7.98,0.0,13,10374,卖盘
14:30:19,7.98,0.0,60,47880,卖盘
14:30:31,7.98,0.0,2,1596,卖盘
14:30:58,7.98,0.0,1,798,卖盘
14:31:04,7.98,0.0,10,7980,卖盘
14:31:10,7.98,0.0,3,2394,卖盘
14:31:28,7.98,0.0,48,38304,卖盘
14:31:34,7.98,0.0,20,15960,卖盘
14:31:37,7.98,0.0,1,798,卖盘
14:32:13,7.98,0.0,13,10374,卖盘
14:32:19,7.98,0.0,3,2394,卖盘
14:32:22,7.98,0.0,6,4788,卖盘
14:32:25,7.98,0.0,10,7980,卖盘
14:32:28,7.98,0.0,5,3990,卖盘
14:32:52,7.98,0.0,3,2394,卖盘
14:33:28,7.98,0.0,1,798,卖盘
14:33:37,7.98,0.0,39,31122,卖盘
14:33:46,7.98,0.0,1,798,卖盘
14:34:01,7.98,0.0,68,54264,卖盘
14:34:10,7.98,0.0,45,35910,卖盘
14:34:31,7.98,0.0,3,2394,卖盘
14:34:40,7.98,0.0,3,2394,卖盘
14:35:04,7.98,0.0,1,798,卖盘
14:35:10,7.98,0.0,3,2394,卖盘
14:35:16,7.98,0.0,3,2394,卖盘
14:35:25,7.98,0.0,2,1596,卖盘
14:35:46,7.98,0.0,72,57456,卖盘
14:36:13,7.98,0.0,1,798,卖盘
14:36:46,7.98,0.0,1,798,卖盘
14:36:52,7.98,0.0,73,58254,卖盘
14:37:13,7.98,0.0,7,5586,卖盘
14:37:19,7.98,0.0,100,79800,卖盘
14:37:34,7.98,0.0,6,4788,卖盘
14:37:40,7.98,0.0,3,2394,卖盘
14:37:58,7.98,0.0,32,25536,卖盘
14:38:04,7.98,0.0,60,47880,卖盘
14:38:16,7.98,0.0,12,9576,卖盘
14:38:19,7.98,0.0,2,1596,卖盘
14:38:22,7.98,0.0,1,798,卖盘
14:38:25,7.98,0.0,41,32718,卖盘
14:38:34,7.98,0.0,2,1596,卖盘
14:38:40,7.98,0.0,3,2394,卖盘
14:38:49,7.98,0.0,13,10374,卖盘
14:38:55,7.98,0.0,1,798,卖盘
14:39:07,7.98,0.0,5,3990,卖盘
14:39:10,7.98,0.0,4,3192,卖盘
14:39:13,7.98,0.0,1,798,卖盘
14:39:16,7.98,0.0,10,7980,卖盘
14:39:34,7.98,0.0,4,3192,卖盘
14:39:55,7.98,0.0,1,798,卖盘
14:40:01,7.98,0.0,1,798,卖盘
14:40:04,7.98,0.0,2,1596,卖盘
14:40:16,7.98,0.0,10,7980,卖盘
14:40:22,7.98,0.0,26,20748,卖盘
14:41:04,7.98,0.0,5,3990,卖盘
14:41:07,7.98,0.0,5,3990,卖盘
14:41:10,7.98,0.0,6,4788,卖盘
14:41:28,7.98,0.0,6,4788,卖盘
14:41:37,7.98,0.0,89,71022,卖盘
14:41:40,7.98,0.0,35,27930,卖盘
14:41:52,7.98,0.0,10,7980,卖盘
14:42:10,7.98,0.0,6,4788,卖盘
14:42:25,7.98,0.0,20,15960,卖盘
14:42:34,7.98,0.0,1,798,卖盘
14:42:43,7.98,0.0,8,6384,卖盘
14:42:49,7.98,0.0,10,7980,卖盘
14:43:04,7.98,0.0,10,7980,卖盘
14:43:10,7.98,0.0,5,3990,卖盘
14:43:16,7.98,0.0,6,4788,卖盘
14:43:19,7.98,0.0,5,3990,卖盘
14:43:31,7.98,0.0,10,7980,卖盘
14:43:34,7.98,0.0,10,7980,卖盘
14:43:58,7.98,0.0,11,8778,卖盘
14:44:01,7.98,0.0,100,79800,卖盘
14:44:22,7.98,0.0,5,3990,卖盘
14:44:34,7.98,0.0,15,11970,卖盘
14:45:10,7.98,0.0,24,19152,卖盘
14:45:43,7.98,0.0,2,1596,卖盘
14:45:49,7.98,0.0,37,29526,卖盘
14:45:58,7.98,0.0,3,2394,卖盘
14:46:01,7.98,0.0,5,3990,卖盘
14:46:04,7.98,0.0,6,4788,卖盘
14:46:10,7.98,0.0,3,2394,卖盘
14:46:13,7.98,0.0,80,63840,卖盘
14:46:34,7.98,0.0,4,3192,卖盘
14:46:37,7.98,0.0,5,3990,卖盘
14:46:43,7.98,0.0,3,2394,卖盘
14:47:01,7.98,0.0,4,3192,卖盘
14:47:07,7.98,0.0,1,798,卖盘
14:47:10,7.98,0.0,3,2394,卖盘
14:47:16,7.98,0.0,10,7980,卖盘
14:47:31,7.98,0.0,14,11172,卖盘
14:47:43,7.98,0.0,15,11970,卖盘
14:47:58,7.98,0.0,1,798,卖盘
14:48:01,7.98,0.0,10,7980,卖盘
14:48:04,7.98,0.0,5,3990,卖盘
14:48:07,7.98,0.0,3,2394,卖盘
14:48:10,7.98,0.0,20,15960,卖盘
14:48:13,7.98,0.0,65,51870,卖盘
14:48:22,7.98,0.0,1,798,卖盘
14:48:40,7.98,0.0,1,798,卖盘
14:48:52,7.98,0.0,26,20748,卖盘
14:48:58,7.98,0.0,76,60648,卖盘
14:49:01,7.98,0.0,192,153216,卖盘
14:49:13,7.98,0.0,20,15960,卖盘
14:49:19,7.98,0.0,80,63840,卖盘
14:49:37,7.98,0.0,3,2394,卖盘
14:49:46,7.98,0.0,4,3192,卖盘
14:49:49,7.98,0.0,8,6384,卖盘
14:49:55,7.98,0.0,5,3990,卖盘
14:50:10,7.98,0.0,2,1596,卖盘
14:50:19,7.98,0.0,1,798,卖盘
14:50:22,7.98,0.0,4,3192,卖盘
14:50:34,7.98,0.0,10,7980,卖盘
14:50:37,7.98,0.0,1,798,卖盘
14:50:55,7.98,0.0,1,798,卖盘
14:51:10,7.98,0.0,1,798,卖盘
14:51:19,7.98,0.0,1,798,卖盘
14:51:40,7.98,0.0,1,798,卖盘
14:51:55,7.98,0.0,2,1596,卖盘
14:52:01,7.98,0.0,54,43092,卖盘
14:52:04,7.98,0.0,50,39900,卖盘
14:52:07,7.98,0.0,93,74214,卖盘
14:52:28,7.98,0.0,7,5586,卖盘
14:52:40,7.98,0.0,11,8778,卖盘
14:53:01,7.98,0.0,1,798,卖盘
14:53:10,7.98,0.0,4,3192,卖盘
14:53:13,7.98,0.0,4,3192,卖盘
14:53:19,7.98,0.0,72,57456,卖盘
14:53:25,7.98,0.0,8,6384,卖盘
14:53:37,7.98,0.0,4,3192,卖盘
14:53:49,7.98,0.0,18,14364,卖盘
14:54:01,7.98,0.0,12,9576,卖盘
14:54:04,7.98,0.0,10,7980,卖盘
14:54:07,7.98,0.0,50,39900,卖盘
14:54:19,7.98,0.0,116,92568,卖盘
14:54:37,7.98,0.0,25,19950,卖盘
14:54:46,7.98,0.0,1,798,卖盘
14:54:55,7.98,0.0,1,798,卖盘
14:55:07,7.98,0.0,56,44688,卖盘
14:55:13,7.98,0.0,1,798,卖盘
14:55:19,7.98,0.0,3,2394,卖盘
14:55:37,7.98,0.0,4,3192,卖盘
14:56:04,7.98,0.0,6,4788,卖盘
14:56:07,7.98,0.0,11,8778,卖盘
14:56:16,7.98,0.0,10,7980,卖盘
14:56:34,7.98,0.0,4,3192,卖盘
14:56:49,7.98,0.0,4,3192,卖盘
15:00:04,7.98,0.0,269,214662,卖盘
