成交时间,成交价格,价格变动,成交量,成交金额,性质
09:25:03,26.35,0.0,167,440045,卖盘
09:30:03,26.39,0.04,17,44876,买盘
09:30:06,26.35,-0.04,58,152990,卖盘
09:30:09,26.35,0.0,114,300286,买盘
09:30:12,26.39,0.04,22,58060,卖盘
09:30:15,26.35,-0.04,75,197878,卖盘
09:30:18,26.35,0.0,76,200426,卖盘
09:30:21,26.45,0.1,8,21160,买盘
09:30:24,26.45,0.0,22,58097,卖盘
09:30:27,26.4,-0.05,7,18480,中性盘
09:30:33,26.39,-0.01,13,34378,卖盘
09:30:36,26.38,-0.01,60,158244,卖盘
09:30:39,26.38,0.0,9,23742,买盘
09:30:42,26.54,0.16,33,87191,买盘
09:30:45,26.54,0.0,2,5308,买盘
09:30:48,26.54,0.0,13,34557,中性盘
09:30:51,26.59,0.05,1,2659,买盘
09:30:54,26.59,0.0,18,47872,卖盘
09:31:00,26.45,-0.14,32,84877,卖盘
09:31:03,26.59,0.14,4,10637,中性盘
09:31:06,26.6,0.01,3,7968,买盘
09:31:09,26.6,0.0,44,117040,买盘
09:31:12,26.65,0.05,41,109265,买盘
09:31:15,26.65,0.0,68,181278,卖盘
09:31:21,26.66,0.01,13,34658,卖盘
09:31:27,26.62,-0.04,45,119732,买盘
09:31:30,26.6,-0.02,14,37242,卖盘
09:31:33,26.59,-0.01,90,239310,卖盘
09:31:36,26.57,-0.02,21,55837,中性盘
09:31:39,26.6,0.03,2,5317,买盘
09:31:42,26.5,-0.1,13,34459,卖盘
09:31:45,26.57,0.07,9,23913,卖盘
09:31:57,26.53,-0.04,8,21256,卖盘
09:32:03,26.5,-0.03,30,79555,卖盘
09:32:09,26.52,0.02,59,156468,中性盘
09:32:12,26.53,0.01,10,26533,中性盘
09:32:18,26.55,0.02,10,26550,买盘
09:32:21,26.53,-0.02,5,13265,卖盘
09:32:24,26.54,0.01,24,63662,买盘
09:32:30,26.52,-0.02,1,2652,中性盘
09:32:33,26.54,0.02,28,74252,买盘
09:32:36,26.53,-0.01,23,61026,卖盘
09:32:42,26.53,0.0,15,39795,卖盘
09:32:45,26.58,0.05,50,132751,买盘
09:32:51,26.58,0.0,10,26580,买盘
09:33:00,26.6,0.02,10,26587,买盘
09:33:06,26.58,-0.02,50,132948,卖盘
09:33:09,26.57,-0.01,31,82307,买盘
09:33:12,26.54,-0.03,37,98198,卖盘
09:33:15,26.57,0.03,5,13285,买盘
09:33:18,26.58,0.01,7,18594,买盘
09:33:21,26.54,-0.04,40,106181,卖盘
09:33:24,26.51,-0.03,39,103427,卖盘
09:33:27,26.55,0.04,41,108837,买盘
09:33:30,26.55,0.0,9,23895,卖盘
09:33:33,26.5,-0.05,3,7950,卖盘
09:33:36,26.55,0.05,12,31854,买盘
09:33:45,26.52,-0.03,7,18564,卖盘
09:33:51,26.52,0.0,1,2652,卖盘
09:33:54,26.52,0.0,15,39811,卖盘
09:33:57,26.57,0.05,12,31843,买盘
09:34:09,26.61,0.04,31,82446,买盘
09:34:12,26.52,-0.09,86,228072,卖盘
09:34:15,26.57,0.05,2,5314,中性盘
09:34:18,26.57,0.0,1,2657,买盘
09:34:21,26.57,0.0,1,2657,买盘
09:34:24,26.53,-0.04,27,71655,卖盘
09:34:27,26.53,0.0,0,1061,买盘
09:34:30,26.57,0.04,6,15926,买盘
09:34:36,26.57,0.0,4,10628,买盘
09:34:39,26.57,0.0,1,2657,买盘
09:34:42,26.57,0.0,12,31884,买盘
09:34:45,26.57,0.0,1,2657,买盘
09:34:48,26.57,0.0,1,1594,买盘
09:35:06,26.6,0.03,3,7980,买盘
09:35:09,26.6,0.0,1,2660,买盘
09:35:12,26.6,0.0,25,66484,买盘
09:35:15,26.57,-0.03,14,38261,卖盘
09:35:18,26.57,0.0,5,13285,买盘
09:35:21,26.57,0.0,11,29227,买盘
09:35:24,26.6,0.03,10,25513,买盘
09:35:27,26.57,-0.03,10,26576,卖盘
09:35:30,26.55,-0.02,14,37175,卖盘
09:35:39,26.56,0.01,1,2656,卖盘
09:35:45,26.6,0.04,20,53200,买盘
09:35:48,26.6,0.0,55,146084,买盘
09:36:00,26.6,0.0,7,18621,卖盘
09:36:03,26.65,0.05,28,74620,买盘
09:36:06,26.67,0.02,19,50669,买盘
09:36:12,26.7,0.03,33,88115,买盘
09:36:18,26.71,0.01,4,10684,买盘
09:36:21,26.71,0.0,67,178959,买盘
09:36:24,26.71,0.0,17,45440,卖盘
09:36:27,26.74,0.03,2,5348,中性盘
09:36:30,26.71,-0.03,11,29387,卖盘
09:36:33,26.76,0.05,7,18732,买盘
09:36:36,26.77,0.01,4,10707,买盘
09:36:39,26.76,-0.01,9,24061,中性盘
09:36:42,26.75,-0.01,18,48160,中性盘
09:36:48,26.77,0.02,2,5354,买盘
09:36:54,26.74,-0.03,35,93622,卖盘
09:36:57,26.77,0.03,7,18729,买盘
09:37:00,26.77,0.0,7,18739,卖盘
09:37:03,26.76,-0.01,2,5352,卖盘
09:37:06,26.71,-0.05,41,109616,卖盘
09:37:09,26.75,0.04,73,195088,买盘
09:37:12,26.75,0.0,168,449400,卖盘
09:37:18,26.74,-0.01,4,10696,买盘
09:37:24,26.71,-0.03,26,69454,卖盘
09:37:30,26.71,0.0,10,26710,买盘
09:37:33,26.7,-0.01,41,109474,卖盘
09:37:36,26.71,0.01,5,13352,买盘
09:37:39,26.7,-0.01,26,69420,卖盘
09:37:42,26.7,0.0,56,149520,买盘
09:37:45,26.7,0.0,29,77343,买盘
09:37:51,26.66,-0.04,4,10664,卖盘
09:37:54,26.66,0.0,5,13330,卖盘
09:37:57,26.69,0.03,1,2669,买盘
09:38:00,26.66,-0.03,10,26660,卖盘
09:38:06,26.66,0.0,1,2666,卖盘
09:38:09,26.66,0.0,15,39990,卖盘
09:38:12,26.64,-0.02,24,63964,卖盘
09:38:21,26.64,0.0,6,15984,卖盘
09:38:30,26.64,0.0,14,37296,卖盘
09:38:33,26.63,-0.01,1,2663,中性盘
09:38:39,26.63,0.0,3,7989,买盘
09:38:48,26.63,0.0,17,45271,卖盘
09:38:54,26.62,-0.01,1,2662,中性盘
09:38:57,26.63,0.01,28,74560,买盘
09:39:06,26.67,0.04,9,24015,卖盘
09:39:09,26.61,-0.06,81,215657,卖盘
09:39:12,26.63,0.02,30,79806,买盘
09:39:15,26.58,-0.05,5,13290,卖盘
09:39:27,26.58,0.0,19,50502,卖盘
09:39:30,26.62,0.04,2,5323,买盘
09:39:39,26.58,-0.04,5,13292,卖盘
09:39:42,26.58,0.0,4,10632,卖盘
09:39:48,26.58,0.0,4,10632,买盘
09:39:54,26.58,0.0,44,116911,买盘
09:39:57,26.55,-0.03,62,164671,卖盘
09:40:00,26.56,0.01,34,90280,买盘
09:40:03,26.55,-0.01,0,1062,卖盘
09:40:06,26.51,-0.04,29,76919,卖盘
09:40:09,26.51,0.0,58,153758,卖盘
09:40:12,26.51,0.0,24,63624,卖盘
09:40:15,26.52,0.01,2,5304,买盘
09:40:21,26.53,0.01,1,2653,买盘
09:40:24,26.53,0.0,3,7959,买盘
09:40:36,26.51,-0.02,22,58360,卖盘
09:40:42,26.52,0.01,2,5304,买盘
09:40:51,26.54,0.02,24,63673,买盘
09:40:54,26.57,0.03,41,108859,买盘
09:41:03,26.55,-0.02,3,7965,卖盘
09:41:09,26.56,0.01,2,5312,买盘
09:41:12,26.53,-0.03,3,7963,卖盘
09:41:24,26.57,0.04,41,108920,买盘
09:41:27,26.53,-0.04,10,26560,卖盘
09:41:45,26.57,0.04,2,5314,买盘
09:41:48,26.54,-0.03,10,26544,卖盘
09:41:51,26.57,0.03,16,42512,买盘
09:41:57,26.57,0.0,32,85024,买盘
09:42:03,26.57,0.0,11,29227,买盘
09:42:06,26.57,0.0,13,34541,卖盘
09:42:09,26.57,0.0,5,13285,卖盘
09:42:12,26.57,0.0,9,23913,卖盘
09:42:15,26.58,0.01,16,42514,买盘
09:42:21,26.57,-0.01,10,26570,卖盘
09:42:27,26.56,-0.01,2,5312,中性盘
09:42:30,26.54,-0.02,21,55764,卖盘
09:42:33,26.55,0.01,5,13275,买盘
09:42:36,26.54,-0.01,2,5308,卖盘
09:42:39,26.54,0.0,35,92895,卖盘
09:42:48,26.53,-0.01,16,42448,卖盘
09:42:51,26.54,0.01,2,5308,买盘
09:42:57,26.5,-0.04,100,265104,卖盘
09:43:00,26.5,0.0,107,283550,卖盘
09:43:03,26.5,0.0,25,66250,卖盘
09:43:06,26.5,0.0,10,26500,买盘
09:43:09,26.49,-0.01,3,7947,卖盘
09:43:12,26.49,0.0,1,2649,买盘
09:43:15,26.44,-0.05,3,7932,卖盘
09:43:21,26.49,0.05,7,18543,买盘
09:43:24,26.49,0.0,2,5298,买盘
09:43:27,26.48,-0.01,79,208702,卖盘
09:43:30,26.48,0.0,3,7946,卖盘
09:43:33,26.48,0.0,3,7944,卖盘
09:43:36,26.54,0.06,1,2654,买盘
09:43:39,26.48,-0.06,6,15888,卖盘
09:43:51,26.49,0.01,2,5303,卖盘
09:43:54,26.49,0.0,6,15895,卖盘
09:43:57,26.54,0.05,8,21228,买盘
09:44:00,26.49,-0.05,20,52990,卖盘
09:44:06,26.54,0.05,3,7962,卖盘
09:44:09,26.57,0.03,10,26570,买盘
09:44:12,26.57,0.0,6,15939,买盘
09:44:15,26.54,-0.03,25,66410,卖盘
09:44:21,26.53,-0.01,5,13265,卖盘
09:44:30,26.53,0.0,5,13265,卖盘
09:44:33,26.56,0.03,7,18592,买盘
09:44:36,26.57,0.01,11,29226,买盘
09:44:42,26.57,0.0,5,13285,买盘
09:44:45,26.58,0.01,24,63792,买盘
09:44:54,26.64,0.06,8,21312,买盘
09:44:57,26.64,0.0,5,13317,买盘
09:45:03,26.58,-0.06,5,13291,卖盘
09:45:06,26.59,0.01,2,5318,买盘
09:45:09,26.58,-0.01,1,2658,卖盘
09:45:12,26.58,0.0,66,175342,卖盘
09:45:18,26.56,-0.02,11,29227,卖盘
09:45:24,26.6,0.04,1,2660,买盘
09:45:30,26.6,0.0,1,2660,买盘
09:45:36,26.6,0.0,10,26600,买盘
09:45:39,26.61,0.01,5,13305,卖盘
09:45:51,26.61,0.0,11,29261,中性盘
09:45:54,26.62,0.01,4,10648,买盘
09:45:57,26.62,0.0,44,117128,买盘
09:46:03,26.6,-0.02,2,5320,卖盘
09:46:09,26.6,0.0,10,26602,卖盘
09:46:21,26.63,0.03,5,13315,买盘
09:46:30,26.62,-0.01,3,7984,买盘
09:46:33,26.61,-0.01,5,13305,中性盘
09:46:39,26.62,0.01,18,47916,买盘
09:46:42,26.62,0.0,14,37268,卖盘
09:46:45,26.65,0.03,15,39957,买盘
09:46:48,26.65,0.0,5,13325,卖盘
09:47:00,26.69,0.04,40,106745,买盘
09:47:06,26.68,-0.01,5,13340,买盘
09:47:12,26.68,0.0,5,13340,中性盘
09:47:18,26.62,-0.06,5,13310,卖盘
09:47:24,26.68,0.06,25,66700,买盘
09:47:27,26.68,0.0,7,18676,卖盘
09:47:36,26.68,0.0,15,40020,买盘
09:47:39,26.68,0.0,7,18678,卖盘
09:47:42,26.62,-0.06,18,47964,卖盘
09:47:48,26.69,0.07,3,8007,买盘
09:48:09,26.68,-0.01,5,13340,买盘
09:48:24,26.67,-0.01,1,2667,买盘
09:48:30,26.65,-0.02,1,2665,卖盘
09:48:33,26.69,0.04,73,194706,买盘
09:48:36,26.7,0.01,135,360350,买盘
09:48:39,26.7,0.0,21,56070,买盘
09:48:42,26.71,0.01,75,200278,买盘
09:48:45,26.7,-0.01,5,13353,卖盘
09:48:48,26.74,0.04,1,2674,买盘
09:48:51,26.74,0.0,20,53480,买盘
09:48:57,26.74,0.0,2,5348,买盘
09:49:00,26.74,0.0,1,2674,买盘
09:49:06,26.76,0.02,89,238024,买盘
09:49:09,26.76,0.0,10,26765,买盘
09:49:12,26.77,0.01,7,18739,买盘
09:49:15,26.77,0.0,2,5354,买盘
09:49:18,26.77,0.0,21,56217,买盘
09:49:21,26.76,-0.01,8,21408,卖盘
09:49:24,26.76,0.0,2,5352,买盘
09:49:30,26.77,0.01,1,2677,买盘
09:49:33,26.76,-0.01,10,26760,卖盘
09:49:36,26.75,-0.01,2,5350,卖盘
09:49:39,26.76,0.01,104,278204,买盘
09:49:42,26.75,-0.01,5,13375,卖盘
09:49:48,26.76,0.01,7,18727,买盘
09:49:51,26.76,0.0,3,8028,买盘
09:49:54,26.76,0.0,13,34787,买盘
09:50:06,26.75,-0.01,11,29426,卖盘
09:50:09,26.76,0.01,10,26760,买盘
09:50:12,26.75,-0.01,3,8025,卖盘
09:50:21,26.76,0.01,11,29430,买盘
09:50:24,26.75,-0.01,26,69563,卖盘
09:50:30,26.75,0.0,49,131053,卖盘
09:50:33,26.74,-0.01,3,8024,卖盘
09:50:45,26.72,-0.02,1,2672,卖盘
09:50:54,26.7,-0.02,8,21361,卖盘
09:51:03,26.7,0.0,4,10680,卖盘
09:51:12,26.7,0.0,25,66750,卖盘
09:51:24,26.72,0.02,45,121270,买盘
09:51:27,26.73,0.01,2,5346,买盘
09:51:33,26.73,0.0,1,2673,买盘
09:51:42,26.74,0.01,9,24066,买盘
09:51:54,26.76,0.02,23,61497,买盘
09:52:00,26.77,0.01,18,48186,买盘
09:52:09,26.78,0.01,7,18743,买盘
09:52:12,26.76,-0.02,8,21418,卖盘
09:52:15,26.76,0.0,5,13380,卖盘
09:52:18,26.78,0.02,14,37492,买盘
09:52:21,26.76,-0.02,24,64232,卖盘
09:52:24,26.73,-0.03,13,34773,卖盘
09:52:30,26.71,-0.02,18,48092,卖盘
09:52:39,26.74,0.03,3,8022,中性盘
09:52:42,26.7,-0.04,32,85512,卖盘
09:52:45,26.7,0.0,12,32040,卖盘
09:52:48,26.7,0.0,19,50730,卖盘
09:52:51,26.7,0.0,11,29370,卖盘
09:52:54,26.7,0.0,1,2670,买盘
09:53:06,26.7,0.0,10,26715,卖盘
09:53:09,26.7,0.0,2,5340,买盘
09:53:12,26.75,0.05,17,45466,买盘
09:53:36,26.69,-0.06,13,34701,卖盘
09:53:51,26.69,0.0,12,32028,卖盘
09:53:54,26.67,-0.02,7,18669,卖盘
09:54:06,26.67,0.0,5,13334,中性盘
09:54:09,26.67,0.0,10,26670,卖盘
09:54:24,26.66,-0.01,4,10664,买盘
09:54:30,26.63,-0.03,4,10658,卖盘
09:54:39,26.63,0.0,2,5329,卖盘
09:55:00,26.63,0.0,8,21837,卖盘
09:55:09,26.62,-0.01,24,63911,卖盘
09:55:18,26.62,0.0,24,63888,卖盘
09:55:21,26.63,0.01,11,29293,卖盘
09:55:24,26.63,0.0,7,18641,卖盘
09:55:27,26.64,0.01,19,50608,买盘
09:55:30,26.63,-0.01,1,2131,卖盘
09:55:33,26.62,-0.01,1,2662,买盘
09:55:36,26.62,0.0,0,532,买盘
09:55:42,26.62,0.0,10,26620,卖盘
09:55:45,26.61,-0.01,24,63333,卖盘
09:55:48,26.61,0.0,29,77169,卖盘
09:56:03,26.6,-0.01,5,13301,卖盘
09:56:06,26.59,-0.01,67,178224,卖盘
09:56:09,26.59,0.0,10,26590,卖盘
09:56:15,26.59,0.0,3,7977,卖盘
09:56:18,26.59,0.0,4,10633,中性盘
09:56:21,26.6,0.01,38,101550,买盘
09:56:27,26.6,0.0,1,2660,卖盘
09:56:30,26.6,0.0,6,15962,卖盘
09:56:33,26.6,0.0,6,15960,卖盘
09:56:42,26.6,0.0,12,31925,卖盘
09:57:03,26.63,0.03,14,37282,买盘
09:57:09,26.61,-0.02,14,37254,卖盘
09:57:12,26.63,0.02,1,2663,买盘
09:57:18,26.62,-0.01,22,58584,中性盘
09:57:21,26.62,0.0,2,5324,买盘
09:57:24,26.62,0.0,2,5324,买盘
09:57:36,26.62,0.0,30,79860,买盘
09:57:39,26.61,-0.01,10,26610,卖盘
09:57:42,26.6,-0.01,22,58539,卖盘
09:57:45,26.6,0.0,94,250040,卖盘
09:57:48,26.6,0.0,4,10640,卖盘
09:57:51,26.6,0.0,1,2660,卖盘
09:58:00,26.62,0.02,5,13310,买盘
09:58:03,26.62,0.0,3,7986,买盘
09:58:06,26.62,0.0,9,23958,买盘
09:58:09,26.62,0.0,4,10648,卖盘
09:58:39,26.63,0.01,1,2663,中性盘
09:58:42,26.64,0.01,1,2664,买盘
09:58:48,26.64,0.0,24,63935,买盘
09:58:57,26.64,0.0,1,2664,买盘
09:59:00,26.62,-0.02,7,18642,卖盘
09:59:03,26.62,0.0,4,10648,卖盘
09:59:06,26.61,-0.01,31,82521,卖盘
09:59:09,26.61,0.0,19,50559,卖盘
09:59:12,26.6,-0.01,9,23940,卖盘
09:59:15,26.6,0.0,4,10640,卖盘
09:59:27,26.6,0.0,1,2660,卖盘
09:59:33,26.6,0.0,78,207480,卖盘
09:59:36,26.58,-0.02,37,97837,卖盘
09:59:42,26.57,-0.01,1,2657,卖盘
09:59:45,26.52,-0.05,50,132766,卖盘
10:00:00,26.52,0.0,11,29181,卖盘
10:00:03,26.61,0.09,4,10644,买盘
10:00:09,26.53,-0.08,12,31836,卖盘
10:00:12,26.53,0.0,2,5306,买盘
10:00:18,26.53,0.0,1,2653,卖盘
10:00:21,26.53,0.0,4,10612,卖盘
10:00:30,26.53,0.0,112,298041,卖盘
10:00:36,26.53,0.0,15,39795,卖盘
10:00:42,26.54,0.01,1,2654,卖盘
10:00:45,26.53,-0.01,1,2653,卖盘
10:00:48,26.54,0.01,1,2654,买盘
10:00:54,26.54,0.0,8,21232,买盘
10:01:03,26.54,0.0,22,58388,卖盘
10:01:06,26.52,-0.02,10,26527,卖盘
10:01:09,26.52,0.0,4,10608,卖盘
10:01:12,26.52,0.0,5,13260,卖盘
10:01:15,26.53,0.01,10,26530,买盘
10:01:21,26.54,0.01,5,13270,买盘
10:01:27,26.53,-0.01,7,18571,卖盘
10:01:30,26.53,0.0,4,10612,卖盘
10:01:33,26.53,0.0,39,103467,卖盘
10:01:36,26.52,-0.01,4,10608,卖盘
10:01:48,26.52,0.0,1,2652,卖盘
10:01:51,26.51,-0.01,13,34472,卖盘
10:01:54,26.52,0.01,1,2652,买盘
10:02:00,26.52,0.0,4,10605,买盘
10:02:06,26.5,-0.02,42,111340,卖盘
10:02:09,26.51,0.01,23,60955,买盘
10:02:12,26.5,-0.01,3,7950,卖盘
10:02:15,26.51,0.01,1,2651,买盘
10:02:18,26.51,0.0,1,2651,买盘
10:02:24,26.5,-0.01,2,5300,卖盘
10:02:27,26.5,0.0,9,23852,卖盘
10:02:30,26.5,0.0,1,2650,卖盘
10:02:33,26.5,0.0,2,5301,卖盘
10:02:36,26.5,0.0,4,10600,卖盘
10:02:39,26.5,0.0,5,13250,卖盘
10:02:42,26.5,0.0,8,21200,卖盘
10:02:45,26.51,0.01,3,7953,买盘
10:03:03,26.51,0.0,19,50361,买盘
10:03:09,26.5,-0.01,55,145750,卖盘
10:03:12,26.5,0.0,43,113950,卖盘
10:03:15,26.51,0.01,1,2651,买盘
10:03:18,26.48,-0.03,17,45026,卖盘
10:03:21,26.48,0.0,1,2648,卖盘
10:03:24,26.48,0.0,12,31776,卖盘
10:03:27,26.48,0.0,7,18536,卖盘
10:03:30,26.48,0.0,14,37072,卖盘
10:03:33,26.47,-0.01,10,26470,卖盘
10:03:36,26.46,-0.01,138,365664,卖盘
10:03:42,26.47,0.01,20,52940,买盘
10:03:45,26.47,0.0,11,29117,卖盘
10:03:48,26.51,0.04,29,76878,买盘
10:03:51,26.65,0.14,135,359709,买盘
10:04:03,26.65,0.0,17,45305,买盘
10:04:06,26.53,-0.12,2,5306,卖盘
10:04:12,26.64,0.11,3,7992,买盘
10:04:15,26.64,0.0,19,50558,买盘
10:04:18,26.64,0.0,33,87884,买盘
10:04:21,26.65,0.01,5,13324,买盘
10:04:30,26.67,0.02,1,2667,买盘
10:04:33,26.64,-0.03,15,39960,卖盘
10:04:42,26.65,0.01,10,26650,买盘
10:04:45,26.75,0.1,41,109551,买盘
10:04:48,26.79,0.04,238,638465,买盘
10:04:51,26.83,0.04,278,745075,买盘
10:04:54,26.86,0.03,23,61756,买盘
10:04:57,26.88,0.02,87,233855,买盘
10:05:00,26.88,0.0,7,18816,买盘
10:05:03,26.87,-0.01,9,24192,卖盘
10:05:09,26.88,0.01,23,61824,中性盘
10:05:12,26.89,0.01,39,104805,买盘
10:05:15,26.9,0.01,103,277218,买盘
10:05:18,26.97,0.07,23,62020,买盘
10:05:21,26.97,0.0,36,97098,买盘
10:05:24,26.98,0.01,58,156484,买盘
10:05:27,26.99,0.01,66,178124,买盘
10:05:30,27.05,0.06,195,526091,买盘
10:05:33,27.06,0.01,16,43296,买盘
10:05:36,27.1,0.04,64,173102,买盘
10:05:39,27.06,-0.04,31,83778,中性盘
10:05:42,27.1,0.04,110,298296,买盘
10:05:45,27.12,0.02,27,73204,买盘
10:05:48,27.15,0.03,17,45585,买盘
10:05:51,27.15,0.0,55,149349,买盘
10:05:54,27.15,0.0,69,187374,卖盘
10:05:57,27.15,0.0,202,548344,卖盘
10:06:00,27.2,0.05,192,521356,买盘
10:06:03,27.14,-0.06,50,135691,中性盘
10:06:06,26.96,-0.18,201,543137,卖盘
10:06:09,26.91,-0.05,71,191598,中性盘
10:06:12,26.96,0.05,6,16147,买盘
10:06:15,27.05,0.09,10,27050,买盘
10:06:18,26.97,-0.08,5,13485,卖盘
10:06:21,26.98,0.01,4,10792,卖盘
10:06:24,27.06,0.08,13,35178,买盘
10:06:27,26.98,-0.08,56,151065,买盘
10:06:30,27.02,0.04,5,13507,中性盘
10:06:33,27.02,0.0,5,13510,买盘
10:06:36,27.04,0.02,11,29742,买盘
10:06:39,27.04,0.0,38,102703,买盘
10:06:42,27.02,-0.02,8,21626,中性盘
10:06:45,27.0,-0.02,46,124246,卖盘
10:06:48,27.0,0.0,20,54000,买盘
10:06:51,26.98,-0.02,28,75589,卖盘
10:06:54,27.0,0.02,43,116088,买盘
10:06:57,26.98,-0.02,20,53960,卖盘
10:07:00,27.0,0.02,13,35092,买盘
10:07:03,27.0,0.0,5,13500,卖盘
10:07:06,27.02,0.02,27,72906,买盘
10:07:09,27.01,-0.01,7,18904,中性盘
10:07:12,27.01,0.0,10,27010,中性盘
10:07:15,27.0,-0.01,18,48601,卖盘
10:07:18,26.99,-0.01,8,21593,中性盘
10:07:21,26.95,-0.04,233,628170,卖盘
10:07:30,26.94,-0.01,8,21537,买盘
10:07:33,26.91,-0.03,10,26913,卖盘
10:07:36,26.9,-0.01,1,2690,卖盘
10:07:39,26.9,0.0,17,45730,卖盘
10:07:45,26.88,-0.02,17,45721,卖盘
10:07:48,26.9,0.02,3,8070,卖盘
10:07:51,26.88,-0.02,4,10752,卖盘
10:07:54,26.91,0.03,18,48427,买盘
10:07:57,26.9,-0.01,22,59189,卖盘
10:08:00,26.91,0.01,27,72619,买盘
10:08:03,26.9,-0.01,3,8068,买盘
10:08:09,26.93,0.03,14,37702,卖盘
10:08:12,26.92,-0.01,38,102363,卖盘
10:08:15,26.95,0.03,14,37732,买盘
10:08:18,26.96,0.01,36,97025,买盘
10:08:21,26.96,0.0,25,67400,中性盘
10:08:24,26.92,-0.04,31,83512,卖盘
10:08:27,26.98,0.06,42,113253,买盘
10:08:30,26.97,-0.01,2,5394,中性盘
10:08:33,26.97,0.0,6,16182,买盘
10:08:36,26.97,0.0,3,8091,卖盘
10:08:39,26.99,0.02,8,21592,买盘
10:08:42,27.0,0.01,14,37800,买盘
10:08:45,27.0,0.0,4,10799,买盘
10:08:48,27.0,0.0,29,78300,买盘
10:08:54,26.96,-0.04,230,620652,卖盘
10:08:57,26.95,-0.01,64,172498,中性盘
10:09:03,26.96,0.01,15,40401,买盘
10:09:06,26.94,-0.02,27,72775,卖盘
10:09:09,26.94,0.0,27,72731,卖盘
10:09:12,26.94,0.0,2,5388,买盘
10:09:15,27.0,0.06,18,48482,买盘
10:09:21,26.98,-0.02,4,10792,买盘
10:09:24,26.97,-0.01,3,8091,买盘
10:09:27,26.94,-0.03,7,18858,卖盘
10:09:30,26.94,0.0,16,43078,买盘
10:09:33,26.92,-0.02,21,56536,中性盘
10:09:36,26.91,-0.01,19,51131,卖盘
10:09:39,26.94,0.03,77,207208,买盘
10:09:54,26.91,-0.03,2,5382,买盘
10:09:57,26.91,0.0,2,5382,买盘
10:10:00,26.91,0.0,2,5382,买盘
10:10:03,26.85,-0.06,56,150525,卖盘
10:10:06,26.85,0.0,9,24158,买盘
10:10:09,26.85,0.0,17,45645,买盘
10:10:12,26.8,-0.05,4,10720,卖盘
10:10:15,26.8,0.0,5,13400,买盘
10:10:21,26.85,0.05,6,16110,买盘
10:10:24,26.88,0.03,83,223044,买盘
10:10:27,26.88,0.0,1,2688,卖盘
10:10:33,26.92,0.04,1,2692,买盘
10:10:36,26.92,0.0,20,53840,买盘
10:10:39,26.88,-0.04,65,174726,卖盘
10:10:42,26.87,-0.01,11,29553,中性盘
10:10:48,26.86,-0.01,1,2686,买盘
10:10:51,26.85,-0.01,6,16111,中性盘
10:11:00,26.84,-0.01,1,2684,买盘
10:11:03,26.84,0.0,4,10736,买盘
10:11:06,26.84,0.0,12,32208,买盘
10:11:09,26.86,0.02,13,34910,买盘
10:11:15,26.87,0.01,5,13435,买盘
10:11:18,26.86,-0.01,18,48348,卖盘
10:11:21,26.86,0.0,6,16116,买盘
10:11:24,26.86,0.0,2,5372,买盘
10:11:27,26.86,0.0,1,2686,买盘
10:11:30,26.86,0.0,5,13430,买盘
10:11:33,26.86,0.0,4,10744,卖盘
10:11:36,26.87,0.01,9,24182,买盘
10:11:45,26.88,0.01,2,5376,买盘
10:11:48,26.88,0.0,1,2688,买盘
10:11:51,26.88,0.0,26,69888,卖盘
10:12:00,26.89,0.01,23,61845,买盘
10:12:03,26.89,0.0,1,2689,卖盘
10:12:06,26.9,0.01,5,13450,买盘
10:12:09,26.89,-0.01,57,153286,卖盘
10:12:12,26.86,-0.03,86,231054,卖盘
10:12:15,26.87,0.01,19,51040,买盘
10:12:18,26.85,-0.02,4,10746,卖盘
10:12:21,26.89,0.04,5,13433,买盘
10:12:24,26.85,-0.04,30,80560,卖盘
10:12:27,26.86,0.01,2,5371,中性盘
10:12:33,26.85,-0.01,11,29536,卖盘
10:12:36,26.85,0.0,5,13425,买盘
10:12:39,26.85,0.0,56,150360,买盘
10:12:42,26.86,0.01,5,13430,买盘
10:12:45,26.89,0.03,26,69902,买盘
10:12:48,26.89,0.0,4,10756,卖盘
10:12:54,26.92,0.03,32,86130,买盘
10:12:57,26.92,0.0,24,64608,卖盘
10:13:00,26.92,0.0,2,5384,买盘
10:13:03,26.89,-0.03,10,26890,卖盘
10:13:06,26.91,0.02,94,252995,买盘
10:13:12,26.91,0.0,1,2691,买盘
10:13:15,26.91,0.0,5,13455,中性盘
10:13:18,26.91,0.0,15,40358,买盘
10:13:21,26.99,0.08,33,88881,买盘
10:13:24,26.98,-0.01,3,8094,买盘
10:13:30,26.99,0.01,28,75548,买盘
10:13:36,26.99,0.0,16,43184,买盘
10:13:39,26.98,-0.01,3,8094,中性盘
10:13:42,26.99,0.01,3,8097,买盘
10:13:45,26.94,-0.05,3,8082,卖盘
10:13:48,26.98,0.04,5,13490,买盘
10:13:51,26.93,-0.05,3,8081,卖盘
10:13:54,26.93,0.0,18,48480,卖盘
10:14:00,26.94,0.01,8,21544,买盘
10:14:03,26.9,-0.04,78,209935,卖盘
10:14:06,26.9,0.0,5,13450,买盘
10:14:12,26.94,0.04,10,26908,买盘
10:14:18,26.9,-0.04,5,13450,卖盘
10:14:24,26.92,0.02,7,18838,买盘
10:14:27,26.9,-0.02,5,13450,卖盘
10:14:30,26.92,0.02,4,10768,中性盘
10:14:33,26.93,0.01,26,70018,买盘
10:14:36,26.93,0.0,19,51167,卖盘
10:14:39,26.92,-0.01,2,5384,买盘
10:14:42,26.93,0.01,4,10772,卖盘
10:14:48,26.93,0.0,1,2693,卖盘
10:14:51,26.92,-0.01,2,5384,买盘
10:14:57,26.9,-0.02,10,26906,卖盘
10:15:00,26.93,0.03,27,72676,买盘
10:15:06,26.94,0.01,6,16164,买盘
10:15:12,26.97,0.03,19,51231,买盘
10:15:15,26.94,-0.03,25,67400,卖盘
10:15:18,26.98,0.04,4,10792,买盘
10:15:21,26.98,0.0,2,5396,买盘
10:15:24,26.99,0.01,16,43182,买盘
10:15:27,26.98,-0.01,10,26987,卖盘
10:15:30,26.98,0.0,28,75475,买盘
10:15:36,26.98,0.0,8,21578,买盘
10:15:39,26.96,-0.02,3,8088,中性盘
10:15:42,26.98,0.02,5,13487,买盘
10:15:45,26.96,-0.02,24,64705,卖盘
10:15:48,26.96,0.0,5,13477,买盘
10:15:51,26.94,-0.02,15,40410,卖盘
10:15:57,26.95,0.01,5,13475,买盘
10:16:00,26.95,0.0,19,51215,卖盘
10:16:03,26.96,0.01,6,16176,买盘
10:16:09,26.9,-0.06,149,401462,卖盘
10:16:12,26.93,0.03,51,137341,买盘
10:16:18,26.92,-0.01,11,29606,买盘
10:16:21,26.93,0.01,89,239666,买盘
10:16:30,26.93,0.0,6,16158,卖盘
10:16:33,26.92,-0.01,11,29614,卖盘
10:16:36,26.92,0.0,57,153444,卖盘
10:16:42,26.9,-0.02,78,209966,卖盘
10:16:45,26.9,0.0,34,91460,卖盘
10:16:51,26.9,0.0,73,196370,卖盘
10:16:54,26.88,-0.02,2,5376,中性盘
10:17:00,26.88,0.0,70,188126,买盘
10:17:12,26.88,0.0,19,51072,卖盘
10:17:21,26.83,-0.05,13,34896,卖盘
10:17:30,26.81,-0.02,5,13405,卖盘
10:17:36,26.81,0.0,8,21448,卖盘
10:17:42,26.81,0.0,40,107219,买盘
10:17:48,26.81,0.0,4,10724,买盘
10:17:51,26.81,0.0,5,13401,买盘
10:17:54,26.81,0.0,9,24127,买盘
10:17:57,26.8,-0.01,5,13400,卖盘
10:18:00,26.81,0.01,9,24129,买盘
10:18:03,26.81,0.0,9,24121,买盘
10:18:06,26.81,0.0,26,69668,买盘
10:18:09,26.77,-0.04,4,10710,卖盘
10:18:12,26.81,0.04,6,16084,买盘
10:18:27,26.77,-0.04,4,10708,卖盘
10:18:30,26.74,-0.03,2,5348,卖盘
10:18:39,26.79,0.05,32,85725,买盘
10:18:42,26.79,0.0,3,8037,卖盘
10:18:45,26.78,-0.01,9,24088,买盘
10:18:48,26.72,-0.06,31,82882,卖盘
10:19:03,26.74,0.02,1,2674,卖盘
10:19:06,26.72,-0.02,20,53458,卖盘
10:19:09,26.73,0.01,6,16031,买盘
10:19:15,26.7,-0.03,8,21370,卖盘
10:19:21,26.7,0.0,10,26700,卖盘
10:19:24,26.71,0.01,4,10684,买盘
10:19:30,26.73,0.02,12,32067,买盘
10:19:42,26.73,0.0,1,2673,卖盘
10:19:51,26.73,0.0,5,13365,卖盘
10:19:54,26.74,0.01,15,40110,买盘
10:19:57,26.73,-0.01,12,32076,卖盘
10:20:00,26.73,0.0,17,45441,卖盘
10:20:03,26.7,-0.03,11,29370,卖盘
10:20:06,26.7,0.0,47,125490,卖盘
10:20:09,26.7,0.0,2,5340,卖盘
10:20:12,26.7,0.0,28,74760,卖盘
10:20:15,26.71,0.01,3,8013,买盘
10:20:21,26.7,-0.01,13,34710,卖盘
10:20:24,26.7,0.0,24,64080,卖盘
10:20:33,26.7,0.0,2,5340,卖盘
10:20:39,26.7,0.0,4,10680,卖盘
10:20:42,26.7,0.0,29,77430,卖盘
10:20:45,26.7,0.0,2,5340,卖盘
10:20:48,26.7,0.0,1,2670,卖盘
10:20:51,26.7,0.0,5,13350,卖盘
10:21:03,26.7,0.0,3,8010,卖盘
10:21:06,26.67,-0.03,103,274937,卖盘
10:21:09,26.67,0.0,43,114642,买盘
10:21:12,26.65,-0.02,7,18655,卖盘
10:21:15,26.66,0.01,5,13326,买盘
10:21:18,26.65,-0.01,1,2665,卖盘
10:21:30,26.65,0.0,6,15990,卖盘
10:21:33,26.65,0.0,4,10660,卖盘
10:21:36,26.63,-0.02,16,42632,卖盘
10:21:39,26.65,0.02,22,58600,买盘
10:21:42,26.65,0.0,7,18645,买盘
10:21:45,26.65,0.0,2,5330,买盘
10:21:54,26.61,-0.04,2,5322,卖盘
10:22:00,26.61,0.0,8,21288,买盘
10:22:06,26.61,0.0,4,10644,买盘
10:22:09,26.59,-0.02,7,18619,卖盘
10:22:12,26.6,0.01,2,5320,买盘
10:22:15,26.59,-0.01,34,90421,卖盘
10:22:18,26.6,0.01,3,7980,中性盘
10:22:21,26.59,-0.01,9,23936,卖盘
10:22:24,26.6,0.01,9,23940,买盘
10:22:27,26.59,-0.01,6,15954,卖盘
10:22:36,26.59,0.0,10,26590,卖盘
10:22:39,26.59,0.0,4,10636,卖盘
10:22:45,26.57,-0.02,14,37198,卖盘
10:22:51,26.53,-0.04,1,2653,卖盘
10:22:57,26.56,0.03,11,29213,买盘
10:23:03,26.53,-0.03,3,7959,买盘
10:23:06,26.53,0.0,25,66317,买盘
10:23:09,26.53,0.0,17,45089,买盘
10:23:15,26.53,0.0,15,39795,买盘
10:23:21,26.55,0.02,4,10620,买盘
10:23:24,26.56,0.01,1,2656,买盘
10:23:27,26.55,-0.01,2,5310,中性盘
10:23:39,26.55,0.0,10,26549,买盘
10:23:42,26.55,0.0,2,5310,买盘
10:23:45,26.55,0.0,5,13275,卖盘
10:23:48,26.53,-0.02,9,23885,卖盘
10:23:51,26.53,0.0,4,10612,卖盘
10:23:54,26.53,0.0,7,18571,卖盘
10:24:00,26.53,0.0,5,13268,卖盘
10:24:03,26.51,-0.02,14,37132,卖盘
10:24:09,26.47,-0.04,102,270347,卖盘
10:24:12,26.47,0.0,13,34411,卖盘
10:24:15,26.46,-0.01,25,66155,卖盘
10:24:21,26.44,-0.02,44,116387,卖盘
10:24:24,26.43,-0.01,9,23787,卖盘
10:24:27,26.44,0.01,1,2644,买盘
10:24:33,26.43,-0.01,5,13215,卖盘
10:24:45,26.47,0.04,4,10588,买盘
10:24:48,26.44,-0.03,10,26440,卖盘
10:24:51,26.44,0.0,5,13220,卖盘
10:24:54,26.44,0.0,1,2644,买盘
10:24:57,26.44,0.0,27,71365,买盘
10:25:00,26.43,-0.01,14,37002,卖盘
10:25:03,26.44,0.01,33,87232,买盘
10:25:06,26.43,-0.01,21,55503,卖盘
10:25:09,26.42,-0.01,8,21136,卖盘
10:25:12,26.41,-0.01,2,5283,卖盘
10:25:15,26.42,0.01,3,7926,买盘
10:25:21,26.44,0.02,9,23792,买盘
10:25:24,26.42,-0.02,3,7926,卖盘
10:25:27,26.43,0.01,5,13215,卖盘
10:25:33,26.44,0.01,10,26440,买盘
10:25:36,26.44,0.0,8,21152,买盘
10:25:39,26.44,0.0,2,5288,卖盘
10:25:42,26.45,0.01,11,29087,买盘
10:25:45,26.43,-0.02,15,39668,卖盘
10:25:48,26.43,0.0,3,7931,卖盘
10:25:51,26.43,0.0,45,118913,卖盘
10:25:54,26.41,-0.02,22,58102,卖盘
10:26:00,26.41,0.0,13,34333,卖盘
10:26:03,26.4,-0.01,57,150526,卖盘
10:26:06,26.41,0.01,30,79204,买盘
10:26:09,26.39,-0.02,47,124056,卖盘
10:26:12,26.38,-0.01,2,5277,卖盘
10:26:15,26.4,0.02,1,2640,买盘
10:26:18,26.37,-0.03,10,26384,卖盘
10:26:21,26.37,0.0,10,26370,卖盘
10:26:27,26.36,-0.01,20,52720,卖盘
10:26:30,26.36,0.0,2,5272,买盘
10:26:33,26.36,0.0,10,26355,买盘
10:26:36,26.36,0.0,10,26360,买盘
10:26:39,26.36,0.0,1,2636,买盘
10:26:42,26.36,0.0,4,10544,买盘
10:26:48,26.37,0.01,5,13185,买盘
10:26:54,26.37,0.0,2,5274,买盘
10:27:00,26.38,0.01,13,34311,卖盘
10:27:03,26.38,0.0,3,7914,卖盘
10:27:09,26.42,0.04,30,79229,买盘
10:27:18,26.43,0.01,1,2643,买盘
10:27:21,26.43,0.0,56,148010,买盘
10:27:33,26.44,0.01,1,2644,中性盘
10:27:36,26.45,0.01,8,21159,买盘
10:27:39,26.45,0.0,21,55545,买盘
10:27:42,26.45,0.0,2,5290,买盘
10:27:45,26.45,0.0,71,187795,买盘
10:27:54,26.47,0.02,2,5294,买盘
10:27:57,26.47,0.0,1,2647,买盘
10:28:00,26.47,0.0,10,26470,买盘
10:28:03,26.47,0.0,127,335788,买盘
10:28:09,26.42,-0.05,6,15852,卖盘
10:28:12,26.45,0.03,4,10580,买盘
10:28:21,26.45,0.0,6,15870,买盘
10:28:33,26.45,0.0,5,13225,买盘
10:28:36,26.46,0.01,7,18522,买盘
10:28:48,26.47,0.01,7,18529,买盘
10:28:51,26.47,0.0,5,13235,买盘
10:28:54,26.46,-0.01,9,23821,卖盘
10:29:00,26.48,0.02,1,2648,买盘
10:29:03,26.43,-0.05,41,108433,卖盘
10:29:06,26.45,0.02,7,18503,买盘
10:29:09,26.43,-0.02,2,5285,买盘
10:29:12,26.43,0.0,7,18501,买盘
10:29:18,26.46,0.03,59,156017,买盘
10:29:21,26.46,0.0,11,29106,卖盘
10:29:27,26.44,-0.02,1,2644,买盘
10:30:00,26.44,0.0,39,103084,买盘
10:30:03,26.41,-0.03,40,105695,卖盘
10:30:06,26.39,-0.02,38,100317,卖盘
10:30:09,26.39,0.0,3,7918,卖盘
10:30:18,26.4,0.01,1,2640,中性盘
10:30:21,26.39,-0.01,9,23751,卖盘
10:30:27,26.39,0.0,8,21112,买盘
10:30:33,26.38,-0.01,3,7915,卖盘
10:30:36,26.39,0.01,8,21112,买盘
10:30:39,26.39,0.0,6,15834,买盘
10:30:42,26.38,-0.01,9,23742,卖盘
10:30:48,26.37,-0.01,54,142451,卖盘
10:30:51,26.37,0.0,6,15822,卖盘
10:30:57,26.38,0.01,5,13190,买盘
10:31:03,26.37,-0.01,2,5274,卖盘
10:31:06,26.38,0.01,6,15823,买盘
10:31:09,26.37,-0.01,2,5274,卖盘
10:31:12,26.38,0.01,14,36921,买盘
10:31:18,26.38,0.0,1,2638,买盘
10:31:21,26.37,-0.01,20,52740,卖盘
10:31:27,26.38,0.01,22,58036,买盘
10:31:30,26.38,0.0,3,7914,买盘
10:31:33,26.37,-0.01,5,13185,卖盘
10:31:39,26.38,0.01,22,58015,买盘
10:31:42,26.38,0.0,28,73823,卖盘
10:31:45,26.36,-0.02,29,76444,卖盘
10:31:48,26.36,0.0,13,34268,卖盘
10:31:54,26.35,-0.01,1,2635,卖盘
10:32:00,26.35,0.0,40,105400,卖盘
10:32:03,26.33,-0.02,70,184437,卖盘
10:32:06,26.31,-0.02,69,181608,卖盘
10:32:09,26.31,0.0,20,52620,卖盘
10:32:12,26.31,0.0,15,39465,卖盘
10:32:15,26.32,0.01,1,2632,卖盘
10:32:18,26.31,-0.01,29,76300,卖盘
10:32:21,26.32,0.01,1,2632,买盘
10:32:27,26.31,-0.01,28,73669,卖盘
10:32:30,26.26,-0.05,67,176053,卖盘
10:32:33,26.26,0.0,9,23634,买盘
10:32:39,26.26,0.0,1,2626,买盘
10:32:42,26.24,-0.02,18,47248,卖盘
10:32:45,26.23,-0.01,1,2623,买盘
10:32:54,26.23,0.0,4,10492,买盘
10:32:57,26.21,-0.02,10,26210,卖盘
10:33:00,26.21,0.0,14,36694,买盘
10:33:03,26.2,-0.01,157,411492,卖盘
10:33:06,26.21,0.01,85,222787,买盘
10:33:09,26.23,0.02,28,73428,买盘
10:33:12,26.21,-0.02,40,104856,卖盘
10:33:15,26.2,-0.01,157,411683,卖盘
10:33:18,26.22,0.02,16,41982,中性盘
10:33:21,26.25,0.03,6,15750,买盘
10:33:24,26.25,0.0,78,204750,买盘
10:33:27,26.25,0.0,44,115500,买盘
10:33:30,26.25,0.0,29,76125,买盘
10:33:33,26.26,0.01,102,267775,买盘
10:33:36,26.25,-0.01,12,31504,卖盘
10:33:45,26.28,0.03,55,144611,卖盘
10:33:48,26.29,0.01,16,42064,买盘
10:33:51,26.29,0.0,6,15774,买盘
10:33:54,26.29,0.0,30,78870,买盘
10:33:57,26.29,0.0,5,13145,买盘
10:34:09,26.3,0.01,1,2630,买盘
10:34:15,26.3,0.0,25,65750,买盘
10:34:21,26.3,0.0,1,2630,卖盘
10:34:30,26.35,0.05,2,5270,买盘
10:34:33,26.31,-0.04,1,2631,卖盘
10:34:42,26.32,0.01,1,2632,卖盘
10:34:45,26.34,0.02,17,44778,买盘
10:34:48,26.34,0.0,3,7902,买盘
10:34:54,26.35,0.01,3,7905,买盘
10:34:57,26.34,-0.01,1,2634,卖盘
10:35:03,26.35,0.01,7,18445,买盘
10:35:09,26.36,0.01,2,5271,买盘
10:35:12,26.35,-0.01,8,21080,卖盘
10:35:18,26.36,0.01,29,76445,卖盘
10:35:24,26.36,0.0,10,26360,买盘
10:35:27,26.36,0.0,15,39540,买盘
10:35:39,26.38,0.02,4,10552,买盘
10:35:42,26.38,0.0,11,29018,买盘
10:35:51,26.37,-0.01,32,84410,卖盘
10:35:54,26.37,0.0,9,23733,卖盘
10:35:57,26.35,-0.02,28,73793,卖盘
10:36:00,26.35,0.0,18,47430,卖盘
10:36:06,26.35,0.0,5,13175,买盘
10:36:12,26.35,0.0,1,2635,买盘
10:36:18,26.35,0.0,3,7905,卖盘
10:36:24,26.34,-0.01,2,5268,卖盘
10:36:27,26.35,0.01,3,7903,买盘
10:36:30,26.33,-0.02,39,102713,卖盘
10:36:33,26.35,0.02,20,52685,买盘
10:36:39,26.33,-0.02,12,31596,买盘
10:36:45,26.31,-0.02,20,52640,卖盘
10:36:48,26.33,0.02,1,2633,买盘
10:36:54,26.31,-0.02,7,18419,卖盘
10:36:57,26.31,0.0,8,21048,买盘
10:37:09,26.33,0.02,2,6320,卖盘
10:37:12,26.31,-0.02,21,54761,卖盘
10:37:15,26.31,0.0,1,2631,卖盘
10:37:33,26.31,0.0,8,21048,卖盘
10:37:39,26.3,-0.01,22,57870,卖盘
10:37:45,26.3,0.0,89,234074,卖盘
10:37:48,26.29,-0.01,35,91515,卖盘
10:37:51,26.28,-0.01,22,57816,卖盘
10:37:57,26.26,-0.02,5,13130,卖盘
10:38:03,26.28,0.02,1,2628,卖盘
10:38:06,26.22,-0.06,100,262575,卖盘
10:38:15,26.22,0.0,2,5244,卖盘
10:38:18,26.26,0.04,1,2626,卖盘
10:38:27,26.26,0.0,3,7878,卖盘
10:38:30,26.22,-0.04,82,215008,卖盘
10:38:36,26.23,0.01,1,2623,买盘
10:38:39,26.23,0.0,17,44578,买盘
10:38:42,26.22,-0.01,11,28849,卖盘
10:38:48,26.22,0.0,70,183602,卖盘
10:38:51,26.25,0.03,3,7875,买盘
10:38:54,26.22,-0.03,11,28850,卖盘
10:38:57,26.25,0.03,4,10500,买盘
10:39:03,26.22,-0.03,2,5244,卖盘
10:39:12,26.22,0.0,19,49820,卖盘
10:39:15,26.21,-0.01,39,102217,卖盘
10:39:18,26.21,0.0,86,225332,买盘
10:39:24,26.19,-0.02,3,7857,卖盘
10:39:27,26.19,0.0,15,39285,卖盘
10:39:30,26.19,0.0,62,162378,卖盘
10:39:39,26.18,-0.01,7,18326,卖盘
10:39:42,26.18,0.0,21,54978,卖盘
10:39:51,26.17,-0.01,16,41872,卖盘
10:39:54,26.16,-0.01,28,73240,卖盘
10:39:57,26.19,0.03,21,54959,买盘
10:40:00,26.18,-0.01,1,2618,卖盘
10:40:09,26.17,-0.01,10,26170,中性盘
10:40:12,26.18,0.01,5,13090,买盘
10:40:15,26.17,-0.01,26,68043,卖盘
10:40:21,26.19,0.02,20,52380,买盘
10:40:24,26.19,0.0,18,47127,买盘
10:40:27,26.18,-0.01,37,96879,买盘
10:40:30,26.19,0.01,20,52380,买盘
10:40:36,26.2,0.01,31,81236,卖盘
10:40:39,26.21,0.01,10,26210,买盘
10:40:42,26.18,-0.03,67,175441,卖盘
10:40:45,26.18,0.0,2,5236,买盘
10:40:54,26.2,0.02,12,31435,买盘
10:40:57,26.19,-0.01,7,18336,卖盘
10:41:03,26.21,0.02,2,5242,买盘
10:41:09,26.19,-0.02,4,10476,卖盘
10:41:12,26.22,0.03,15,39330,买盘
10:41:15,26.22,0.0,3,7866,卖盘
10:41:27,26.22,0.0,16,41967,卖盘
10:41:30,26.22,0.0,1,2622,卖盘
10:41:33,26.22,0.0,2,5244,卖盘
10:41:36,26.23,0.01,22,57703,卖盘
10:41:45,26.23,0.0,1,2623,卖盘
10:41:51,26.24,0.01,1,2624,买盘
10:41:57,26.25,0.01,2,5250,买盘
10:42:00,26.26,0.01,10,26260,买盘
10:42:03,26.25,-0.01,30,78771,卖盘
10:42:09,26.29,0.04,1,2629,买盘
10:42:12,26.25,-0.04,4,10502,卖盘
10:42:21,26.3,0.05,5,13150,买盘
10:42:24,26.33,0.03,10,26315,买盘
10:42:33,26.36,0.03,50,131747,买盘
10:42:36,26.33,-0.03,9,23697,卖盘
10:42:39,26.35,0.02,1,2635,中性盘
10:42:48,26.39,0.04,9,23224,中性盘
10:42:51,26.39,0.0,26,69138,卖盘
10:42:54,26.39,0.0,5,13195,买盘
10:42:57,26.35,-0.04,5,13175,卖盘
10:43:03,26.35,0.0,5,13175,卖盘
10:43:09,26.36,0.01,1,2636,卖盘
10:43:24,26.4,0.04,19,50100,买盘
10:43:36,26.37,-0.03,11,29007,买盘
10:43:39,26.35,-0.02,397,1046499,卖盘
10:43:42,26.35,0.0,25,65875,卖盘
10:43:45,26.36,0.01,4,10544,买盘
10:43:48,26.36,0.0,12,31632,买盘
10:43:51,26.35,-0.01,37,97496,卖盘
10:43:54,26.36,0.01,8,21088,买盘
10:44:06,26.35,-0.01,2,5270,卖盘
10:44:12,26.35,0.0,13,34255,卖盘
10:44:18,26.35,0.0,25,65875,卖盘
10:44:21,26.35,0.0,16,42160,买盘
10:44:39,26.36,0.01,1,2636,买盘
10:44:42,26.35,-0.01,1,2635,买盘
10:44:51,26.36,0.01,19,50084,买盘
10:44:57,26.37,0.01,2,5274,买盘
10:45:03,26.39,0.02,12,31668,买盘
10:45:15,26.4,0.01,4,10560,买盘
10:45:21,26.4,0.0,20,52800,买盘
10:45:24,26.4,0.0,1,2640,买盘
10:45:27,26.4,0.0,1,2640,买盘
10:45:39,26.4,0.0,5,13200,买盘
10:45:54,26.42,0.02,25,66050,买盘
10:45:57,26.43,0.01,9,23787,买盘
10:46:03,26.43,0.0,9,23787,卖盘
10:46:09,26.43,0.0,1,2643,买盘
10:46:12,26.44,0.01,13,34372,买盘
10:46:21,26.46,0.02,6,15876,买盘
10:46:24,26.46,0.0,1,2646,买盘
10:46:30,26.45,-0.01,15,39675,卖盘
10:46:36,26.47,0.02,4,10588,买盘
10:46:42,26.51,0.04,10,26509,买盘
10:46:45,26.5,-0.01,8,21200,买盘
10:46:48,26.51,0.01,6,15906,买盘
10:46:54,26.53,0.02,17,45100,中性盘
10:46:57,26.55,0.02,25,66375,买盘
10:47:00,26.56,0.01,10,26559,买盘
10:47:03,26.56,0.0,7,18592,买盘
10:47:06,26.55,-0.01,5,13275,买盘
10:47:09,26.51,-0.04,1,2651,卖盘
10:47:12,26.5,-0.01,15,39760,卖盘
10:47:18,26.54,0.04,6,15924,买盘
10:47:21,26.49,-0.05,8,21199,卖盘
10:47:24,26.49,0.0,16,42384,卖盘
10:47:33,26.5,0.01,4,10591,买盘
10:47:51,26.47,-0.03,25,66175,卖盘
10:47:54,26.47,0.0,30,79410,卖盘
10:47:57,26.44,-0.03,41,108518,卖盘
10:48:09,26.44,0.0,1,2644,卖盘
10:48:24,26.44,0.0,25,66100,卖盘
10:48:36,26.43,-0.01,1,2643,卖盘
10:48:42,26.4,-0.03,5,13200,卖盘
10:49:30,26.41,0.01,1,2641,买盘
10:49:48,26.41,0.0,21,55452,买盘
10:49:51,26.41,0.0,2,5282,买盘
10:49:54,26.42,0.01,2,5284,买盘
10:49:57,26.43,0.01,11,29064,买盘
10:50:00,26.44,0.01,10,26432,买盘
10:50:03,26.44,0.0,8,21152,买盘
10:50:09,26.46,0.02,9,23814,买盘
10:50:24,26.51,0.05,2,5302,买盘
10:50:51,26.47,-0.04,14,37058,卖盘
10:50:57,26.48,0.01,20,52942,买盘
10:51:21,26.47,-0.01,35,91592,卖盘
10:51:51,26.48,0.01,5,13240,卖盘
10:51:57,26.49,0.01,1,2649,买盘
10:52:00,26.48,-0.01,3,7944,卖盘
10:52:03,26.49,0.01,13,34432,买盘
10:52:15,26.5,0.01,11,29150,买盘
10:52:18,26.55,0.05,41,108695,买盘
10:52:33,26.54,-0.01,5,13270,买盘
10:52:36,26.54,0.0,7,18578,买盘
10:52:39,26.53,-0.01,28,74297,卖盘
10:52:45,26.52,-0.01,1,2652,卖盘
10:52:54,26.52,0.0,16,42431,买盘
10:52:57,26.51,-0.01,4,10604,卖盘
10:53:00,26.51,0.0,10,26510,卖盘
10:53:03,26.52,0.01,6,15908,买盘
10:53:09,26.51,-0.01,1,2651,买盘
10:53:18,26.51,0.0,1,2651,买盘
10:53:21,26.51,0.0,3,7953,买盘
10:53:24,26.5,-0.01,24,63612,卖盘
10:53:30,26.5,0.0,13,34454,卖盘
10:53:54,26.5,0.0,6,15900,卖盘
10:54:09,26.5,0.0,36,95400,卖盘
10:54:12,26.5,0.0,12,31802,买盘
10:54:15,26.52,0.02,50,132600,买盘
10:54:18,26.52,0.0,1,2652,买盘
10:54:21,26.52,0.0,5,13260,买盘
10:54:24,26.53,0.01,18,47753,买盘
10:54:27,26.53,0.0,6,15918,买盘
10:54:30,26.53,0.0,7,18571,卖盘
10:54:42,26.52,-0.01,6,15917,卖盘
10:54:48,26.53,0.01,3,7959,买盘
10:55:03,26.54,0.01,16,42464,卖盘
10:55:06,26.53,-0.01,18,47754,买盘
10:55:15,26.54,0.01,1,2654,买盘
10:55:24,26.54,0.0,2,5308,买盘
10:55:36,26.54,0.0,4,10616,卖盘
10:55:48,26.49,-0.05,6,15915,卖盘
10:55:57,26.47,-0.02,17,45008,卖盘
10:56:00,26.48,0.01,3,7944,买盘
10:56:03,26.51,0.03,3,7953,卖盘
10:56:33,26.48,-0.03,1,2648,卖盘
10:56:36,26.49,0.01,5,13775,买盘
10:56:42,26.49,0.0,3,7947,卖盘
10:56:54,26.49,0.0,1,2649,卖盘
10:57:06,26.49,0.0,16,42388,卖盘
10:57:39,26.49,0.0,7,18543,卖盘
10:58:18,26.5,0.01,13,34450,买盘
10:58:24,26.49,-0.01,13,34447,卖盘
10:58:27,26.53,0.04,1,2653,买盘
10:58:42,26.51,-0.02,2,5302,买盘
10:58:48,26.53,0.02,2,5306,买盘
10:58:57,26.55,0.02,55,146014,买盘
10:59:00,26.55,0.0,1,2655,买盘
10:59:03,26.55,0.0,15,39825,买盘
10:59:06,26.55,0.0,5,13275,买盘
10:59:09,26.55,0.0,2,5310,买盘
10:59:12,26.55,0.0,2,5310,买盘
10:59:21,26.55,0.0,8,21240,买盘
10:59:30,26.55,0.0,5,13275,买盘
10:59:42,26.56,0.01,1,2656,买盘
10:59:45,26.55,-0.01,20,53114,卖盘
11:00:00,26.57,0.02,4,10628,买盘
11:00:06,26.57,0.0,19,50483,买盘
11:00:09,26.57,0.0,19,50483,买盘
11:00:12,26.56,-0.01,40,106264,卖盘
11:00:15,26.56,0.0,29,77004,买盘
11:00:21,26.54,-0.02,1,2654,卖盘
11:00:27,26.54,0.0,1,2654,卖盘
11:00:30,26.55,0.01,13,34515,卖盘
11:00:33,26.55,0.0,1,2655,卖盘
11:00:36,26.55,0.0,6,15930,卖盘
11:00:45,26.54,-0.01,1,2654,卖盘
11:01:00,26.54,0.0,5,13270,卖盘
11:01:03,26.54,0.0,6,15924,卖盘
11:01:09,26.53,-0.01,1,2653,卖盘
11:01:12,26.53,0.0,25,66323,卖盘
11:01:15,26.53,0.0,4,10612,买盘
11:01:18,26.54,0.01,10,26540,买盘
11:01:33,26.54,0.0,5,13270,买盘
11:01:51,26.54,0.0,1,2654,卖盘
11:02:00,26.53,-0.01,14,37142,卖盘
11:02:06,26.53,0.0,20,53060,买盘
11:02:09,26.54,0.01,36,95510,买盘
11:02:12,26.55,0.01,4,10620,买盘
11:02:15,26.56,0.01,2,5312,买盘
11:02:42,26.58,0.02,5,13290,买盘
11:02:54,26.56,-0.02,2,5312,卖盘
11:03:12,26.56,0.0,1,2656,卖盘
11:03:18,26.56,0.0,7,18592,买盘
11:03:21,26.56,0.0,21,55776,卖盘
11:03:45,26.56,0.0,3,7968,买盘
11:04:06,26.58,0.02,10,26580,买盘
11:04:12,26.56,-0.02,13,34528,卖盘
11:04:15,26.56,0.0,2,5312,卖盘
11:04:42,26.56,0.0,2,5312,卖盘
11:04:48,26.56,0.0,2,5312,卖盘
11:04:51,26.51,-0.05,2,5303,卖盘
11:04:57,26.51,0.0,27,71577,卖盘
11:05:09,26.51,0.0,14,37114,卖盘
11:05:18,26.57,0.06,14,37198,买盘
11:05:21,26.49,-0.08,82,217552,卖盘
11:05:33,26.49,0.0,3,7947,卖盘
11:05:54,26.49,0.0,16,42385,卖盘
11:06:06,26.49,0.0,17,45033,卖盘
11:06:15,26.49,0.0,4,10066,卖盘
11:06:24,26.48,-0.01,23,60904,卖盘
11:06:36,26.47,-0.01,7,18529,卖盘
11:06:54,26.46,-0.01,3,7938,卖盘
11:07:18,26.48,0.02,20,52940,买盘
11:07:45,26.44,-0.04,6,15864,卖盘
11:07:48,26.48,0.04,15,39664,买盘
11:07:51,26.49,0.01,15,40255,买盘
11:07:54,26.5,0.01,25,66250,卖盘
11:08:09,26.56,0.06,10,26560,买盘
11:08:24,26.5,-0.06,17,45050,卖盘
11:09:12,26.52,0.02,5,13260,卖盘
11:09:18,26.56,0.04,5,13280,买盘
11:09:24,26.58,0.02,37,98304,买盘
11:09:27,26.58,0.0,39,103662,买盘
11:09:30,26.59,0.01,3,7976,买盘
11:09:36,26.58,-0.01,2,5316,卖盘
11:09:39,26.59,0.01,24,63816,买盘
11:09:57,26.59,0.0,11,29249,买盘
11:10:09,26.6,0.01,5,13300,买盘
11:10:24,26.6,0.0,2,5320,买盘
11:10:45,26.61,0.01,48,127690,买盘
11:11:27,26.53,-0.08,8,21236,卖盘
11:11:30,26.53,0.0,1,2653,卖盘
11:11:48,26.53,0.0,5,13265,卖盘
11:12:33,26.53,0.0,4,10612,卖盘
11:13:39,26.53,0.0,3,7959,卖盘
11:13:48,26.56,0.03,4,10624,买盘
11:13:54,26.54,-0.02,5,13271,卖盘
11:13:57,26.54,0.0,13,34502,卖盘
11:14:00,26.53,-0.01,1,2653,卖盘
11:14:06,26.53,0.0,1,2653,卖盘
11:14:21,26.53,0.0,19,50407,卖盘
11:14:24,26.5,-0.03,37,98093,卖盘
11:14:27,26.5,0.0,14,37100,卖盘
11:14:42,26.5,0.0,12,31800,卖盘
11:14:45,26.5,0.0,10,26500,卖盘
11:15:06,26.5,0.0,5,13250,卖盘
11:15:12,26.5,0.0,40,106000,卖盘
11:15:18,26.5,0.0,1,2650,买盘
11:15:21,26.5,0.0,51,135150,买盘
11:15:27,26.53,0.03,12,31836,买盘
11:15:30,26.5,-0.03,13,34465,卖盘
11:15:42,26.51,0.01,1,2651,卖盘
11:16:36,26.52,0.01,4,10608,卖盘
11:16:42,26.52,0.0,1,2652,买盘
11:16:54,26.52,0.0,6,15912,买盘
11:17:09,26.62,0.1,133,353873,买盘
11:17:12,26.62,0.0,7,18634,卖盘
11:17:15,26.53,-0.09,8,21251,卖盘
11:17:18,26.62,0.09,2,5324,买盘
11:17:45,26.53,-0.09,2,5306,卖盘
11:17:54,26.53,0.0,10,26530,卖盘
11:18:18,26.61,0.08,3,7983,买盘
11:18:45,26.62,0.01,10,26620,买盘
11:19:12,26.62,0.0,8,21296,买盘
11:19:54,26.61,-0.01,11,29281,卖盘
11:20:06,26.61,0.0,2,5322,卖盘
11:20:18,26.6,-0.01,8,21287,卖盘
11:20:36,26.56,-0.04,1,2656,卖盘
11:20:39,26.56,0.0,5,13280,卖盘
11:21:48,26.6,0.04,5,13300,买盘
11:21:51,26.6,0.0,4,10640,买盘
11:21:54,26.61,0.01,2,5322,买盘
11:22:06,26.59,-0.02,1,2659,卖盘
11:22:15,26.61,0.02,1,2661,买盘
11:22:21,26.59,-0.02,2,5318,卖盘
11:22:24,26.57,-0.02,26,69113,卖盘
11:22:27,26.57,0.0,3,7971,卖盘
11:22:36,26.58,0.01,1,2658,买盘
11:23:03,26.58,0.0,18,47845,卖盘
11:23:06,26.56,-0.02,1,2656,卖盘
11:23:09,26.55,-0.01,31,82328,卖盘
11:23:12,26.54,-0.01,29,76984,卖盘
11:23:24,26.54,0.0,5,13270,卖盘
11:23:48,26.54,0.0,70,185766,卖盘
11:23:51,26.54,0.0,8,21232,买盘
11:23:54,26.54,0.0,1,2654,买盘
11:23:57,26.53,-0.01,50,132651,卖盘
11:24:18,26.54,0.01,17,45118,卖盘
11:24:27,26.54,0.0,8,21232,卖盘
11:24:39,26.54,0.0,10,26540,卖盘
11:24:42,26.55,0.01,12,31851,买盘
11:24:54,26.6,0.05,3,7980,买盘
11:24:57,26.56,-0.04,1,2656,卖盘
11:25:00,26.55,-0.01,5,13275,卖盘
11:25:03,26.55,0.0,6,15930,卖盘
11:25:09,26.54,-0.01,1,2654,卖盘
11:25:12,26.54,0.0,1,2654,卖盘
11:25:51,26.54,0.0,2,5308,卖盘
11:25:57,26.54,0.0,8,21232,卖盘
11:26:12,26.53,-0.01,5,13265,卖盘
11:26:15,26.53,0.0,4,10612,卖盘
11:26:21,26.54,0.01,2,5308,买盘
11:26:24,26.53,-0.01,38,100814,卖盘
11:26:36,26.52,-0.01,23,60996,卖盘
11:26:48,26.53,0.01,1,2653,卖盘
11:26:51,26.53,0.0,2,5306,买盘
11:26:54,26.53,0.0,1,2653,买盘
11:27:06,26.53,0.0,1,2653,买盘
11:27:09,26.53,0.0,3,7959,买盘
11:27:15,26.52,-0.01,2,5304,卖盘
11:27:21,26.52,0.0,3,7956,卖盘
11:27:27,26.52,0.0,15,39780,卖盘
11:27:30,26.52,0.0,7,18564,卖盘
11:27:33,26.52,0.0,2,5304,卖盘
11:27:36,26.52,0.0,2,5304,卖盘
11:27:51,26.52,0.0,2,5304,卖盘
11:27:54,26.52,0.0,12,31824,卖盘
11:28:03,26.52,0.0,2,5304,卖盘
11:28:06,26.5,-0.02,42,111336,卖盘
11:28:12,26.5,0.0,20,53000,卖盘
11:28:18,26.5,0.0,6,15900,卖盘
11:28:51,26.5,0.0,6,15900,卖盘
11:29:00,26.49,-0.01,12,31797,卖盘
11:29:03,26.49,0.0,6,15894,买盘
11:29:06,26.48,-0.01,3,7946,卖盘
11:29:21,26.52,0.04,11,29172,买盘
11:29:33,26.52,0.0,1,2652,卖盘
11:29:39,26.52,0.0,20,53052,卖盘
13:00:03,26.54,0.02,32,84920,买盘
13:00:09,26.67,0.13,239,636964,买盘
13:00:12,26.71,0.04,286,763564,买盘
13:00:15,26.72,0.01,39,104170,买盘
13:00:18,26.81,0.09,74,197943,买盘
13:00:21,26.87,0.06,27,72529,买盘
13:00:24,26.9,0.03,15,40348,买盘
13:00:27,26.93,0.03,16,43073,买盘
13:00:30,26.95,0.02,61,164420,买盘
13:00:33,26.98,0.03,103,278030,买盘
13:00:36,27.0,0.02,223,601342,买盘
13:00:39,26.93,-0.07,15,40395,买盘
13:00:42,26.98,0.05,75,202350,买盘
13:00:45,26.92,-0.06,60,161682,卖盘
13:00:48,27.0,0.08,225,607162,买盘
13:00:51,27.02,0.02,83,224172,买盘
13:00:54,27.01,-0.01,41,110769,卖盘
13:00:57,27.01,0.0,16,43258,卖盘
13:01:00,27.02,0.01,18,48625,中性盘
13:01:03,27.04,0.02,42,113537,买盘
13:01:06,27.02,-0.02,31,83797,卖盘
13:01:09,27.05,0.03,253,684179,买盘
13:01:12,27.08,0.03,39,105680,卖盘
13:01:15,27.11,0.03,39,105729,卖盘
13:01:18,27.11,0.0,41,111151,买盘
13:01:21,27.13,0.02,281,762199,买盘
13:01:24,27.12,-0.01,28,75949,卖盘
13:01:27,27.13,0.01,18,48819,中性盘
13:01:30,27.12,-0.01,322,873888,卖盘
13:01:33,27.11,-0.01,91,246857,卖盘
13:01:36,27.11,0.0,6,16263,中性盘
13:01:39,27.11,0.0,43,116551,买盘
13:01:42,27.19,0.08,857,2328287,买盘
13:01:45,27.22,0.03,493,1340989,买盘
13:01:48,27.26,0.04,255,694660,买盘
13:01:51,27.26,0.0,14,38131,买盘
13:01:54,27.26,0.0,46,125271,买盘
13:01:57,27.23,-0.03,94,256085,中性盘
13:02:00,27.26,0.03,43,117168,买盘
13:02:03,27.29,0.03,324,883270,买盘
13:02:06,27.38,0.09,351,959672,买盘
13:02:09,27.43,0.05,239,654855,买盘
13:02:12,27.5,0.07,362,994348,买盘
13:02:15,27.56,0.06,62,170622,买盘
13:02:18,27.58,0.02,129,355586,买盘
13:02:21,27.66,0.08,269,742853,买盘
13:02:24,27.7,0.04,106,293116,买盘
13:02:27,27.7,0.0,248,686036,中性盘
13:02:30,27.68,-0.02,101,279951,卖盘
13:02:33,27.68,0.0,58,160236,买盘
13:02:36,27.68,0.0,282,781145,买盘
13:02:39,27.62,-0.06,377,1043193,卖盘
13:02:42,27.68,0.06,50,138363,买盘
13:02:45,28.2,0.52,881,2461222,买盘
13:02:48,28.17,-0.03,233,656716,卖盘
13:02:51,28.18,0.01,133,374764,卖盘
13:02:54,28.2,0.02,388,1093545,买盘
13:02:57,28.4,0.2,69,194912,买盘
13:03:00,28.53,0.13,212,605678,买盘
13:03:03,28.25,-0.28,355,1014226,卖盘
13:03:06,28.17,-0.08,328,929527,卖盘
13:03:09,28.16,-0.01,93,261877,中性盘
13:03:12,27.85,-0.31,44,123235,中性盘
13:03:15,27.85,0.0,74,206554,卖盘
13:03:18,27.85,0.0,129,359692,买盘
13:03:21,27.86,0.01,128,356681,中性盘
13:03:24,27.96,0.1,136,380565,中性盘
13:03:27,27.95,-0.01,46,128628,卖盘
13:03:30,28.0,0.05,100,280000,买盘
13:03:33,28.0,0.0,121,338817,买盘
13:03:36,28.25,0.25,295,831287,买盘
13:03:39,28.27,0.02,107,301451,买盘
13:03:42,28.16,-0.11,138,388716,卖盘
13:03:45,28.02,-0.14,154,433216,卖盘
13:03:48,28.02,0.0,160,449663,卖盘
13:03:51,28.05,0.03,66,185322,买盘
13:03:54,28.05,0.0,76,212939,买盘
13:03:57,28.0,-0.05,138,386184,卖盘
13:04:00,28.0,0.0,85,237939,买盘
13:04:03,27.92,-0.08,30,83893,卖盘
13:04:06,27.93,0.01,464,1300898,买盘
13:04:09,28.03,0.1,68,190416,买盘
13:04:12,28.09,0.06,28,78637,中性盘
13:04:15,28.12,0.03,61,171403,买盘
13:04:18,28.13,0.01,112,315008,买盘
13:04:21,28.14,0.01,545,1533753,买盘
13:04:24,28.25,0.11,322,907461,买盘
13:04:27,28.28,0.03,140,395746,买盘
13:04:30,28.4,0.12,115,326398,买盘
13:04:33,28.5,0.1,201,572559,买盘
13:04:36,28.51,0.01,93,265035,买盘
13:04:39,28.51,0.0,249,709224,卖盘
13:04:42,28.5,-0.01,136,387866,卖盘
13:04:45,28.5,0.0,193,549810,卖盘
13:04:48,28.51,0.01,230,655403,买盘
13:04:51,28.42,-0.09,198,564020,卖盘
13:04:54,28.42,0.0,330,935945,卖盘
13:04:57,28.5,0.08,149,423382,买盘
13:05:00,28.42,-0.08,31,87946,买盘
13:05:03,28.25,-0.17,6,16975,卖盘
13:05:06,28.05,-0.2,90,253565,卖盘
13:05:09,28.28,0.23,215,605621,买盘
13:05:12,28.4,0.12,123,348319,买盘
13:05:15,28.29,-0.11,29,82125,卖盘
13:05:18,28.31,0.02,185,523744,中性盘
13:05:21,28.29,-0.02,152,430380,卖盘
13:05:24,28.29,0.0,37,104708,中性盘
13:05:27,28.28,-0.01,247,697048,中性盘
13:05:30,28.37,0.09,562,1591571,买盘
13:05:33,28.42,0.05,307,872882,买盘
13:05:36,28.51,0.09,636,1810355,买盘
13:05:39,28.56,0.05,177,505407,买盘
13:05:42,28.6,0.04,306,874283,买盘
13:05:45,28.77,0.17,123,353159,买盘
13:05:48,28.88,0.11,269,773815,买盘
13:05:51,29.34,0.46,3708,10852477,买盘
13:05:54,29.34,0.0,259,759906,卖盘
13:05:57,29.34,0.0,253,741128,卖盘
13:06:00,29.34,0.0,86,251151,卖盘
13:06:03,29.34,0.0,357,1047438,卖盘
13:06:06,29.34,0.0,210,616140,卖盘
13:06:09,29.34,0.0,186,545724,卖盘
13:06:12,29.34,0.0,279,818586,卖盘
13:06:15,29.34,0.0,124,363816,卖盘
13:06:18,29.34,0.0,95,278730,卖盘
13:06:21,29.34,0.0,72,211248,卖盘
13:06:24,29.34,0.0,559,1640106,卖盘
13:06:27,29.34,0.0,194,569196,卖盘
13:06:30,29.34,0.0,178,522252,卖盘
13:06:33,29.34,0.0,108,316872,卖盘
13:06:36,29.34,0.0,188,551592,卖盘
13:06:39,29.34,0.0,142,416628,卖盘
13:06:42,29.34,0.0,73,214182,卖盘
13:06:45,29.34,0.0,67,196578,卖盘
13:06:48,29.34,0.0,100,293400,卖盘
13:06:51,29.34,0.0,111,325674,卖盘
13:06:54,29.34,0.0,53,156088,卖盘
13:06:57,29.34,0.0,20,58094,卖盘
13:07:00,29.34,0.0,34,100342,卖盘
13:07:03,29.34,0.0,16,46944,卖盘
13:07:06,29.34,0.0,61,178974,卖盘
13:07:09,29.34,0.0,100,293987,卖盘
13:07:12,29.34,0.0,18,52812,卖盘
13:07:15,29.34,0.0,33,96822,卖盘
13:07:21,29.34,0.0,42,123228,卖盘
13:07:24,29.34,0.0,111,325674,卖盘
13:07:27,29.34,0.0,44,130270,卖盘
13:07:30,29.34,0.0,36,105624,卖盘
13:07:33,29.34,0.0,21,61614,卖盘
13:07:36,29.34,0.0,40,117360,卖盘
13:07:39,29.34,0.0,38,111492,卖盘
13:07:42,29.34,0.0,18,52812,卖盘
13:07:45,29.34,0.0,1,2934,卖盘
13:07:48,29.34,0.0,9,26406,卖盘
13:07:51,29.34,0.0,21,61614,卖盘
13:07:54,29.34,0.0,31,90954,卖盘
13:07:57,29.34,0.0,72,211248,卖盘
13:08:00,29.34,0.0,62,180734,卖盘
13:08:03,29.34,0.0,23,67482,卖盘
13:08:06,29.34,0.0,72,211248,卖盘
13:08:09,29.34,0.0,9,26406,卖盘
13:08:12,29.34,0.0,9,26406,卖盘
13:08:15,29.34,0.0,10,29340,卖盘
13:08:18,29.34,0.0,45,132030,卖盘
13:08:21,29.34,0.0,34,99756,卖盘
13:08:27,29.34,0.0,110,322740,卖盘
13:08:30,29.34,0.0,51,149634,卖盘
13:08:33,29.34,0.0,17,49878,卖盘
13:08:36,29.34,0.0,4,11736,卖盘
13:08:39,29.34,0.0,22,64548,卖盘
13:08:42,29.34,0.0,70,205380,卖盘
13:08:45,29.34,0.0,4,11736,卖盘
13:08:48,29.34,0.0,5,14670,卖盘
13:08:51,29.34,0.0,3,8802,卖盘
13:08:54,29.34,0.0,13,38142,卖盘
13:08:57,29.34,0.0,23,67482,卖盘
13:09:00,29.34,0.0,21,61614,卖盘
13:09:03,29.34,0.0,12,35208,卖盘
13:09:06,29.34,0.0,7,20538,卖盘
13:09:12,29.34,0.0,15,44010,卖盘
13:09:15,29.34,0.0,2,5868,卖盘
13:09:18,29.34,0.0,30,88020,卖盘
13:09:21,29.34,0.0,1,2934,卖盘
13:09:24,29.34,0.0,1,2934,卖盘
13:09:30,29.34,0.0,34,99756,卖盘
13:09:36,29.34,0.0,6,17604,卖盘
13:09:39,29.34,0.0,14,41076,卖盘
13:09:42,29.34,0.0,9,26406,卖盘
13:09:45,29.34,0.0,16,46944,卖盘
13:09:48,29.34,0.0,20,58680,卖盘
13:09:51,29.34,0.0,39,114426,卖盘
13:09:57,29.34,0.0,25,73350,卖盘
13:10:00,29.34,0.0,113,331542,卖盘
13:10:03,29.34,0.0,156,457704,卖盘
13:10:06,29.34,0.0,6,17604,卖盘
13:10:09,29.34,0.0,20,58680,卖盘
13:10:12,29.34,0.0,2,5868,卖盘
13:10:15,29.34,0.0,3,8802,卖盘
13:10:18,29.34,0.0,15,44010,卖盘
13:10:21,29.34,0.0,160,469440,卖盘
13:10:24,29.34,0.0,13,38142,卖盘
13:10:27,29.34,0.0,15,44010,卖盘
13:10:30,29.34,0.0,20,58680,卖盘
13:10:33,29.34,0.0,200,586800,卖盘
13:10:36,29.34,0.0,29,85086,卖盘
13:10:39,29.34,0.0,27,79218,卖盘
13:10:42,29.34,0.0,16,46944,卖盘
13:10:45,29.34,0.0,3,8215,卖盘
13:10:48,29.34,0.0,14,41076,卖盘
13:10:51,29.34,0.0,16,46944,卖盘
13:10:54,29.34,0.0,11,32274,卖盘
13:10:57,29.34,0.0,40,117360,卖盘
13:11:00,29.34,0.0,22,64548,卖盘
13:11:03,29.34,0.0,2,5868,卖盘
13:11:06,29.34,0.0,4,11736,卖盘
13:11:09,29.34,0.0,12,35208,卖盘
13:11:12,29.34,0.0,5,15257,卖盘
13:11:15,29.34,0.0,4,11736,卖盘
13:11:18,29.34,0.0,7,20538,卖盘
13:11:21,29.34,0.0,4,11736,卖盘
13:11:33,29.34,0.0,3,8802,卖盘
13:11:39,29.34,0.0,6,17604,卖盘
13:11:42,29.34,0.0,43,126162,卖盘
13:11:45,29.34,0.0,7,20538,卖盘
13:11:48,29.34,0.0,17,49878,卖盘
13:11:51,29.34,0.0,2,5868,卖盘
13:11:54,29.34,0.0,8,23472,卖盘
13:12:00,29.34,0.0,18,52812,卖盘
13:12:03,29.34,0.0,73,214182,卖盘
13:12:09,29.34,0.0,30,88020,卖盘
13:12:12,29.34,0.0,1,2934,卖盘
13:12:15,29.34,0.0,2,5868,卖盘
13:12:18,29.34,0.0,2,5868,卖盘
13:12:21,29.34,0.0,23,67482,卖盘
13:12:24,29.34,0.0,38,111492,卖盘
13:12:27,29.34,0.0,8,23472,卖盘
13:12:33,29.34,0.0,21,61614,卖盘
13:12:36,29.34,0.0,20,58680,卖盘
13:12:39,29.34,0.0,19,55746,卖盘
13:12:42,29.34,0.0,4,11736,卖盘
13:12:45,29.34,0.0,22,64548,卖盘
13:12:48,29.34,0.0,2,5868,卖盘
13:12:51,29.34,0.0,22,64548,卖盘
13:12:54,29.34,0.0,30,88020,卖盘
13:12:57,29.34,0.0,33,97409,卖盘
13:13:00,29.34,0.0,13,38142,卖盘
13:13:03,29.34,0.0,15,44010,卖盘
13:13:06,29.34,0.0,6,17604,卖盘
13:13:09,29.34,0.0,77,225918,卖盘
13:13:12,29.34,0.0,16,48118,卖盘
13:13:15,29.34,0.0,5,14670,卖盘
13:13:18,29.34,0.0,1,2934,卖盘
13:13:24,29.34,0.0,29,85086,卖盘
13:13:27,29.34,0.0,1,1760,卖盘
13:13:30,29.34,0.0,20,58680,卖盘
13:13:33,29.34,0.0,4,12323,卖盘
13:13:36,29.34,0.0,5,14670,卖盘
13:13:39,29.34,0.0,43,126162,卖盘
13:13:42,29.34,0.0,22,64548,卖盘
13:13:48,29.34,0.0,2,5868,卖盘
13:13:51,29.34,0.0,36,105624,卖盘
13:13:54,29.34,0.0,33,96822,卖盘
13:13:57,29.34,0.0,4,11736,卖盘
13:14:00,29.34,0.0,17,49878,卖盘
13:14:03,29.34,0.0,2,5868,卖盘
13:14:06,29.34,0.0,5,14670,卖盘
13:14:09,29.34,0.0,9,26406,卖盘
13:14:12,29.34,0.0,22,64548,卖盘
13:14:15,29.34,0.0,22,64548,卖盘
13:14:18,29.34,0.0,7,21125,卖盘
13:14:21,29.34,0.0,29,85086,卖盘
13:14:24,29.34,0.0,10,29340,卖盘
13:14:27,29.34,0.0,2,5281,卖盘
13:14:30,29.34,0.0,67,196578,卖盘
13:14:33,29.34,0.0,7,20538,卖盘
13:14:36,29.34,0.0,13,38142,卖盘
13:14:39,29.34,0.0,5,14670,卖盘
13:14:45,29.34,0.0,4,11736,卖盘
13:14:54,29.34,0.0,9,26406,卖盘
13:14:57,29.34,0.0,3,8802,卖盘
13:15:00,29.34,0.0,15,44010,卖盘
13:15:03,29.34,0.0,11,32274,卖盘
13:15:12,29.34,0.0,127,372618,卖盘
13:15:18,29.34,0.0,7,20538,卖盘
13:15:21,29.34,0.0,7,20538,卖盘
13:15:30,29.34,0.0,2,5868,卖盘
13:15:33,29.34,0.0,15,44010,卖盘
13:15:39,29.34,0.0,7,20538,卖盘
13:15:42,29.34,0.0,25,73350,卖盘
13:15:48,29.34,0.0,3,8802,卖盘
13:15:57,29.34,0.0,3,8802,卖盘
13:16:00,29.34,0.0,5,14670,卖盘
13:16:03,29.34,0.0,1,2934,卖盘
13:16:06,29.34,0.0,7,20538,卖盘
13:16:09,29.34,0.0,3,8802,卖盘
13:16:12,29.34,0.0,10,29340,卖盘
13:16:15,29.34,0.0,18,52812,卖盘
13:16:18,29.34,0.0,22,64548,卖盘
13:16:21,29.34,0.0,18,52812,卖盘
13:16:27,29.34,0.0,5,14670,卖盘
13:16:30,29.34,0.0,1,2934,卖盘
13:16:33,29.34,0.0,1,2934,卖盘
13:16:42,29.34,0.0,21,61614,卖盘
13:16:45,29.34,0.0,9,26406,卖盘
13:16:48,29.34,0.0,10,29340,卖盘
13:16:54,29.34,0.0,20,58680,卖盘
13:16:57,29.34,0.0,200,586800,卖盘
13:17:00,29.34,0.0,16,46944,卖盘
13:17:06,29.34,0.0,1,2934,卖盘
13:17:09,29.34,0.0,12,35208,卖盘
13:17:12,29.34,0.0,4,11736,卖盘
13:17:15,29.34,0.0,6,17604,卖盘
13:17:21,29.34,0.0,2,5868,卖盘
13:17:24,29.34,0.0,11,32274,卖盘
13:17:27,29.34,0.0,68,199512,卖盘
13:17:30,29.34,0.0,8,23472,卖盘
13:17:33,29.34,0.0,3,8802,卖盘
13:17:36,29.34,0.0,6,17604,卖盘
13:17:39,29.34,0.0,55,161370,卖盘
13:17:42,29.34,0.0,4,11736,卖盘
13:17:48,29.34,0.0,6,17604,卖盘
13:17:51,29.34,0.0,1,2934,卖盘
13:17:54,29.34,0.0,5,14670,卖盘
13:17:57,29.34,0.0,3,8802,卖盘
13:18:00,29.34,0.0,31,90954,卖盘
13:18:03,29.34,0.0,2,5868,卖盘
13:18:12,29.34,0.0,19,55746,卖盘
13:18:18,29.34,0.0,9,26406,卖盘
13:18:21,29.34,0.0,1,2934,卖盘
13:18:27,29.34,0.0,4,11736,卖盘
13:18:30,29.34,0.0,7,20538,卖盘
13:18:36,29.34,0.0,3,8802,卖盘
13:18:45,29.34,0.0,10,29340,卖盘
13:18:48,29.34,0.0,119,349146,卖盘
13:18:51,29.34,0.0,7,20538,卖盘
13:18:57,29.34,0.0,5,14670,卖盘
13:19:00,29.34,0.0,5,14670,卖盘
13:19:03,29.34,0.0,2,5868,卖盘
13:19:09,29.34,0.0,1,2934,卖盘
13:19:12,29.34,0.0,40,117360,卖盘
13:19:18,29.34,0.0,18,52812,卖盘
13:19:21,29.34,0.0,741,2174094,卖盘
13:19:24,29.34,0.0,2,5868,卖盘
13:19:27,29.34,0.0,1,3521,卖盘
13:19:39,29.34,0.0,5,14670,卖盘
13:19:42,29.34,0.0,12,35208,卖盘
13:19:45,29.34,0.0,8,23472,卖盘
13:19:48,29.34,0.0,12,35208,卖盘
13:19:51,29.34,0.0,8,23472,卖盘
13:19:54,29.34,0.0,6,17604,卖盘
13:20:00,29.34,0.0,2,5868,卖盘
13:20:03,29.34,0.0,45,132030,卖盘
13:20:06,29.34,0.0,10,29340,卖盘
13:20:09,29.34,0.0,10,29340,卖盘
13:20:12,29.34,0.0,5,14670,卖盘
13:20:15,29.34,0.0,8,23472,卖盘
13:20:21,29.34,0.0,2,5868,卖盘
13:20:24,29.34,0.0,8,24058,卖盘
13:20:27,29.34,0.0,70,205380,卖盘
13:20:30,29.34,0.0,17,49878,卖盘
13:20:33,29.34,0.0,10,29340,卖盘
13:20:48,29.34,0.0,5,14670,卖盘
13:20:51,29.34,0.0,96,281664,卖盘
13:20:54,29.34,0.0,9,26406,卖盘
13:21:06,29.34,0.0,41,120294,卖盘
13:21:12,29.34,0.0,24,70416,卖盘
13:21:15,29.34,0.0,4,11736,卖盘
13:21:18,29.34,0.0,13,38142,卖盘
13:21:24,29.34,0.0,3,8802,卖盘
13:21:33,29.34,0.0,16,46944,卖盘
13:21:36,29.34,0.0,1,2934,卖盘
13:21:39,29.34,0.0,5,14670,卖盘
13:21:45,29.34,0.0,27,79218,卖盘
13:21:54,29.34,0.0,1,2934,卖盘
13:22:00,29.34,0.0,12,35208,卖盘
13:22:06,29.34,0.0,2,5868,卖盘
13:22:15,29.34,0.0,3,8802,卖盘
13:22:18,29.34,0.0,2,5868,卖盘
13:22:24,29.34,0.0,4,11736,卖盘
13:22:39,29.34,0.0,5,14670,卖盘
13:22:45,29.34,0.0,5,14670,卖盘
13:22:51,29.34,0.0,5,14670,卖盘
13:22:57,29.34,0.0,10,29340,卖盘
13:23:06,29.34,0.0,2,5868,卖盘
13:23:09,29.34,0.0,1,2934,卖盘
13:23:12,29.34,0.0,50,146700,卖盘
13:23:18,29.34,0.0,193,567436,卖盘
13:23:21,29.34,0.0,10,29340,卖盘
13:23:30,29.34,0.0,30,88020,卖盘
13:23:42,29.34,0.0,51,149634,卖盘
13:23:48,29.34,0.0,11,32274,卖盘
13:23:51,29.34,0.0,3,8802,卖盘
13:23:54,29.34,0.0,2,5868,卖盘
13:23:57,29.34,0.0,3,8802,卖盘
13:24:03,29.34,0.0,7,20538,卖盘
13:24:09,29.34,0.0,7,20538,卖盘
13:24:12,29.34,0.0,10,29340,卖盘
13:24:18,29.34,0.0,2,5868,卖盘
13:24:21,29.34,0.0,2,5868,卖盘
13:24:33,29.34,0.0,2,5868,卖盘
13:24:36,29.34,0.0,11,32274,卖盘
13:24:39,29.34,0.0,20,58680,卖盘
13:24:42,29.34,0.0,5,14670,卖盘
13:24:45,29.34,0.0,5,14670,卖盘
13:24:48,29.34,0.0,1,2934,卖盘
13:24:51,29.34,0.0,20,58680,卖盘
13:24:54,29.34,0.0,1,2934,卖盘
13:25:06,29.34,0.0,10,29340,卖盘
13:25:09,29.34,0.0,4,11736,卖盘
13:25:12,29.34,0.0,3,8802,卖盘
13:25:18,29.34,0.0,77,225918,卖盘
13:25:21,29.34,0.0,11,32274,卖盘
13:25:42,29.34,0.0,10,29340,卖盘
13:25:48,29.34,0.0,1,2934,卖盘
13:25:51,29.34,0.0,1,2934,卖盘
13:25:54,29.34,0.0,10,29340,卖盘
13:25:57,29.34,0.0,207,607338,卖盘
13:26:06,29.34,0.0,8,23472,卖盘
13:26:09,29.34,0.0,7,20538,卖盘
13:26:21,29.34,0.0,19,55746,卖盘
13:26:24,29.34,0.0,30,88020,卖盘
13:26:27,29.34,0.0,2,5868,卖盘
13:26:30,29.34,0.0,20,58680,卖盘
13:26:33,29.34,0.0,10,29340,卖盘
13:26:39,29.34,0.0,5,14670,卖盘
13:26:42,29.34,0.0,1,2934,卖盘
13:26:48,29.34,0.0,1,2934,卖盘
13:26:51,29.34,0.0,1,2934,卖盘
13:27:03,29.34,0.0,1,2934,卖盘
13:27:12,29.34,0.0,5,14670,卖盘
13:27:15,29.34,0.0,10,29340,卖盘
13:27:24,29.34,0.0,100,293400,卖盘
13:27:33,29.34,0.0,2,5868,卖盘
13:27:39,29.34,0.0,303,889002,卖盘
13:27:48,29.34,0.0,8,23472,卖盘
13:27:54,29.34,0.0,13,38142,卖盘
13:27:57,29.34,0.0,22,64548,卖盘
13:28:00,29.34,0.0,26,76284,卖盘
13:28:03,29.34,0.0,10,29340,卖盘
13:28:06,29.34,0.0,30,88020,卖盘
13:28:09,29.34,0.0,16,46944,卖盘
13:28:12,29.34,0.0,15,44010,卖盘
13:28:18,29.34,0.0,4,11736,卖盘
13:28:30,29.34,0.0,6,17604,卖盘
13:28:36,29.34,0.0,1,2934,卖盘
13:28:45,29.34,0.0,2,5868,卖盘
13:28:48,29.34,0.0,22,64548,卖盘
13:28:57,29.34,0.0,48,140832,卖盘
13:29:00,29.34,0.0,10,29340,卖盘
13:29:03,29.34,0.0,25,73350,卖盘
13:29:06,29.34,0.0,5,14670,卖盘
13:29:15,29.34,0.0,17,49878,卖盘
13:29:27,29.34,0.0,28,82152,卖盘
13:29:33,29.34,0.0,2,5868,卖盘
13:29:36,29.34,0.0,2,5868,卖盘
13:29:39,29.34,0.0,10,29340,卖盘
13:29:45,29.34,0.0,5,14670,卖盘
13:29:48,29.34,0.0,6,17604,卖盘
13:29:54,29.34,0.0,10,29340,卖盘
13:29:57,29.34,0.0,11,32274,卖盘
13:30:00,29.34,0.0,1,2934,卖盘
13:30:09,29.34,0.0,6,17604,卖盘
13:30:12,29.34,0.0,3,8802,卖盘
13:30:15,29.34,0.0,5,14670,卖盘
13:30:42,29.34,0.0,3,8802,卖盘
13:30:51,29.34,0.0,2,5868,卖盘
13:31:06,29.34,0.0,3,8802,卖盘
13:31:09,29.34,0.0,11,32274,卖盘
13:31:12,29.34,0.0,3,8802,卖盘
13:31:15,29.34,0.0,4,11736,卖盘
13:31:24,29.34,0.0,4,11736,卖盘
13:31:33,29.34,0.0,157,460638,卖盘
13:31:42,29.34,0.0,131,384354,卖盘
13:31:45,29.34,0.0,1,3521,卖盘
13:32:00,29.34,0.0,1,2934,卖盘
13:32:06,29.34,0.0,3,8802,卖盘
13:32:09,29.34,0.0,4,11736,卖盘
13:32:15,29.34,0.0,10,29340,卖盘
13:32:24,29.34,0.0,33,96822,卖盘
13:32:30,29.34,0.0,11,32274,卖盘
13:32:33,29.34,0.0,12,35208,卖盘
13:32:42,29.34,0.0,3,8802,卖盘
13:32:45,29.34,0.0,1,2934,卖盘
13:32:48,29.34,0.0,7,20538,卖盘
13:32:57,29.34,0.0,32,93888,卖盘
13:33:03,29.34,0.0,5,14670,卖盘
13:33:06,29.34,0.0,3,8802,卖盘
13:33:12,29.34,0.0,10,29340,卖盘
13:33:15,29.34,0.0,77,225918,卖盘
13:33:18,29.34,0.0,300,880200,卖盘
13:33:27,29.34,0.0,33,96822,卖盘
13:33:45,29.34,0.0,10,29340,卖盘
13:33:48,29.34,0.0,42,122641,卖盘
13:33:54,29.34,0.0,10,29340,卖盘
13:34:03,29.34,0.0,1,2934,卖盘
13:34:09,29.34,0.0,4,11736,卖盘
13:34:12,29.34,0.0,10,29340,卖盘
13:34:15,29.34,0.0,114,334476,卖盘
13:34:18,29.34,0.0,15,44010,卖盘
13:34:21,29.34,0.0,2,5868,卖盘
13:34:24,29.34,0.0,41,120294,卖盘
13:34:27,29.34,0.0,1,2934,卖盘
13:34:33,29.34,0.0,6,17604,卖盘
13:34:39,29.34,0.0,99,291053,卖盘
13:34:42,29.34,0.0,1,2934,卖盘
13:34:51,29.34,0.0,5,14670,卖盘
13:35:06,29.34,0.0,46,135551,卖盘
13:35:12,29.34,0.0,5,14670,卖盘
13:35:15,29.34,0.0,2,5868,卖盘
13:35:18,29.34,0.0,7,20538,卖盘
13:35:24,29.34,0.0,7,20538,卖盘
13:35:30,29.34,0.0,9,26406,卖盘
13:35:33,29.34,0.0,22,64548,卖盘
13:35:45,29.34,0.0,4,11736,卖盘
13:35:57,29.34,0.0,1,2934,卖盘
13:36:00,29.34,0.0,10,29340,卖盘
13:36:06,29.34,0.0,1,2934,卖盘
13:36:09,29.34,0.0,2,5868,卖盘
13:36:12,29.34,0.0,19,55746,卖盘
13:36:15,29.34,0.0,5,14670,卖盘
13:36:21,29.34,0.0,8,23472,卖盘
13:36:27,29.34,0.0,5,14670,卖盘
13:36:33,29.34,0.0,1,2934,卖盘
13:36:42,29.34,0.0,30,88020,卖盘
13:36:51,29.34,0.0,9,26992,卖盘
13:36:54,29.34,0.0,71,208314,卖盘
13:36:57,29.34,0.0,1,2934,卖盘
13:37:03,29.34,0.0,1,2934,卖盘
13:37:09,29.34,0.0,1,2934,卖盘
13:37:15,29.34,0.0,12,35208,卖盘
13:37:27,29.34,0.0,2,5868,卖盘
13:37:33,29.34,0.0,3,8802,卖盘
13:37:48,29.34,0.0,14,41076,卖盘
13:37:51,29.34,0.0,5,14670,卖盘
13:38:00,29.34,0.0,20,58680,卖盘
13:38:03,29.34,0.0,9,26993,卖盘
13:38:06,29.34,0.0,1,2934,卖盘
13:38:12,29.34,0.0,5,14083,卖盘
13:38:15,29.34,0.0,112,328608,卖盘
13:38:18,29.34,0.0,7,20538,卖盘
13:38:24,29.34,0.0,6,17604,卖盘
13:38:27,29.34,0.0,14,41076,卖盘
13:38:30,29.34,0.0,74,217116,卖盘
13:38:36,29.34,0.0,1,2934,卖盘
13:38:51,29.34,0.0,1,2934,卖盘
13:38:57,29.34,0.0,5,14670,卖盘
13:39:03,29.34,0.0,1,2934,卖盘
13:39:09,29.34,0.0,5,14670,卖盘
13:39:15,29.34,0.0,44,129096,卖盘
13:39:18,29.34,0.0,5,14670,卖盘
13:39:27,29.34,0.0,11,32274,卖盘
13:39:30,29.34,0.0,34,99756,卖盘
13:39:33,29.34,0.0,1,2934,卖盘
13:39:36,29.34,0.0,50,146700,卖盘
13:39:39,29.34,0.0,14,41076,卖盘
13:39:42,29.34,0.0,1,2934,卖盘
13:39:45,29.34,0.0,14,41076,卖盘
13:39:54,29.34,0.0,32,93888,卖盘
13:40:03,29.34,0.0,43,126162,卖盘
13:40:09,29.34,0.0,5,14670,卖盘
13:40:15,29.34,0.0,21,61614,卖盘
13:40:24,29.34,0.0,7,19952,卖盘
13:40:30,29.34,0.0,4,11736,卖盘
13:40:33,29.34,0.0,4,11736,卖盘
13:40:36,29.34,0.0,5,14670,卖盘
13:40:39,29.34,0.0,23,67482,卖盘
13:40:45,29.34,0.0,29,85086,卖盘
13:40:48,29.34,0.0,1,2934,卖盘
13:40:51,29.34,0.0,1,2934,卖盘
13:40:54,29.34,0.0,22,64548,卖盘
13:40:57,29.34,0.0,2,5868,卖盘
13:41:00,29.34,0.0,12,35794,卖盘
13:41:03,29.34,0.0,49,143766,卖盘
13:41:09,29.34,0.0,4,11736,卖盘
13:41:15,29.34,0.0,5,14670,卖盘
13:41:21,29.34,0.0,10,29340,卖盘
13:41:27,29.34,0.0,10,29340,卖盘
13:41:33,29.34,0.0,3,8802,卖盘
13:41:36,29.34,0.0,8,23472,卖盘
13:41:39,29.34,0.0,4,11736,卖盘
13:41:42,29.34,0.0,2,5868,卖盘
13:42:12,29.34,0.0,2,5868,卖盘
13:42:15,29.34,0.0,10,29340,卖盘
13:42:21,29.34,0.0,3,8802,卖盘
13:42:45,29.34,0.0,3,9389,卖盘
13:42:54,29.34,0.0,10,29340,卖盘
13:42:57,29.34,0.0,40,117360,卖盘
13:43:09,29.34,0.0,10,29340,卖盘
13:43:12,29.34,0.0,4,11736,卖盘
13:43:24,29.34,0.0,20,58680,卖盘
13:43:27,29.34,0.0,2,5868,卖盘
13:43:30,29.34,0.0,12,35208,卖盘
13:43:33,29.34,0.0,5,14670,卖盘
13:43:45,29.34,0.0,1,2934,卖盘
13:43:51,29.34,0.0,6,17604,卖盘
13:43:54,29.34,0.0,1,2934,卖盘
13:44:18,29.34,0.0,50,146700,卖盘
13:44:21,29.34,0.0,2,5868,卖盘
13:44:33,29.34,0.0,10,29340,卖盘
13:44:42,29.34,0.0,7,20538,卖盘
13:44:51,29.34,0.0,11,32274,卖盘
13:44:54,29.34,0.0,19,55746,卖盘
13:45:03,29.34,0.0,10,29340,卖盘
13:45:06,29.34,0.0,5,14670,卖盘
13:45:12,29.34,0.0,20,58680,卖盘
13:45:15,29.34,0.0,170,498780,卖盘
13:45:18,29.34,0.0,10,29340,卖盘
13:45:21,29.34,0.0,20,58680,卖盘
13:45:24,29.34,0.0,34,99756,卖盘
13:45:27,29.34,0.0,10,29340,卖盘
13:45:33,29.34,0.0,14,41076,卖盘
13:45:36,29.34,0.0,1,2934,卖盘
13:45:42,29.34,0.0,2,5868,卖盘
13:45:45,29.34,0.0,55,161370,卖盘
13:45:48,29.34,0.0,50,146700,卖盘
13:45:51,29.34,0.0,2,5868,卖盘
13:45:54,29.34,0.0,120,352080,卖盘
13:46:00,29.34,0.0,40,117360,卖盘
13:46:09,29.34,0.0,95,278730,卖盘
13:46:12,29.34,0.0,5,14670,卖盘
13:46:15,29.34,0.0,70,205380,卖盘
13:46:18,29.34,0.0,20,58680,卖盘
13:46:21,29.34,0.0,2,5868,卖盘
13:46:24,29.34,0.0,30,88020,卖盘
13:46:27,29.34,0.0,20,58680,卖盘
13:46:30,29.34,0.0,67,196578,卖盘
13:46:33,29.34,0.0,7,20538,卖盘
13:46:36,29.34,0.0,15,44010,卖盘
13:46:39,29.34,0.0,73,214182,卖盘
13:46:42,29.34,0.0,20,58680,卖盘
13:46:48,29.34,0.0,5,14670,卖盘
13:46:51,29.34,0.0,3,8802,卖盘
13:46:57,29.34,0.0,12,35208,卖盘
13:47:00,29.34,0.0,130,381420,卖盘
13:47:06,29.34,0.0,10,29340,卖盘
13:47:09,29.34,0.0,5,14670,卖盘
13:47:12,29.34,0.0,50,146700,卖盘
13:47:15,29.34,0.0,22,64548,卖盘
13:47:18,29.34,0.0,50,146700,卖盘
13:47:24,29.34,0.0,11,32274,卖盘
13:47:30,29.34,0.0,52,152568,卖盘
13:47:33,29.34,0.0,5,14670,卖盘
13:47:36,29.34,0.0,50,146700,卖盘
13:47:45,29.34,0.0,50,146700,卖盘
13:47:54,29.34,0.0,11,32274,卖盘
13:47:57,29.34,0.0,5,14670,卖盘
13:48:00,29.34,0.0,15,44010,卖盘
13:48:03,29.34,0.0,85,249390,卖盘
13:48:12,29.34,0.0,2,5868,卖盘
13:48:15,29.34,0.0,5,14670,卖盘
13:48:21,29.34,0.0,10,29340,卖盘
13:48:39,29.34,0.0,5,14670,卖盘
13:48:42,29.34,0.0,23,67482,卖盘
13:48:45,29.34,0.0,1,2934,卖盘
13:48:51,29.34,0.0,3,8802,卖盘
13:48:54,29.34,0.0,14,41076,卖盘
13:48:57,29.34,0.0,19,55746,卖盘
13:49:00,29.34,0.0,50,146700,卖盘
13:49:03,29.34,0.0,1,2934,卖盘
13:49:06,29.34,0.0,10,29340,卖盘
13:49:12,29.34,0.0,90,264060,卖盘
13:49:18,29.34,0.0,50,146700,卖盘
13:49:24,29.34,0.0,5,14670,卖盘
13:49:33,29.34,0.0,50,146700,卖盘
13:49:48,29.34,0.0,2,5868,卖盘
13:49:57,29.34,0.0,1,2934,卖盘
13:50:00,29.34,0.0,4,11736,卖盘
13:50:03,29.34,0.0,1,2934,卖盘
13:50:09,29.34,0.0,4,11736,卖盘
13:50:12,29.34,0.0,9,26406,卖盘
13:50:15,29.34,0.0,90,264060,卖盘
13:50:21,29.34,0.0,12,35795,卖盘
13:50:24,29.34,0.0,15,44010,卖盘
13:50:27,29.34,0.0,35,102690,卖盘
13:50:30,29.34,0.0,80,234720,卖盘
13:50:42,29.34,0.0,1,4108,卖盘
13:50:48,29.34,0.0,2,5868,卖盘
13:50:51,29.34,0.0,100,293400,卖盘
13:50:54,29.34,0.0,0,1173,卖盘
13:51:00,29.34,0.0,5,14670,卖盘
13:51:06,29.34,0.0,22,64548,卖盘
13:51:09,29.34,0.0,30,88020,卖盘
13:51:21,29.34,0.0,2,5868,卖盘
13:51:42,29.34,0.0,50,146700,卖盘
13:51:48,29.34,0.0,30,88020,卖盘
13:51:57,29.34,0.0,8,23472,卖盘
13:52:15,29.34,0.0,7,20538,卖盘
13:52:21,29.34,0.0,100,293400,卖盘
13:52:24,29.34,0.0,1,2934,卖盘
13:52:27,29.34,0.0,7,20538,卖盘
13:52:39,29.34,0.0,14,41076,卖盘
13:52:48,29.34,0.0,2,5868,卖盘
13:52:51,29.34,0.0,5,14670,卖盘
13:53:06,29.34,0.0,12,35208,卖盘
13:53:15,29.34,0.0,36,105624,卖盘
13:53:18,29.34,0.0,12,35208,卖盘
13:53:24,29.34,0.0,15,44010,卖盘
13:53:36,29.34,0.0,7,20538,卖盘
13:53:39,29.34,0.0,131,384354,卖盘
13:54:00,29.34,0.0,36,105624,卖盘
13:54:03,29.34,0.0,1,2934,卖盘
13:54:18,29.34,0.0,45,132030,卖盘
13:54:24,29.34,0.0,42,123228,卖盘
13:54:30,29.34,0.0,20,58680,卖盘
13:54:33,29.34,0.0,4,10563,卖盘
13:54:36,29.34,0.0,10,29340,卖盘
13:54:42,29.34,0.0,10,29340,卖盘
13:54:51,29.34,0.0,204,598536,卖盘
13:55:00,29.34,0.0,50,146700,卖盘
13:55:09,29.34,0.0,11,32274,卖盘
13:55:21,29.34,0.0,100,293400,卖盘
13:55:39,29.34,0.0,17,49878,卖盘
13:55:42,29.34,0.0,1,2934,卖盘
13:56:00,29.34,0.0,1,2934,卖盘
13:56:09,29.34,0.0,20,58680,卖盘
13:56:21,29.34,0.0,2,5868,卖盘
13:56:33,29.34,0.0,6,17604,卖盘
13:56:42,29.34,0.0,50,146700,卖盘
13:56:51,29.34,0.0,60,176040,卖盘
13:56:54,29.34,0.0,14,41076,卖盘
13:57:00,29.34,0.0,10,29340,卖盘
13:57:03,29.34,0.0,14,41076,卖盘
13:57:09,29.34,0.0,8,23472,卖盘
13:57:15,29.34,0.0,23,67482,卖盘
13:57:18,29.34,0.0,12,35208,卖盘
13:57:21,29.34,0.0,1,2934,卖盘
13:57:30,29.34,0.0,1,2934,卖盘
13:57:33,29.34,0.0,2,5868,卖盘
13:57:36,29.34,0.0,3,8802,卖盘
13:57:54,29.34,0.0,5,14670,卖盘
13:57:57,29.34,0.0,13,38142,卖盘
13:58:03,29.34,0.0,1,2934,卖盘
13:58:21,29.34,0.0,5,14670,卖盘
13:58:27,29.34,0.0,3,8802,卖盘
13:58:36,29.34,0.0,4,11736,卖盘
13:58:48,29.34,0.0,1,2934,卖盘
13:59:12,29.34,0.0,1,2934,卖盘
13:59:18,29.34,0.0,138,404892,卖盘
13:59:51,29.34,0.0,15,44010,卖盘
13:59:54,29.34,0.0,9,26406,卖盘
13:59:57,29.34,0.0,17,49878,卖盘
14:00:03,29.34,0.0,3,8802,卖盘
14:00:45,29.34,0.0,20,58680,卖盘
14:00:57,29.34,0.0,5,14670,卖盘
14:01:06,29.34,0.0,7,21124,卖盘
14:01:15,29.34,0.0,13,38142,卖盘
14:01:33,29.34,0.0,10,29340,卖盘
14:01:39,29.34,0.0,31,90954,卖盘
14:01:48,29.34,0.0,6,17604,卖盘
14:02:03,29.34,0.0,10,29340,卖盘
14:02:06,29.34,0.0,1,2934,卖盘
14:02:30,29.34,0.0,1,2934,卖盘
14:02:36,29.34,0.0,6,17604,卖盘
14:02:48,29.34,0.0,4,11736,卖盘
14:02:54,29.34,0.0,2,5868,卖盘
14:02:57,29.34,0.0,7,20538,卖盘
14:03:18,29.34,0.0,20,58680,卖盘
14:03:24,29.34,0.0,2,5868,卖盘
14:03:45,29.34,0.0,9,26406,卖盘
14:03:48,29.34,0.0,2,5868,卖盘
14:03:51,29.34,0.0,79,232373,卖盘
14:03:57,29.34,0.0,47,137311,卖盘
14:04:00,29.34,0.0,4,11736,卖盘
14:04:03,29.34,0.0,1,2934,卖盘
14:04:27,29.34,0.0,2,5868,卖盘
14:04:39,29.34,0.0,2,5868,卖盘
14:04:45,29.34,0.0,7,20538,卖盘
14:04:54,29.34,0.0,19,55746,卖盘
14:05:03,29.34,0.0,10,29340,卖盘
14:05:06,29.34,0.0,16,46944,卖盘
14:05:18,29.34,0.0,1,2934,卖盘
14:05:33,29.34,0.0,77,225918,卖盘
14:05:36,29.34,0.0,5,14670,卖盘
14:05:45,29.34,0.0,10,29340,卖盘
14:06:00,29.34,0.0,72,211248,卖盘
14:06:03,29.34,0.0,1,2934,卖盘
14:06:15,29.34,0.0,3,8802,卖盘
14:06:21,29.34,0.0,16,46944,卖盘
14:06:24,29.34,0.0,2,7042,卖盘
14:06:36,29.34,0.0,32,95062,卖盘
14:06:39,29.34,0.0,9,26406,卖盘
14:06:42,29.34,0.0,2,5868,卖盘
14:07:03,29.34,0.0,3,8802,卖盘
14:07:15,29.34,0.0,6,17604,卖盘
14:07:21,29.34,0.0,2,5868,卖盘
14:07:45,29.34,0.0,2,5868,卖盘
14:08:12,29.34,0.0,1,2934,卖盘
14:08:21,29.34,0.0,19,56332,卖盘
14:08:33,29.34,0.0,3,8802,卖盘
14:08:36,29.34,0.0,15,44010,卖盘
14:08:39,29.34,0.0,3,8802,卖盘
14:09:09,29.34,0.0,14,41076,卖盘
14:09:48,29.34,0.0,12,35208,卖盘
14:10:27,29.34,0.0,9,26406,卖盘
14:10:39,29.34,0.0,1,2934,卖盘
14:10:48,29.34,0.0,18,52812,卖盘
14:10:51,29.34,0.0,2,5868,卖盘
14:11:00,29.34,0.0,10,29340,卖盘
14:11:09,29.34,0.0,13,38142,卖盘
14:11:36,29.34,0.0,20,58680,卖盘
14:12:12,29.34,0.0,4,11736,卖盘
14:12:18,29.34,0.0,10,29340,卖盘
14:12:33,29.34,0.0,1,2934,卖盘
14:12:39,29.34,0.0,1,2934,卖盘
14:12:42,29.34,0.0,2,5868,卖盘
14:12:45,29.34,0.0,100,293400,卖盘
14:12:48,29.34,0.0,1,2934,卖盘
14:13:03,29.34,0.0,1,2934,卖盘
14:13:15,29.34,0.0,1,2934,卖盘
14:13:18,29.34,0.0,1,2934,卖盘
14:13:33,29.34,0.0,10,29340,卖盘
14:13:39,29.34,0.0,10,29340,卖盘
14:13:54,29.34,0.0,4,11736,卖盘
14:14:24,29.34,0.0,13,38142,卖盘
14:14:48,29.34,0.0,1,2934,卖盘
14:14:51,29.34,0.0,30,88020,卖盘
14:14:57,29.34,0.0,6,17604,卖盘
14:15:12,29.34,0.0,2,5868,卖盘
14:15:21,29.34,0.0,10,29340,卖盘
14:15:33,29.34,0.0,4,11736,卖盘
14:16:30,29.34,0.0,1,2934,卖盘
14:16:42,29.34,0.0,1,2934,卖盘
14:16:48,29.34,0.0,31,90954,卖盘
14:17:06,29.34,0.0,1,2934,卖盘
14:17:09,29.34,0.0,2,5868,卖盘
14:17:12,29.34,0.0,5,14670,卖盘
14:17:27,29.34,0.0,8,23472,卖盘
14:17:36,29.34,0.0,4,11736,卖盘
14:17:57,29.34,0.0,10,29340,卖盘
14:18:24,29.34,0.0,3,8802,卖盘
14:18:36,29.34,0.0,29,85086,卖盘
14:19:00,29.34,0.0,6,17604,卖盘
14:19:12,29.34,0.0,1,2934,卖盘
14:19:18,29.34,0.0,30,88020,卖盘
14:19:57,29.34,0.0,1,2934,卖盘
14:20:18,29.34,0.0,5,14670,卖盘
14:20:24,29.34,0.0,3,8802,卖盘
14:20:27,29.34,0.0,2,5868,卖盘
14:20:36,29.34,0.0,2,5868,卖盘
14:20:48,29.34,0.0,11,32274,卖盘
14:20:51,29.34,0.0,7,20538,卖盘
14:21:00,29.34,0.0,4,11736,卖盘
14:21:12,29.34,0.0,2,5868,卖盘
14:21:15,29.34,0.0,3,8802,卖盘
14:21:18,29.34,0.0,6,16431,卖盘
14:21:42,29.34,0.0,11,32274,卖盘
14:21:45,29.34,0.0,50,146700,卖盘
14:23:06,29.34,0.0,8,23472,卖盘
14:23:45,29.34,0.0,10,29340,卖盘
14:23:51,29.34,0.0,2,5868,卖盘
14:24:00,29.34,0.0,1,2934,卖盘
14:24:06,29.34,0.0,1,2934,卖盘
14:24:30,29.34,0.0,1,3521,卖盘
14:24:45,29.34,0.0,12,35208,卖盘
14:24:57,29.34,0.0,5,14670,卖盘
14:25:15,29.34,0.0,3,8802,卖盘
14:25:24,29.34,0.0,1,2934,卖盘
14:25:42,29.34,0.0,4,11736,卖盘
14:25:45,29.34,0.0,2,5868,卖盘
14:25:51,29.34,0.0,6,17604,卖盘
14:26:09,29.34,0.0,37,108558,卖盘
14:26:15,29.34,0.0,1,2934,卖盘
14:26:30,29.34,0.0,3,8802,卖盘
14:26:36,29.34,0.0,1,2934,卖盘
14:26:42,29.34,0.0,9,26406,卖盘
14:26:48,29.34,0.0,1,2934,卖盘
14:26:51,29.34,0.0,1,2934,卖盘
14:27:00,29.34,0.0,1,2934,卖盘
14:27:03,29.34,0.0,1,2934,卖盘
14:27:09,29.34,0.0,5,14670,卖盘
14:27:12,29.34,0.0,1,2934,卖盘
14:27:15,29.34,0.0,1,2934,卖盘
14:27:18,29.34,0.0,5,14670,卖盘
14:27:27,29.34,0.0,1,2934,卖盘
14:27:30,29.34,0.0,2,5868,卖盘
14:27:42,29.34,0.0,2,5868,卖盘
14:27:51,29.34,0.0,1,2934,卖盘
14:27:57,29.34,0.0,2,5868,卖盘
14:28:03,29.34,0.0,1,2934,卖盘
14:28:12,29.34,0.0,1,2934,卖盘
14:28:15,29.34,0.0,2,5868,卖盘
14:28:30,29.34,0.0,1,2934,卖盘
14:28:33,29.34,0.0,1,2934,卖盘
14:28:39,29.34,0.0,3,8802,卖盘
14:28:45,29.34,0.0,2,5868,卖盘
14:28:48,29.34,0.0,1,2934,卖盘
14:28:57,29.34,0.0,1,2934,卖盘
14:29:06,29.34,0.0,1,2934,卖盘
14:29:09,29.34,0.0,3,8802,卖盘
14:29:27,29.34,0.0,1,2934,卖盘
14:29:45,29.34,0.0,1,3520,卖盘
14:30:30,29.34,0.0,5,14084,卖盘
14:31:09,29.34,0.0,2,5868,卖盘
14:31:33,29.34,0.0,2,5868,卖盘
14:31:45,29.34,0.0,1,2934,卖盘
14:31:54,29.34,0.0,2,7041,卖盘
14:32:00,29.34,0.0,2,5868,卖盘
14:32:21,29.34,0.0,2,5868,卖盘
14:32:33,29.34,0.0,12,35208,卖盘
14:32:57,29.34,0.0,20,58680,卖盘
14:33:06,29.34,0.0,1,2934,卖盘
14:33:12,29.34,0.0,6,17604,卖盘
14:33:21,29.34,0.0,30,88020,卖盘
14:33:33,29.34,0.0,4,11736,卖盘
14:33:54,29.34,0.0,216,633744,卖盘
14:34:39,29.34,0.0,19,55746,卖盘
14:34:42,29.34,0.0,1,2934,卖盘
14:35:06,29.34,0.0,30,88020,卖盘
14:35:36,29.34,0.0,10,29340,卖盘
14:35:51,29.34,0.0,4,11736,卖盘
14:35:57,29.34,0.0,1,2934,卖盘
14:36:27,29.34,0.0,12,35208,卖盘
14:36:54,29.34,0.0,4,11736,卖盘
14:37:03,29.34,0.0,4,11736,卖盘
14:37:15,29.34,0.0,34,99756,卖盘
14:37:30,29.34,0.0,30,88020,卖盘
14:37:54,29.34,0.0,2,5868,卖盘
14:37:57,29.34,0.0,12,35208,卖盘
14:38:09,29.34,0.0,5,14670,卖盘
14:38:57,29.34,0.0,12,35208,卖盘
14:39:27,29.34,0.0,460,1349640,卖盘
14:40:03,29.34,0.0,10,29340,卖盘
14:40:48,29.34,0.0,1,2934,卖盘
14:41:03,29.34,0.0,1,2934,卖盘
14:41:12,29.34,0.0,6,17604,卖盘
14:41:45,29.34,0.0,5,14670,卖盘
14:41:51,29.34,0.0,10,29340,卖盘
14:42:06,29.34,0.0,1,2934,卖盘
14:42:09,29.34,0.0,5,14670,卖盘
14:42:12,29.34,0.0,3,8802,卖盘
14:42:36,29.34,0.0,5,14670,卖盘
14:43:45,29.34,0.0,1,2934,卖盘
14:43:48,29.34,0.0,12,35208,卖盘
14:43:54,29.34,0.0,1,2934,卖盘
14:44:27,29.34,0.0,2,5868,卖盘
14:44:36,29.34,0.0,6,17604,卖盘
14:44:57,29.34,0.0,3,8802,卖盘
14:45:09,29.34,0.0,7,20538,卖盘
14:45:12,29.34,0.0,1,2934,卖盘
14:45:18,29.34,0.0,2,5868,卖盘
14:45:33,29.34,0.0,14,41076,卖盘
14:46:15,29.34,0.0,12,35208,卖盘
14:46:45,29.34,0.0,8,23472,卖盘
14:47:00,29.34,0.0,20,58680,卖盘
14:47:12,29.34,0.0,2,5868,卖盘
14:47:42,29.34,0.0,1,2934,卖盘
14:47:51,29.34,0.0,5,14670,卖盘
14:48:06,29.34,0.0,2,5868,卖盘
14:48:18,29.34,0.0,21,61614,卖盘
14:48:24,29.34,0.0,1,2934,卖盘
14:49:06,29.34,0.0,11,32274,卖盘
14:49:18,29.34,0.0,4,11736,卖盘
14:49:24,29.34,0.0,4,11736,卖盘
14:49:30,29.34,0.0,5,14670,卖盘
14:49:54,29.34,0.0,37,108558,卖盘
14:50:00,29.34,0.0,3,8802,卖盘
14:50:18,29.34,0.0,60,176040,卖盘
14:50:27,29.34,0.0,1,2347,卖盘
14:50:45,29.34,0.0,38,111492,卖盘
14:51:03,29.34,0.0,20,58680,卖盘
14:51:06,29.34,0.0,1,2934,卖盘
14:51:12,29.34,0.0,45,132030,卖盘
14:51:24,29.34,0.0,2,7042,卖盘
14:51:27,29.34,0.0,2,5868,卖盘
14:51:30,29.34,0.0,2,5868,卖盘
14:51:36,29.34,0.0,3,8802,卖盘
14:51:42,29.34,0.0,3,8802,卖盘
14:51:57,29.34,0.0,15,44010,卖盘
14:52:15,29.34,0.0,40,117360,卖盘
14:52:18,29.34,0.0,26,75110,卖盘
14:52:27,29.34,0.0,4,11736,卖盘
14:52:42,29.34,0.0,21,61614,卖盘
14:53:00,29.34,0.0,10,29340,卖盘
14:53:18,29.34,0.0,2,5868,卖盘
14:53:27,29.34,0.0,2,5868,卖盘
14:53:33,29.34,0.0,2,5868,卖盘
14:53:36,29.34,0.0,3,8802,卖盘
14:53:48,29.34,0.0,3,8802,卖盘
14:53:51,29.34,0.0,4,11736,卖盘
14:53:54,29.34,0.0,5,14670,卖盘
14:54:00,29.34,0.0,3,8802,卖盘
14:54:09,29.34,0.0,1,2934,卖盘
14:54:12,29.34,0.0,20,58680,卖盘
14:54:18,29.34,0.0,1,2934,卖盘
14:54:36,29.34,0.0,4,11736,卖盘
14:54:39,29.34,0.0,7,20538,卖盘
14:55:00,29.34,0.0,1,2934,卖盘
14:55:27,29.34,0.0,1,2934,卖盘
14:55:30,29.34,0.0,1,2934,卖盘
14:55:36,29.34,0.0,14,41076,卖盘
14:55:42,29.34,0.0,2,5868,卖盘
14:55:48,29.34,0.0,17,49878,卖盘
14:55:51,29.34,0.0,1,2934,卖盘
14:55:54,29.34,0.0,179,525186,卖盘
14:56:00,29.34,0.0,5,14670,卖盘
14:56:03,29.34,0.0,3,8802,卖盘
14:56:06,29.34,0.0,9,26406,卖盘
14:56:09,29.34,0.0,2,5868,卖盘
14:56:24,29.34,0.0,1,2934,卖盘
14:56:27,29.34,0.0,15,44010,卖盘
14:56:30,29.34,0.0,20,58680,卖盘
14:56:36,29.34,0.0,10,29340,卖盘
14:56:39,29.34,0.0,14,40490,卖盘
14:56:45,29.34,0.0,9,26406,卖盘
14:56:54,29.34,0.0,2,5868,卖盘
14:57:00,29.34,0.0,53,155502,卖盘
15:00:03,29.34,0.0,146,428364,卖盘
