成交时间,成交价格,价格变动,成交量,成交金额,性质
09:25:03,11.0,0.0,1442,1586200,卖盘
09:30:03,11.0,0.0,267,292323,买盘
09:30:06,10.96,-0.04,41,44995,卖盘
09:30:09,10.89,-0.07,85,92749,卖盘
09:30:12,10.89,0.0,44,47916,买盘
09:30:15,10.91,0.02,350,382158,买盘
09:30:18,10.89,-0.02,29,31559,中性盘
09:30:21,10.95,0.06,77,84167,买盘
09:30:24,10.95,0.0,24,26244,买盘
09:30:27,10.9,-0.05,139,151688,卖盘
09:30:30,10.95,0.05,116,127107,买盘
09:30:33,10.96,0.01,24,26248,买盘
09:30:36,10.96,0.0,56,61327,买盘
09:30:39,10.96,0.0,161,176398,买盘
09:30:42,10.96,0.0,57,62443,买盘
09:30:45,10.96,0.0,3,3288,卖盘
09:30:48,10.97,0.01,31,34000,买盘
09:30:51,10.96,-0.01,35,38360,卖盘
09:30:54,10.96,0.0,55,60245,买盘
09:30:57,10.97,0.01,49,53753,买盘
09:31:00,10.96,-0.01,196,215045,卖盘
09:31:03,10.99,0.03,127,139479,买盘
09:31:06,11.0,0.01,707,777163,买盘
09:31:09,11.01,0.01,5,5505,买盘
09:31:12,11.04,0.03,105,115732,买盘
09:31:15,11.04,0.0,119,131370,买盘
09:31:18,11.05,0.01,193,213262,买盘
09:31:21,11.05,0.0,61,67425,买盘
09:31:24,11.06,0.01,12,13272,买盘
09:31:27,11.07,0.01,65,71955,买盘
09:31:30,11.09,0.02,96,106375,买盘
09:31:33,11.08,-0.01,209,231661,卖盘
09:31:36,11.09,0.01,502,556718,买盘
09:31:39,11.09,0.0,157,174111,买盘
09:31:42,11.09,0.0,70,77630,买盘
09:31:45,11.09,0.0,356,395247,买盘
09:31:48,11.11,0.02,106,117683,买盘
09:31:51,11.11,0.0,84,93378,卖盘
09:31:54,11.18,0.07,140,156484,买盘
09:31:57,11.2,0.02,145,162319,买盘
09:32:03,11.26,0.06,142,159881,买盘
09:32:06,11.23,-0.03,148,166383,卖盘
09:32:09,11.19,-0.04,215,240957,卖盘
09:32:12,11.16,-0.03,118,132022,卖盘
09:32:15,11.16,0.0,38,42458,中性盘
09:32:18,11.16,0.0,129,144173,买盘
09:32:21,11.17,0.01,15,16744,买盘
09:32:24,11.18,0.01,17,18996,买盘
09:32:27,11.18,0.0,26,29090,卖盘
09:32:30,11.18,0.0,52,58150,卖盘
09:32:33,11.19,0.01,72,80683,买盘
09:32:36,11.2,0.01,99,110880,卖盘
09:32:39,11.24,0.04,213,239140,买盘
09:32:42,11.25,0.01,72,81225,买盘
09:32:45,11.27,0.02,40,45070,买盘
09:32:48,11.28,0.01,15,16920,买盘
09:32:51,11.28,0.0,38,42841,买盘
09:32:54,11.29,0.01,30,33865,卖盘
09:32:57,11.3,0.01,588,666203,买盘
09:33:00,11.3,0.0,116,131038,卖盘
09:33:03,11.35,0.05,275,311057,买盘
09:33:06,11.35,0.0,50,56703,买盘
09:33:09,11.35,0.0,138,156466,买盘
09:33:12,11.35,0.0,236,267445,买盘
09:33:15,11.35,0.0,330,374526,卖盘
09:33:18,11.36,0.01,94,107174,买盘
09:33:21,11.37,0.01,66,75012,买盘
09:33:24,11.37,0.0,174,197749,买盘
09:33:27,11.33,-0.04,963,1093647,卖盘
09:33:30,11.35,0.02,685,777006,买盘
09:33:33,11.33,-0.02,137,155299,中性盘
09:33:36,11.34,0.01,578,654683,买盘
09:33:39,11.35,0.01,359,406734,买盘
09:33:42,11.33,-0.02,13,14734,卖盘
09:33:45,11.33,0.0,325,368649,卖盘
09:33:48,11.31,-0.02,633,716351,卖盘
09:33:51,11.31,0.0,83,93952,卖盘
09:33:54,11.35,0.04,494,560134,买盘
09:33:57,11.35,0.0,198,224805,卖盘
09:34:00,11.36,0.01,254,288841,买盘
09:34:03,11.36,0.0,84,95403,卖盘
09:34:06,11.37,0.01,305,346721,买盘
09:34:09,11.37,0.0,186,211478,买盘
09:34:12,11.37,0.0,92,104570,卖盘
09:34:15,11.38,0.01,284,322639,买盘
09:34:18,11.39,0.01,160,181986,买盘
09:34:21,11.4,0.01,260,296081,买盘
09:34:24,11.4,0.0,462,526356,买盘
09:34:27,11.4,0.0,59,67260,买盘
09:34:30,11.41,0.01,143,163286,买盘
09:34:33,11.45,0.04,116,132608,买盘
09:34:36,11.42,-0.03,28,32016,卖盘
09:34:39,11.44,0.02,50,57210,买盘
09:34:42,11.45,0.01,123,140776,买盘
09:34:45,11.46,0.01,37,42389,买盘
09:34:48,11.47,0.01,98,112370,买盘
09:34:51,11.47,0.0,76,87158,买盘
09:34:54,11.48,0.01,115,131973,买盘
09:34:57,11.49,0.01,500,574050,买盘
09:35:00,11.5,0.01,244,279947,买盘
09:35:03,11.45,-0.05,464,532276,卖盘
09:35:06,11.41,-0.04,669,765396,卖盘
09:35:09,11.4,-0.01,421,480033,卖盘
09:35:12,11.45,0.05,197,224918,买盘
09:35:15,11.4,-0.05,103,117092,卖盘
09:35:18,11.41,0.01,152,173534,买盘
09:35:21,11.41,0.0,144,164209,买盘
09:35:24,11.41,0.0,212,241768,卖盘
09:35:27,11.41,0.0,232,264901,卖盘
09:35:30,11.41,0.0,120,136664,卖盘
09:35:33,11.41,0.0,305,348197,卖盘
09:35:36,11.42,0.01,232,265119,买盘
09:35:39,11.41,-0.01,88,100418,卖盘
09:35:42,11.42,0.01,189,215803,买盘
09:35:45,11.42,0.0,5,5710,卖盘
09:35:48,11.41,-0.01,96,109604,卖盘
09:35:51,11.42,0.01,25,28545,买盘
09:35:54,11.42,0.0,149,170171,卖盘
09:35:57,11.42,0.0,27,30856,卖盘
09:36:00,11.42,0.0,41,46823,卖盘
09:36:03,11.43,0.01,56,63961,买盘
09:36:06,11.42,-0.01,97,110804,卖盘
09:36:09,11.44,0.02,635,726004,买盘
09:36:12,11.48,0.04,369,423285,买盘
09:36:15,11.49,0.01,15,17638,买盘
09:36:18,11.49,0.0,103,118345,买盘
09:36:21,11.49,0.0,24,28036,买盘
09:36:24,11.5,0.01,259,297640,买盘
09:36:27,11.5,0.0,140,160933,买盘
09:36:30,11.5,0.0,232,266706,买盘
09:36:33,11.52,0.02,546,627393,买盘
09:36:36,11.51,-0.01,128,147272,卖盘
09:36:39,11.52,0.01,152,174928,买盘
09:36:42,11.5,-0.02,322,370760,卖盘
09:36:45,11.5,0.0,179,206054,买盘
09:36:48,11.5,0.0,192,220976,买盘
09:36:51,11.52,0.02,114,131217,买盘
09:36:54,11.52,0.0,528,607770,卖盘
09:36:57,11.51,-0.01,75,86268,卖盘
09:37:00,11.58,0.07,285,329180,买盘
09:37:03,11.58,0.0,34,39372,买盘
09:37:06,11.6,0.02,29,33627,买盘
09:37:09,11.64,0.04,200,232561,买盘
09:37:12,11.59,-0.05,391,453695,卖盘
09:37:15,11.65,0.06,417,485745,买盘
09:37:18,11.66,0.01,66,76951,买盘
09:37:21,11.69,0.03,209,243825,买盘
09:37:24,11.7,0.01,399,467352,买盘
09:37:27,11.75,0.05,180,211380,买盘
09:37:30,11.75,0.0,101,118591,买盘
09:37:33,11.75,0.0,531,622501,买盘
09:37:36,11.79,0.04,331,389163,买盘
09:37:39,11.79,0.0,115,135674,卖盘
09:37:42,11.8,0.01,108,127393,买盘
09:37:45,11.83,0.03,75,88553,中性盘
09:37:48,11.83,0.0,94,111471,卖盘
09:37:51,11.76,-0.07,898,1058946,卖盘
09:37:54,11.82,0.06,428,504272,买盘
09:37:57,11.82,0.0,186,219734,买盘
09:38:00,11.82,0.0,125,147578,买盘
09:38:03,11.83,0.01,345,407683,买盘
09:38:06,11.83,0.0,268,317115,卖盘
09:38:09,11.88,0.05,2220,2631093,买盘
09:38:12,11.83,-0.05,777,922562,卖盘
09:38:15,11.82,-0.01,404,477512,中性盘
09:38:18,11.83,0.01,312,369201,买盘
09:38:21,11.79,-0.04,113,132800,卖盘
09:38:24,11.76,-0.03,464,545424,卖盘
09:38:27,11.74,-0.02,90,105396,卖盘
09:38:30,11.71,-0.03,135,158129,中性盘
09:38:33,11.7,-0.01,14,16364,买盘
09:38:36,11.67,-0.03,51,59434,买盘
09:38:39,11.64,-0.03,244,284229,卖盘
09:38:42,11.64,0.0,28,32524,买盘
09:38:45,11.62,-0.02,50,57929,中性盘
09:38:48,11.62,0.0,23,26758,卖盘
09:38:51,11.64,0.02,78,90683,买盘
09:38:54,11.64,0.0,126,146504,中性盘
09:38:57,11.65,0.01,152,177336,卖盘
09:39:00,11.65,0.0,41,47771,卖盘
09:39:03,11.69,0.04,84,97990,中性盘
09:39:06,11.7,0.01,37,43255,买盘
09:39:12,11.74,0.04,38,44586,买盘
09:39:15,11.69,-0.05,62,72691,卖盘
09:39:18,11.75,0.06,89,104442,买盘
09:39:21,11.75,0.0,92,108051,买盘
09:39:24,11.75,0.0,173,203253,买盘
09:39:27,11.75,0.0,277,325221,卖盘
09:39:30,11.74,-0.01,384,450850,中性盘
09:39:33,11.73,-0.01,335,393669,中性盘
09:39:36,11.71,-0.02,466,547525,买盘
09:39:39,11.72,0.01,81,95054,卖盘
09:39:42,11.72,0.0,136,159642,卖盘
09:39:45,11.74,0.02,156,183202,买盘
09:39:48,11.74,0.0,141,165862,卖盘
09:39:51,11.75,0.01,151,177203,买盘
09:39:54,11.72,-0.03,252,295596,卖盘
09:39:57,11.75,0.03,79,92825,卖盘
09:40:00,11.77,0.02,58,68202,买盘
09:40:03,11.76,-0.01,47,55274,卖盘
09:40:06,11.78,0.02,153,179968,买盘
09:40:09,11.77,-0.01,131,154110,卖盘
09:40:12,11.78,0.01,94,110721,买盘
09:40:15,11.77,-0.01,112,131722,卖盘
09:40:18,11.79,0.02,642,756941,买盘
09:40:21,11.8,0.01,195,230077,买盘
09:40:24,11.8,0.0,766,903878,买盘
09:40:27,11.8,0.0,287,338622,买盘
09:40:30,11.8,0.0,222,262008,买盘
09:40:33,11.81,0.01,508,600022,卖盘
09:40:36,11.82,0.01,28,33103,中性盘
09:40:39,11.86,0.04,87,103089,买盘
09:40:42,11.86,0.0,30,35618,卖盘
09:40:45,11.89,0.03,202,240079,买盘
09:40:48,11.93,0.04,383,456050,买盘
09:40:51,11.95,0.02,250,297886,买盘
09:40:54,11.98,0.03,426,510420,买盘
09:40:57,12.06,0.08,458,549850,买盘
09:41:00,12.08,0.02,60,72317,买盘
09:41:03,12.1,0.02,164,198064,买盘
09:41:06,12.17,0.07,282,341474,买盘
09:41:09,12.19,0.02,1169,1424876,买盘
09:41:12,12.2,0.01,945,1152165,买盘
09:41:15,12.21,0.01,1436,1752681,买盘
09:41:18,12.21,0.0,3128,3818407,买盘
09:41:21,12.21,0.0,212,259145,卖盘
09:41:24,12.21,0.0,290,353699,卖盘
09:41:27,12.21,0.0,326,397997,卖盘
09:41:30,12.21,0.0,1284,1568008,卖盘
09:41:33,12.21,0.0,246,299878,卖盘
09:41:36,12.21,0.0,276,336996,卖盘
09:41:39,12.21,0.0,40,49426,卖盘
09:41:42,12.21,0.0,251,306422,卖盘
09:41:45,12.21,0.0,224,273504,卖盘
09:41:48,12.21,0.0,76,92796,卖盘
09:41:51,12.21,0.0,2107,2573185,卖盘
09:41:54,12.21,0.0,123,150183,卖盘
09:41:57,12.21,0.0,558,681220,卖盘
09:42:00,12.21,0.0,167,203858,卖盘
09:42:03,12.21,0.0,66,80586,卖盘
09:42:06,12.21,0.0,121,148083,卖盘
09:42:09,12.21,0.0,157,191697,卖盘
09:42:12,12.21,0.0,280,341782,卖盘
09:42:15,12.21,0.0,305,372894,卖盘
09:42:18,12.21,0.0,152,185592,卖盘
09:42:21,12.21,0.0,47,57387,卖盘
09:42:24,12.21,0.0,10,12210,卖盘
09:42:27,12.21,0.0,80,98070,卖盘
09:42:30,12.21,0.0,65,79927,卖盘
09:42:33,12.21,0.0,267,325909,卖盘
09:42:36,12.21,0.0,54,65934,卖盘
09:42:39,12.21,0.0,13,15776,卖盘
09:42:42,12.21,0.0,905,1105005,卖盘
09:42:45,12.21,0.0,14,17094,卖盘
09:42:48,12.21,0.0,18,21978,卖盘
09:42:51,12.21,0.0,160,194896,卖盘
09:42:54,12.21,0.0,51,62271,卖盘
09:42:57,12.21,0.0,211,257533,卖盘
09:43:03,12.21,0.0,239,292356,卖盘
09:43:06,12.21,0.0,14,17094,卖盘
09:43:09,12.21,0.0,12,14652,卖盘
09:43:12,12.21,0.0,56,68498,卖盘
09:43:15,12.21,0.0,21,26227,卖盘
09:43:18,12.21,0.0,51,62271,卖盘
09:43:21,12.21,0.0,63,76923,卖盘
09:43:24,12.21,0.0,13,15873,卖盘
09:43:27,12.21,0.0,49,59829,卖盘
09:43:30,12.21,0.0,146,178266,卖盘
09:43:33,12.21,0.0,52,63492,卖盘
09:43:36,12.21,0.0,126,153846,卖盘
09:43:39,12.21,0.0,50,61050,卖盘
09:43:42,12.21,0.0,118,144078,卖盘
09:43:45,12.21,0.0,86,105385,卖盘
09:43:48,12.21,0.0,95,115995,卖盘
09:43:51,12.21,0.0,188,230036,卖盘
09:43:54,12.21,0.0,78,95238,卖盘
09:43:57,12.21,0.0,72,87815,卖盘
09:44:00,12.21,0.0,73,88547,卖盘
09:44:03,12.21,0.0,18,21978,卖盘
09:44:06,12.21,0.0,250,305591,卖盘
09:44:09,12.21,0.0,27,33456,卖盘
09:44:12,12.21,0.0,27,32967,卖盘
09:44:15,12.21,0.0,5,6105,卖盘
09:44:18,12.21,0.0,80,97680,卖盘
09:44:21,12.21,0.0,12,14835,卖盘
09:44:24,12.21,0.0,80,97680,卖盘
09:44:27,12.21,0.0,37,45177,卖盘
09:44:30,12.21,0.0,621,758241,卖盘
09:44:33,12.21,0.0,30,36630,卖盘
09:44:36,12.21,0.0,487,595067,卖盘
09:44:39,12.21,0.0,115,140415,卖盘
09:44:42,12.21,0.0,71,86691,卖盘
09:44:45,12.21,0.0,471,575091,卖盘
09:44:48,12.21,0.0,28,34188,卖盘
09:44:51,12.21,0.0,31,37851,卖盘
09:44:57,12.21,0.0,20,24420,卖盘
09:45:00,12.21,0.0,17,20757,卖盘
09:45:03,12.21,0.0,103,125763,卖盘
09:45:06,12.21,0.0,21,25641,卖盘
09:45:09,12.21,0.0,13,15873,卖盘
09:45:12,12.21,0.0,59,72039,卖盘
09:45:15,12.21,0.0,106,129426,卖盘
09:45:18,12.21,0.0,3,3663,卖盘
09:45:21,12.21,0.0,99,120879,卖盘
09:45:24,12.21,0.0,16,19536,卖盘
09:45:27,12.21,0.0,4,4884,卖盘
09:45:30,12.21,0.0,216,264029,卖盘
09:45:33,12.21,0.0,9,10989,卖盘
09:45:36,12.21,0.0,1,1221,卖盘
09:45:39,12.21,0.0,27,32967,卖盘
09:45:42,12.21,0.0,7,8547,卖盘
09:45:45,12.21,0.0,22,26862,卖盘
09:45:48,12.21,0.0,1,1758,卖盘
09:45:51,12.21,0.0,7,8547,卖盘
09:45:54,12.21,0.0,82,100122,卖盘
09:45:57,12.21,0.0,59,72576,卖盘
09:46:00,12.21,0.0,5,6105,卖盘
09:46:03,12.21,0.0,10,12210,卖盘
09:46:06,12.21,0.0,17,20757,卖盘
09:46:09,12.21,0.0,32,39072,卖盘
09:46:12,12.21,0.0,3,3663,卖盘
09:46:15,12.21,0.0,59,72039,卖盘
09:46:18,12.21,0.0,52,63492,卖盘
09:46:21,12.21,0.0,32,39072,卖盘
09:46:24,12.21,0.0,20,24420,卖盘
09:46:27,12.21,0.0,109,132503,卖盘
09:46:30,12.21,0.0,15,18315,卖盘
09:46:33,12.21,0.0,1,1221,卖盘
09:46:39,12.21,0.0,3,3614,卖盘
09:46:42,12.21,0.0,10,12210,卖盘
09:46:48,12.21,0.0,4,4884,卖盘
09:46:51,12.21,0.0,4,4884,卖盘
09:46:54,12.21,0.0,50,61050,卖盘
09:46:57,12.21,0.0,10,12210,卖盘
09:47:03,12.21,0.0,43,52503,卖盘
09:47:06,12.21,0.0,15,18315,卖盘
09:47:09,12.21,0.0,1000,1221000,卖盘
09:47:15,12.21,0.0,5,6105,卖盘
09:47:18,12.21,0.0,20,24420,卖盘
09:47:21,12.21,0.0,2,2442,卖盘
09:47:24,12.21,0.0,121,147741,卖盘
09:47:27,12.21,0.0,64,78095,卖盘
09:47:30,12.21,0.0,29,35409,卖盘
09:47:33,12.21,0.0,57,69353,卖盘
09:47:36,12.21,0.0,300,366300,卖盘
09:47:39,12.21,0.0,81,98901,卖盘
09:47:42,12.21,0.0,6,7326,卖盘
09:47:45,12.21,0.0,5,6105,卖盘
09:47:48,12.21,0.0,57,69597,卖盘
09:47:51,12.21,0.0,12,14554,卖盘
09:47:54,12.21,0.0,29,35409,卖盘
09:47:57,12.21,0.0,27,32967,卖盘
09:48:00,12.21,0.0,27,32967,卖盘
09:48:03,12.21,0.0,70,85470,卖盘
09:48:06,12.21,0.0,248,302808,卖盘
09:48:09,12.21,0.0,30,36142,卖盘
09:48:12,12.21,0.0,133,162393,卖盘
09:48:15,12.21,0.0,67,82051,卖盘
09:48:21,12.21,0.0,40,48547,卖盘
09:48:24,12.21,0.0,139,169719,卖盘
09:48:27,12.21,0.0,59,72235,卖盘
09:48:30,12.21,0.0,18,21978,卖盘
09:48:36,12.21,0.0,22,26862,卖盘
09:48:39,12.21,0.0,15,18315,卖盘
09:48:42,12.21,0.0,2,2442,卖盘
09:48:45,12.21,0.0,13,15873,卖盘
09:48:48,12.21,0.0,15,18510,卖盘
09:48:51,12.21,0.0,18,21978,卖盘
09:48:57,12.21,0.0,1,1221,卖盘
09:49:03,12.21,0.0,25,30525,卖盘
09:49:06,12.21,0.0,531,648595,卖盘
09:49:12,12.21,0.0,5,6105,卖盘
09:49:15,12.21,0.0,48,58608,卖盘
09:49:21,12.21,0.0,169,206349,卖盘
09:49:24,12.21,0.0,49,59829,卖盘
09:49:30,12.21,0.0,9,10989,卖盘
09:49:33,12.21,0.0,5,6105,卖盘
09:49:36,12.21,0.0,305,372161,卖盘
09:49:39,12.21,0.0,5,6105,卖盘
09:49:42,12.21,0.0,44,53724,卖盘
09:49:51,12.21,0.0,4,4884,卖盘
09:49:54,12.21,0.0,15,18315,卖盘
09:49:57,12.21,0.0,126,153846,卖盘
09:50:00,12.21,0.0,13,15726,卖盘
09:50:03,12.21,0.0,31,37851,卖盘
09:50:06,12.21,0.0,1,1807,卖盘
09:50:09,12.21,0.0,146,178853,卖盘
09:50:12,12.21,0.0,180,219780,卖盘
09:50:15,12.21,0.0,10,12210,卖盘
09:50:18,12.21,0.0,162,197802,卖盘
09:50:24,12.21,0.0,17,20757,卖盘
09:50:27,12.21,0.0,10,12210,卖盘
09:50:30,12.21,0.0,10,12210,卖盘
09:50:33,12.21,0.0,3,3663,卖盘
09:50:36,12.21,0.0,64,77655,卖盘
09:50:39,12.21,0.0,15,18315,卖盘
09:50:51,12.21,0.0,10,12210,卖盘
09:50:54,12.21,0.0,10,12210,卖盘
09:50:57,12.21,0.0,8,9768,卖盘
09:51:03,12.21,0.0,50,61050,卖盘
09:51:09,12.21,0.0,23,28083,卖盘
09:51:15,12.21,0.0,121,147741,卖盘
09:51:18,12.21,0.0,181,221001,卖盘
09:51:24,12.21,0.0,20,24420,卖盘
09:51:33,12.21,0.0,306,373577,卖盘
09:51:39,12.21,0.0,57,69353,卖盘
09:51:42,12.21,0.0,2,2344,卖盘
09:51:45,12.21,0.0,3,3663,卖盘
09:51:48,12.21,0.0,12,15238,卖盘
09:51:54,12.21,0.0,112,136948,卖盘
09:51:57,12.21,0.0,9,11526,卖盘
09:52:00,12.21,0.0,201,245421,卖盘
09:52:06,12.21,0.0,7,9035,卖盘
09:52:12,12.21,0.0,21,25641,卖盘
09:52:18,12.21,0.0,216,263736,卖盘
09:52:24,12.21,0.0,5,6105,卖盘
09:52:27,12.21,0.0,25,30525,卖盘
09:52:42,12.21,0.0,1,1221,卖盘
09:52:48,12.21,0.0,59,72039,卖盘
09:52:51,12.21,0.0,1,1283,卖盘
09:53:09,12.21,0.0,19,23650,卖盘
09:53:18,12.21,0.0,4,4884,卖盘
09:53:21,12.21,0.0,15,18315,卖盘
09:53:30,12.21,0.0,20,24420,卖盘
09:53:33,12.21,0.0,10,12210,卖盘
09:53:36,12.21,0.0,23,28083,卖盘
09:53:39,12.21,0.0,5,6105,卖盘
09:53:42,12.21,0.0,34,41514,卖盘
09:53:48,12.21,0.0,1,1221,卖盘
09:53:51,12.21,0.0,387,472527,卖盘
09:53:57,12.21,0.0,2,2442,卖盘
09:54:00,12.21,0.0,5,6105,卖盘
09:54:03,12.21,0.0,219,267399,卖盘
09:54:12,12.21,0.0,22,26862,卖盘
09:54:15,12.21,0.0,28,34188,卖盘
09:54:24,12.21,0.0,106,129426,卖盘
09:54:33,12.21,0.0,9,10989,卖盘
09:54:36,12.21,0.0,12,14652,卖盘
09:54:45,12.21,0.0,6,7229,卖盘
09:54:48,12.21,0.0,36,43956,卖盘
09:54:57,12.21,0.0,14,17094,卖盘
09:55:00,12.21,0.0,8,9768,卖盘
09:55:03,12.21,0.0,10,12210,卖盘
09:55:06,12.21,0.0,50,61050,卖盘
09:55:15,12.21,0.0,10,12210,卖盘
09:55:18,12.21,0.0,5,6105,卖盘
09:55:24,12.21,0.0,21,25641,卖盘
09:55:27,12.21,0.0,32,39072,卖盘
09:55:36,12.21,0.0,1,1221,卖盘
09:55:39,12.21,0.0,9,10989,卖盘
09:55:48,12.21,0.0,21,25641,卖盘
09:55:51,12.21,0.0,2,2442,卖盘
09:56:03,12.21,0.0,5,6105,卖盘
09:56:09,12.21,0.0,28,34188,卖盘
09:56:12,12.21,0.0,20,24420,卖盘
09:56:15,12.21,0.0,14,17094,卖盘
09:56:18,12.21,0.0,4,4884,卖盘
09:56:24,12.21,0.0,6,7667,卖盘
09:56:27,12.21,0.0,10,12210,卖盘
09:56:33,12.21,0.0,4,4884,卖盘
09:56:36,12.21,0.0,38,46887,卖盘
09:56:48,12.21,0.0,10,12210,卖盘
09:56:51,12.21,0.0,3,3663,卖盘
09:56:54,12.21,0.0,4,4884,卖盘
09:57:03,12.21,0.0,34,41514,卖盘
09:57:12,12.21,0.0,6,7326,卖盘
09:57:18,12.21,0.0,15,18315,卖盘
09:57:33,12.21,0.0,4,4884,卖盘
09:57:39,12.21,0.0,145,176459,卖盘
09:57:42,12.21,0.0,2,2442,卖盘
09:57:48,12.21,0.0,3,3663,卖盘
09:57:54,12.21,0.0,1,1807,卖盘
09:57:57,12.21,0.0,16,19536,卖盘
09:58:00,12.21,0.0,1,1221,卖盘
09:58:03,12.21,0.0,1,1221,卖盘
09:58:06,12.21,0.0,2,2442,卖盘
09:58:18,12.21,0.0,9,10989,卖盘
09:58:24,12.21,0.0,1,1221,卖盘
09:58:27,12.21,0.0,5,6105,卖盘
09:58:33,12.21,0.0,27,32967,卖盘
09:58:36,12.21,0.0,10,12210,卖盘
09:58:39,12.21,0.0,20,24811,卖盘
09:58:48,12.21,0.0,10,12210,卖盘
09:58:51,12.21,0.0,6,7326,卖盘
09:58:54,12.21,0.0,3,3663,卖盘
09:59:00,12.21,0.0,6,7326,卖盘
09:59:15,12.21,0.0,2,2442,卖盘
09:59:24,12.21,0.0,1,1221,卖盘
09:59:33,12.21,0.0,21,25641,卖盘
09:59:45,12.21,0.0,12,14652,卖盘
09:59:48,12.21,0.0,14,17094,卖盘
09:59:54,12.21,0.0,20,24420,卖盘
10:00:03,12.21,0.0,7,8547,卖盘
10:00:09,12.21,0.0,4,5421,卖盘
10:00:15,12.21,0.0,2,2442,卖盘
10:00:36,12.21,0.0,14,17094,卖盘
10:00:39,12.21,0.0,10,12210,卖盘
10:00:45,12.21,0.0,12,14505,卖盘
10:00:51,12.21,0.0,24,29304,卖盘
10:00:54,12.21,0.0,20,24420,卖盘
10:01:03,12.21,0.0,18,21978,卖盘
10:01:06,12.21,0.0,5,6105,卖盘
10:01:09,12.21,0.0,471,574749,卖盘
10:01:12,12.21,0.0,8,9768,卖盘
10:01:15,12.21,0.0,10,12210,卖盘
10:01:24,12.21,0.0,10,12210,卖盘
10:01:27,12.21,0.0,10,12162,卖盘
10:01:30,12.21,0.0,15,18315,卖盘
10:01:33,12.21,0.0,30,36630,卖盘
10:01:45,12.21,0.0,125,152625,卖盘
10:01:51,12.21,0.0,5,6105,卖盘
10:01:54,12.21,0.0,32,39072,卖盘
10:02:00,12.21,0.0,4,4884,卖盘
10:02:03,12.21,0.0,1,1221,卖盘
10:02:06,12.21,0.0,16,19536,卖盘
10:02:15,12.21,0.0,3,3663,卖盘
10:02:18,12.21,0.0,10,12210,卖盘
10:02:33,12.21,0.0,30,36630,卖盘
10:02:39,12.21,0.0,3,3663,卖盘
10:02:51,12.21,0.0,3,3663,卖盘
10:02:57,12.21,0.0,2,2442,卖盘
10:03:24,12.21,0.0,35,42735,卖盘
10:03:27,12.21,0.0,12,14652,卖盘
10:03:45,12.21,0.0,15,18070,卖盘
10:03:54,12.21,0.0,25,30525,卖盘
10:03:57,12.21,0.0,5,6105,卖盘
10:04:03,12.21,0.0,2,2442,卖盘
10:04:12,12.21,0.0,51,62271,卖盘
10:04:24,12.21,0.0,14,17094,卖盘
10:04:27,12.21,0.0,13,15873,卖盘
10:04:30,12.21,0.0,1,1221,卖盘
10:04:33,12.21,0.0,7,8547,卖盘
10:04:36,12.21,0.0,20,24420,卖盘
10:04:39,12.21,0.0,30,36630,卖盘
10:04:42,12.21,0.0,10,12210,卖盘
10:04:51,12.21,0.0,70,85470,卖盘
10:04:54,12.21,0.0,17,20757,卖盘
10:04:57,12.21,0.0,2,2442,卖盘
10:05:00,12.21,0.0,110,134310,卖盘
10:05:03,12.21,0.0,3,3663,卖盘
10:05:06,12.21,0.0,18,21978,卖盘
10:05:09,12.21,0.0,19,23199,卖盘
10:05:12,12.21,0.0,2,2442,卖盘
10:05:21,12.21,0.0,20,24420,卖盘
10:05:30,12.21,0.0,5,6105,卖盘
10:05:33,12.21,0.0,1,1221,卖盘
10:05:42,12.21,0.0,1,1221,卖盘
10:05:54,12.21,0.0,1,1221,卖盘
10:06:00,12.21,0.0,10,12210,卖盘
10:06:09,12.21,0.0,20,24420,卖盘
10:06:15,12.21,0.0,3,3663,卖盘
10:06:18,12.21,0.0,2,2442,卖盘
10:06:21,12.21,0.0,20,24420,卖盘
10:06:36,12.21,0.0,15,18315,卖盘
10:07:03,12.21,0.0,5,6105,卖盘
10:07:09,12.21,0.0,4,4884,卖盘
10:07:15,12.21,0.0,9,10989,卖盘
10:07:18,12.21,0.0,184,224664,卖盘
10:07:24,12.21,0.0,21,25397,卖盘
10:07:30,12.21,0.0,6,7326,卖盘
10:07:39,12.21,0.0,16,19536,卖盘
10:07:42,12.21,0.0,41,50061,卖盘
10:07:45,12.21,0.0,5,6105,卖盘
10:07:48,12.21,0.0,20,24420,卖盘
10:07:51,12.21,0.0,10,12210,卖盘
10:08:03,12.21,0.0,39,47766,卖盘
10:08:09,12.21,0.0,7,8547,卖盘
10:08:12,12.21,0.0,2,2442,卖盘
10:08:15,12.21,0.0,1,1221,卖盘
10:08:30,12.21,0.0,2,2442,卖盘
10:08:36,12.21,0.0,14,17094,卖盘
10:08:39,12.21,0.0,1,1221,卖盘
10:09:00,12.21,0.0,1,1221,卖盘
10:09:48,12.21,0.0,48,58559,卖盘
10:10:00,12.21,0.0,28,34188,卖盘
10:10:15,12.21,0.0,10,12210,卖盘
10:10:30,12.21,0.0,28,33895,卖盘
10:10:33,12.21,0.0,2,2442,卖盘
10:10:36,12.21,0.0,10,12210,卖盘
10:11:21,12.21,0.0,10,12210,卖盘
10:12:15,12.21,0.0,20,24420,卖盘
10:12:21,12.21,0.0,1,1221,卖盘
10:12:27,12.21,0.0,10,12649,卖盘
10:12:36,12.21,0.0,3,3663,卖盘
10:12:51,12.21,0.0,10,12210,卖盘
10:13:03,12.21,0.0,3,3663,卖盘
10:13:15,12.21,0.0,11,13431,卖盘
10:13:24,12.21,0.0,1,1221,卖盘
10:13:36,12.21,0.0,11,13431,卖盘
10:13:48,12.21,0.0,34,41514,卖盘
10:13:54,12.21,0.0,9,10989,卖盘
10:14:06,12.21,0.0,3,3663,卖盘
10:14:09,12.21,0.0,5,6594,卖盘
10:14:18,12.21,0.0,5,5616,卖盘
10:14:30,12.21,0.0,4,4884,卖盘
10:14:36,12.21,0.0,8,9768,卖盘
10:14:54,12.21,0.0,5,6105,卖盘
10:14:57,12.21,0.0,2,2442,卖盘
10:15:36,12.21,0.0,50,61050,卖盘
10:15:45,12.21,0.0,13,15873,卖盘
10:15:57,12.21,0.0,3,3663,卖盘
10:16:06,12.21,0.0,1,1221,卖盘
10:16:09,12.21,0.0,3,3663,卖盘
10:16:15,12.21,0.0,10,12210,卖盘
10:16:24,12.21,0.0,1,1221,卖盘
10:16:36,12.21,0.0,4,4884,卖盘
10:16:51,12.21,0.0,10,12796,卖盘
10:16:54,12.21,0.0,5,6105,卖盘
10:17:03,12.21,0.0,12,14652,卖盘
10:17:30,12.21,0.0,5,6105,卖盘
10:17:48,12.21,0.0,5,6105,卖盘
10:18:03,12.21,0.0,5,6105,卖盘
10:18:06,12.21,0.0,2,2442,卖盘
10:18:18,12.21,0.0,1,1221,卖盘
10:18:21,12.21,0.0,106,129426,卖盘
10:18:24,12.21,0.0,1,1221,卖盘
10:18:30,12.21,0.0,9,10989,卖盘
10:18:33,12.21,0.0,1,1221,卖盘
10:18:42,12.21,0.0,1,1221,卖盘
10:18:57,12.21,0.0,30,36630,卖盘
10:19:06,12.21,0.0,5,6105,卖盘
10:19:09,12.21,0.0,1,1808,卖盘
10:19:12,12.21,0.0,30,36630,卖盘
10:19:15,12.21,0.0,3,3663,卖盘
10:19:18,12.21,0.0,10,12210,卖盘
10:19:42,12.21,0.0,1,1221,卖盘
10:19:45,12.21,0.0,3,3663,卖盘
10:19:48,12.21,0.0,1,1221,卖盘
10:19:57,12.21,0.0,1,1758,卖盘
10:20:06,12.21,0.0,1,1221,卖盘
10:20:21,12.21,0.0,8,9768,卖盘
10:20:48,12.21,0.0,50,61050,卖盘
10:21:03,12.21,0.0,11,13431,卖盘
10:21:06,12.21,0.0,1,1172,卖盘
10:21:15,12.21,0.0,66,80586,卖盘
10:21:21,12.21,0.0,37,45177,卖盘
10:21:33,12.21,0.0,9,10989,卖盘
10:21:36,12.21,0.0,4,4884,卖盘
10:21:42,12.21,0.0,14,17094,卖盘
10:21:45,12.21,0.0,4,4884,卖盘
10:23:00,12.21,0.0,38,46349,卖盘
10:23:03,12.21,0.0,10,12210,卖盘
10:23:18,12.21,0.0,1,1221,卖盘
10:23:30,12.21,0.0,8,9524,卖盘
10:23:36,12.21,0.0,50,61050,卖盘
10:23:42,12.21,0.0,50,61050,卖盘
10:24:03,12.21,0.0,11,13431,卖盘
10:24:21,12.21,0.0,49,59902,卖盘
10:24:27,12.21,0.0,1,1221,卖盘
10:24:33,12.21,0.0,8,9475,卖盘
10:24:42,12.21,0.0,3,3663,卖盘
10:24:48,12.21,0.0,1,1221,卖盘
10:25:00,12.21,0.0,101,123907,卖盘
10:25:06,12.21,0.0,7,9133,卖盘
10:25:09,12.21,0.0,6,7229,卖盘
10:25:15,12.21,0.0,2,2442,卖盘
10:25:33,12.21,0.0,20,24420,卖盘
10:25:42,12.21,0.0,10,12210,卖盘
10:26:09,12.21,0.0,11,13431,卖盘
10:26:27,12.21,0.0,10,12210,卖盘
10:27:00,12.21,0.0,10,12210,卖盘
10:27:36,12.21,0.0,1,1221,卖盘
10:27:45,12.21,0.0,4,5421,卖盘
10:27:48,12.21,0.0,2,2442,卖盘
10:27:54,12.21,0.0,25,30525,卖盘
10:28:06,12.21,0.0,36,44298,卖盘
10:28:30,12.21,0.0,18,21685,卖盘
10:28:33,12.21,0.0,16,19047,卖盘
10:28:42,12.21,0.0,8,9768,卖盘
10:28:45,12.21,0.0,21,25299,卖盘
10:28:57,12.21,0.0,4,4884,卖盘
10:29:00,12.21,0.0,20,24420,卖盘
10:29:24,12.21,0.0,8,9768,卖盘
10:30:03,12.21,0.0,30,36630,卖盘
10:30:06,12.21,0.0,10,12210,卖盘
10:30:12,12.21,0.0,12,14652,卖盘
10:30:21,12.21,0.0,24,29304,卖盘
10:30:24,12.21,0.0,29,35165,卖盘
10:30:36,12.21,0.0,10,12210,卖盘
10:30:39,12.21,0.0,24,29304,卖盘
10:30:54,12.21,0.0,15,18706,卖盘
10:31:03,12.21,0.0,5,6105,卖盘
10:31:36,12.21,0.0,20,24420,卖盘
10:31:39,12.21,0.0,11,13431,卖盘
10:31:54,12.21,0.0,15,18315,卖盘
10:32:03,12.21,0.0,10,12210,卖盘
10:32:21,12.21,0.0,20,24420,卖盘
10:32:48,12.21,0.0,111,135531,卖盘
10:32:54,12.21,0.0,8,9768,卖盘
10:33:15,12.21,0.0,5,6105,卖盘
10:33:18,12.21,0.0,25,30525,卖盘
10:33:33,12.21,0.0,26,31746,卖盘
10:33:39,12.21,0.0,130,158730,卖盘
10:33:42,12.21,0.0,10,12210,卖盘
10:33:48,12.21,0.0,6,7326,卖盘
10:33:51,12.21,0.0,10,12210,卖盘
10:34:00,12.21,0.0,10,12210,卖盘
10:34:21,12.21,0.0,104,126984,卖盘
10:34:24,12.21,0.0,10,12210,卖盘
10:34:39,12.21,0.0,5,6105,卖盘
10:34:51,12.21,0.0,4,4884,卖盘
10:35:15,12.21,0.0,15,18315,卖盘
10:35:42,12.21,0.0,5,6105,卖盘
10:36:54,12.21,0.0,10,12210,卖盘
10:37:09,12.21,0.0,1,1221,卖盘
10:37:12,12.21,0.0,2,2442,卖盘
10:37:39,12.21,0.0,6,7326,卖盘
10:37:45,12.21,0.0,15,18315,卖盘
10:37:54,12.21,0.0,2,2442,卖盘
10:38:15,12.21,0.0,1,1221,卖盘
10:38:21,12.21,0.0,30,36630,卖盘
10:38:27,12.21,0.0,7,8547,卖盘
10:38:42,12.21,0.0,1,1221,卖盘
10:38:48,12.21,0.0,12,14603,卖盘
10:39:27,12.21,0.0,50,61050,卖盘
10:39:33,12.21,0.0,3,3663,卖盘
10:39:36,12.21,0.0,14,17583,卖盘
10:39:57,12.21,0.0,140,170940,卖盘
10:40:06,12.21,0.0,20,24420,卖盘
10:40:36,12.21,0.0,5,6105,卖盘
10:40:48,12.21,0.0,4,4884,卖盘
10:40:51,12.21,0.0,23,27545,卖盘
10:41:24,12.21,0.0,17,20757,卖盘
10:41:51,12.21,0.0,100,122100,卖盘
10:41:57,12.21,0.0,16,19536,卖盘
10:42:15,12.21,0.0,6,7326,卖盘
10:42:18,12.21,0.0,4,4884,卖盘
10:42:45,12.21,0.0,20,24420,卖盘
10:43:09,12.21,0.0,17,20757,卖盘
10:43:12,12.21,0.0,65,79365,卖盘
10:43:21,12.21,0.0,20,24420,卖盘
10:43:27,12.21,0.0,10,12210,卖盘
10:43:39,12.21,0.0,3,3663,卖盘
10:44:03,12.21,0.0,10,12796,卖盘
10:44:33,12.21,0.0,2,2442,卖盘
10:44:48,12.21,0.0,27,32967,卖盘
10:45:18,12.21,0.0,3,3615,卖盘
10:45:21,12.21,0.0,50,61050,卖盘
10:46:03,12.21,0.0,28,34188,卖盘
10:46:45,12.21,0.0,20,24420,卖盘
10:47:00,12.21,0.0,2,2442,卖盘
10:47:15,12.21,0.0,1,1221,卖盘
10:47:21,12.21,0.0,50,61050,卖盘
10:47:42,12.21,0.0,25,30525,卖盘
10:50:03,12.21,0.0,10,12210,卖盘
10:50:06,12.21,0.0,10,12210,卖盘
10:50:15,12.21,0.0,3,3663,卖盘
10:51:42,12.21,0.0,50,61050,卖盘
10:52:15,12.21,0.0,3,3663,卖盘
10:52:36,12.21,0.0,1,1221,卖盘
10:53:24,12.21,0.0,3,3663,卖盘
10:53:39,12.21,0.0,7,9035,卖盘
10:53:42,12.21,0.0,2,2442,卖盘
10:53:54,12.21,0.0,45,54945,卖盘
10:54:42,12.21,0.0,1,1221,卖盘
10:55:03,12.21,0.0,3,3663,卖盘
10:56:12,12.21,0.0,5,6105,卖盘
10:56:33,12.21,0.0,50,61050,卖盘
10:57:09,12.21,0.0,20,24420,卖盘
10:59:06,12.21,0.0,12,14652,卖盘
11:00:00,12.21,0.0,20,24420,卖盘
11:00:57,12.21,0.0,10,12210,卖盘
11:02:09,12.21,0.0,4,4859,卖盘
11:02:51,12.21,0.0,4,4884,卖盘
11:03:00,12.21,0.0,3,4250,卖盘
11:03:21,12.21,0.0,172,210012,卖盘
11:03:45,12.21,0.0,32,39072,卖盘
11:04:33,12.21,0.0,30,36630,卖盘
11:05:03,12.21,0.0,20,24420,卖盘
11:05:21,12.21,0.0,22,26862,卖盘
11:05:54,12.21,0.0,2,2442,卖盘
11:06:09,12.21,0.0,17,20757,卖盘
11:07:27,12.21,0.0,15,18315,卖盘
11:07:54,12.21,0.0,1108,1352868,卖盘
11:07:57,12.21,0.0,3,3663,卖盘
11:08:45,12.21,0.0,3,3614,卖盘
11:09:15,12.21,0.0,12,14652,卖盘
11:10:06,12.21,0.0,3,4200,卖盘
11:12:15,12.21,0.0,21,25543,卖盘
11:12:51,12.21,0.0,10,12210,卖盘
11:13:36,12.21,0.0,2,2442,卖盘
11:14:36,12.21,0.0,1,1221,卖盘
11:14:39,12.21,0.0,7,8547,卖盘
11:19:00,12.21,0.0,1,1221,卖盘
11:19:15,12.21,0.0,5,6105,卖盘
11:20:12,12.21,0.0,2,2442,卖盘
11:20:15,12.21,0.0,5,6105,卖盘
11:22:00,12.21,0.0,2,2442,卖盘
11:22:12,12.21,0.0,2,2442,卖盘
11:23:24,12.21,0.0,20,24420,卖盘
11:24:06,12.21,0.0,980,1196580,卖盘
11:26:08,12.21,0.0,4,4884,卖盘
11:26:11,12.21,0.0,10,12210,卖盘
11:27:03,12.21,0.0,303,370452,卖盘
11:27:12,12.21,0.0,100,122100,卖盘
11:28:00,12.21,0.0,10,12210,卖盘
11:28:39,12.21,0.0,1,1221,卖盘
11:29:51,12.21,0.0,20,24420,卖盘
11:29:54,12.21,0.0,106,129914,卖盘
13:00:03,12.21,0.0,93,113553,卖盘
13:00:06,12.21,0.0,200,243870,卖盘
13:00:09,12.21,0.0,231,281563,卖盘
13:00:12,12.21,0.0,10,12210,卖盘
13:01:12,12.21,0.0,2,2442,卖盘
13:01:15,12.21,0.0,15,18315,卖盘
13:01:27,12.21,0.0,10,12210,卖盘
13:01:33,12.21,0.0,2,2442,卖盘
13:01:45,12.21,0.0,3,3663,卖盘
13:01:54,12.21,0.0,20,24420,卖盘
13:01:57,12.21,0.0,1,1221,卖盘
13:02:18,12.21,0.0,75,91575,卖盘
13:02:21,12.21,0.0,1,1221,卖盘
13:02:30,12.21,0.0,11,13431,卖盘
13:02:45,12.21,0.0,12,14652,卖盘
13:02:54,12.21,0.0,92,112332,卖盘
13:03:15,12.21,0.0,2,2442,卖盘
13:03:30,12.21,0.0,20,24420,卖盘
13:03:54,12.21,0.0,12,14652,卖盘
13:04:09,12.21,0.0,1,1221,卖盘
13:04:21,12.21,0.0,3,3663,卖盘
13:04:36,12.21,0.0,5,6105,卖盘
13:04:39,12.21,0.0,20,24420,卖盘
13:04:51,12.21,0.0,4,4884,卖盘
13:05:03,12.21,0.0,58,70818,卖盘
13:05:09,12.21,0.0,5,6105,卖盘
13:05:12,12.21,0.0,110,134310,卖盘
13:05:21,12.21,0.0,20,24420,卖盘
13:05:24,12.21,0.0,100,122100,卖盘
13:05:42,12.21,0.0,20,24420,卖盘
13:06:00,12.21,0.0,10,12210,卖盘
13:06:09,12.21,0.0,70,85201,卖盘
13:06:30,12.21,0.0,20,24420,卖盘
13:06:54,12.21,0.0,5,6105,卖盘
13:06:57,12.21,0.0,40,48840,卖盘
13:07:09,12.21,0.0,4,5422,卖盘
13:07:27,12.21,0.0,41,50061,卖盘
13:08:06,12.21,0.0,146,177973,卖盘
13:08:30,12.21,0.0,270,329621,卖盘
13:08:51,12.21,0.0,10,12210,卖盘
13:09:21,12.21,0.0,30,36630,卖盘
13:09:36,12.21,0.0,1,1221,卖盘
13:09:39,12.21,0.0,1,1221,卖盘
13:10:09,12.21,0.0,10,12210,卖盘
13:10:39,12.21,0.0,5,6105,卖盘
13:11:33,12.21,0.0,13,15873,卖盘
13:12:00,12.21,0.0,5,6105,卖盘
13:12:18,12.21,0.0,16,19536,卖盘
13:12:54,12.21,0.0,10,12210,卖盘
13:13:15,12.21,0.0,4,5421,卖盘
13:14:30,12.21,0.0,10,12210,卖盘
13:14:42,12.21,0.0,3,3663,卖盘
13:14:48,12.21,0.0,1,1221,卖盘
13:15:12,12.21,0.0,2,2442,卖盘
13:15:24,12.21,0.0,8,9768,卖盘
13:15:57,12.21,0.0,30,36630,卖盘
13:16:21,12.21,0.0,2,2442,卖盘
13:18:45,12.21,0.0,8,9768,卖盘
13:18:57,12.21,0.0,8,9768,卖盘
13:19:00,12.21,0.0,50,61050,卖盘
13:20:30,12.21,0.0,2,2442,卖盘
13:21:15,12.21,0.0,2,2442,卖盘
13:21:42,12.21,0.0,10,12210,卖盘
13:22:06,12.21,0.0,92,111941,卖盘
13:22:24,12.21,0.0,10,12210,卖盘
13:22:54,12.21,0.0,1,1221,卖盘
13:23:09,12.21,0.0,1,1807,卖盘
13:23:15,12.21,0.0,5,6105,卖盘
13:23:33,12.21,0.0,15,18071,卖盘
13:24:03,12.21,0.0,2,2442,卖盘
13:25:36,12.21,0.0,11,13101,卖盘
13:26:36,12.21,0.0,18,21978,卖盘
13:27:06,12.21,0.0,5,6105,卖盘
13:27:12,12.21,0.0,10,12210,卖盘
13:28:15,12.21,0.0,10,12210,卖盘
13:28:33,12.21,0.0,2,2442,卖盘
13:29:39,12.21,0.0,40,48840,卖盘
13:32:12,12.21,0.0,9,10989,卖盘
13:32:48,12.21,0.0,20,24420,卖盘
13:32:57,12.21,0.0,1,1221,卖盘
13:33:57,12.21,0.0,5,6105,卖盘
13:36:06,12.21,0.0,1,1221,卖盘
13:36:21,12.21,0.0,1,1221,卖盘
13:37:27,12.21,0.0,33,40293,卖盘
13:38:06,12.21,0.0,2,1856,卖盘
13:38:27,12.21,0.0,4,4884,卖盘
13:38:45,12.21,0.0,5,6154,卖盘
13:39:27,12.21,0.0,25,30525,卖盘
13:40:54,12.21,0.0,1,1221,卖盘
13:41:03,12.21,0.0,7,8547,卖盘
13:42:09,12.21,0.0,1,1807,卖盘
13:43:00,12.21,0.0,7,8547,卖盘
13:43:03,12.21,0.0,1,1221,卖盘
13:43:27,12.21,0.0,1,1221,卖盘
13:43:33,12.21,0.0,5,6105,卖盘
13:43:42,12.21,0.0,20,24225,卖盘
13:44:06,12.21,0.0,4,5470,卖盘
13:44:09,12.21,0.0,1,1075,卖盘
13:44:21,12.21,0.0,1,1221,卖盘
13:45:03,12.21,0.0,4,4884,卖盘
13:45:15,12.21,0.0,1,1221,卖盘
13:45:39,12.21,0.0,2,2442,卖盘
13:46:00,12.21,0.0,1,1221,卖盘
13:46:06,12.21,0.0,2,2442,卖盘
13:48:15,12.21,0.0,8,9768,卖盘
13:50:27,12.21,0.0,8,9768,卖盘
13:52:42,12.21,0.0,7,8547,卖盘
13:53:21,12.21,0.0,700,854700,卖盘
13:53:57,12.21,0.0,1,1221,卖盘
13:54:06,12.21,0.0,1,1221,卖盘
13:54:39,12.21,0.0,1,1221,卖盘
13:55:03,12.21,0.0,2,2442,卖盘
13:59:09,12.21,0.0,1,1367,卖盘
14:00:06,12.21,0.0,1,1807,卖盘
14:00:27,12.21,0.0,18,21685,卖盘
14:00:36,12.21,0.0,4,5128,卖盘
14:01:54,12.21,0.0,40,48840,卖盘
14:02:09,12.21,0.0,4,4884,卖盘
14:04:18,12.21,0.0,3,3663,卖盘
14:06:57,12.21,0.0,5,6105,卖盘
14:07:03,12.21,0.0,50,61050,卖盘
14:08:09,12.21,0.0,44,53724,卖盘
14:10:06,12.21,0.0,1,1221,卖盘
14:10:42,12.21,0.0,1,1221,卖盘
14:12:00,12.21,0.0,6,7326,卖盘
14:12:45,12.21,0.0,4,4884,卖盘
14:14:39,12.21,0.0,1,1221,卖盘
14:15:36,12.21,0.0,2,2442,卖盘
14:17:42,12.21,0.0,15,18315,卖盘
14:20:30,12.21,0.0,7,8547,卖盘
14:20:39,12.21,0.0,12,14652,卖盘
14:20:54,12.21,0.0,1,1807,卖盘
14:25:09,12.21,0.0,20,24420,卖盘
14:25:15,12.21,0.0,1,1221,卖盘
14:25:18,12.21,0.0,8,9768,卖盘
14:27:54,12.21,0.0,10,12210,卖盘
14:32:00,12.21,0.0,22,26862,卖盘
14:33:21,12.21,0.0,3,3663,卖盘
14:34:09,12.21,0.0,1,1221,卖盘
14:34:12,12.21,0.0,5,6105,卖盘
14:34:24,12.21,0.0,1,1173,卖盘
14:36:18,12.21,0.0,6,7326,卖盘
14:36:33,12.21,0.0,7,9035,卖盘
14:36:54,12.21,0.0,10,12210,卖盘
14:38:45,12.21,0.0,5,6105,卖盘
14:39:06,12.21,0.0,2,2442,卖盘
14:41:06,12.21,0.0,30,36386,卖盘
14:42:09,12.21,0.0,5,6105,卖盘
14:43:03,12.21,0.0,6,7179,卖盘
14:45:00,12.21,0.0,18,21978,卖盘
14:48:18,12.21,0.0,11,13431,卖盘
14:48:21,12.21,0.0,31,37851,卖盘
14:48:27,12.21,0.0,119,145299,卖盘
14:48:51,12.21,0.0,28,34188,卖盘
14:49:00,12.21,0.0,167,203907,卖盘
14:49:39,12.21,0.0,51,62271,卖盘
14:49:45,12.21,0.0,130,158730,卖盘
14:49:48,12.21,0.0,134,163614,卖盘
14:49:57,12.21,0.0,130,158730,卖盘
14:50:03,12.21,0.0,374,456654,卖盘
14:50:09,12.21,0.0,80,97680,卖盘
14:50:12,12.21,0.0,217,264957,卖盘
14:52:06,12.21,0.0,1,1221,卖盘
14:52:33,12.21,0.0,10,12210,卖盘
14:53:06,12.21,0.0,10,12210,卖盘
14:53:12,12.21,0.0,20,24420,卖盘
14:53:18,12.21,0.0,31,37851,卖盘
14:53:45,12.21,0.0,436,532356,卖盘
14:53:54,12.21,0.0,2,2442,卖盘
14:54:00,12.21,0.0,68,83028,卖盘
14:54:09,12.21,0.0,74,89866,卖盘
14:54:15,12.21,0.0,25,30525,卖盘
14:54:54,12.21,0.0,1,1221,卖盘
14:55:21,12.21,0.0,11,13431,卖盘
14:55:33,12.21,0.0,21,25641,卖盘
14:55:45,12.21,0.0,15,18315,卖盘
14:55:48,12.21,0.0,9,10989,卖盘
14:55:54,12.21,0.0,50,61050,卖盘
14:56:03,12.21,0.0,1,1221,卖盘
14:56:12,12.21,0.0,10,12210,卖盘
14:56:18,12.21,0.0,8,10256,卖盘
14:56:24,12.21,0.0,8,9768,卖盘
14:56:48,12.21,0.0,4,5373,卖盘
14:56:54,12.21,0.0,2,2442,卖盘
15:00:03,12.21,0.0,37,45665,卖盘
