成交时间,成交价格,价格变动,成交量,成交金额,性质
09:25:00,15.96,0.0,198,316008,卖盘
09:30:00,15.97,0.01,4,6388,买盘
09:30:04,15.97,0.0,86,137292,买盘
09:30:06,16.08,0.11,268,429877,买盘
09:30:09,16.08,0.0,13,20904,卖盘
09:30:12,16.1,0.02,136,218792,买盘
09:30:15,16.11,0.01,149,239735,买盘
09:30:18,16.12,0.01,163,262536,买盘
09:30:21,16.13,0.01,123,198756,买盘
09:30:24,16.14,0.01,103,166130,买盘
09:30:27,16.15,0.01,33,53270,买盘
09:30:30,16.15,0.0,115,185716,买盘
09:30:33,16.17,0.02,67,108234,买盘
09:30:36,16.17,0.0,67,108339,买盘
09:30:39,16.17,0.0,160,258732,卖盘
09:30:42,16.2,0.03,182,294633,买盘
09:30:45,16.27,0.07,288,467646,买盘
09:30:48,16.29,0.02,116,188796,中性盘
09:30:51,16.31,0.02,125,203700,买盘
09:30:54,16.38,0.07,174,284574,买盘
09:30:57,16.37,-0.01,17,27756,中性盘
09:31:00,16.32,-0.05,539,884987,卖盘
09:31:03,16.4,0.08,69,112801,买盘
09:31:06,16.4,0.0,247,405902,卖盘
09:31:09,16.46,0.06,320,527130,中性盘
09:31:12,16.45,-0.01,219,360576,卖盘
09:31:15,16.45,0.0,87,143165,买盘
09:31:18,16.43,-0.02,148,243434,卖盘
09:31:21,16.48,0.05,149,245269,买盘
09:31:24,16.49,0.01,250,412079,买盘
09:31:27,16.5,0.01,317,523026,买盘
09:31:30,16.53,0.03,440,726161,买盘
09:31:33,16.55,0.02,177,292701,买盘
09:31:36,16.58,0.03,275,455046,买盘
09:31:39,16.58,0.0,65,107558,买盘
09:31:42,16.56,-0.02,57,94345,中性盘
09:31:45,16.56,0.0,133,220200,卖盘
09:31:48,16.55,-0.01,299,495296,卖盘
09:31:51,16.54,-0.01,763,1266275,卖盘
09:31:54,16.68,0.14,473,783725,买盘
09:31:57,16.7,0.02,704,1166943,买盘
09:32:00,16.61,-0.09,511,852013,中性盘
09:32:03,16.66,0.05,96,159711,买盘
09:32:06,16.6,-0.06,669,1113166,卖盘
09:32:09,16.65,0.05,173,287996,买盘
09:32:12,16.61,-0.04,772,1285039,卖盘
09:32:15,16.71,0.1,936,1561410,买盘
09:32:18,16.9,0.19,822,1380611,买盘
09:32:21,16.78,-0.12,539,906501,卖盘
09:32:24,16.77,-0.01,577,970935,卖盘
09:32:27,16.81,0.04,349,586215,买盘
09:32:30,16.8,-0.01,134,225295,买盘
09:32:33,16.76,-0.04,479,804242,卖盘
09:32:36,16.81,0.05,388,652336,买盘
09:32:39,16.75,-0.06,90,150981,卖盘
09:32:42,16.75,0.0,85,142546,卖盘
09:32:45,16.73,-0.02,204,341494,卖盘
09:32:48,16.67,-0.06,98,163782,卖盘
09:32:51,16.71,0.04,240,401589,买盘
09:32:54,16.7,-0.01,113,188689,买盘
09:32:57,16.73,0.03,99,165340,买盘
09:33:00,16.71,-0.02,168,280464,中性盘
09:33:03,16.72,0.01,146,243769,中性盘
09:33:06,16.67,-0.05,181,302046,卖盘
09:33:09,16.68,0.01,239,399348,卖盘
09:33:12,16.7,0.02,55,91893,中性盘
09:33:15,16.68,-0.02,152,253799,卖盘
09:33:18,16.67,-0.01,33,55024,卖盘
09:33:21,16.67,0.0,54,90041,卖盘
09:33:24,16.68,0.01,62,103363,买盘
09:33:27,16.67,-0.01,367,611793,卖盘
09:33:30,16.67,0.0,163,271721,买盘
09:33:33,16.67,0.0,194,323322,买盘
09:33:36,16.76,0.09,1697,2836138,买盘
09:33:39,16.79,0.03,358,601066,买盘
09:33:42,16.85,0.06,267,449019,买盘
09:33:45,16.86,0.01,81,136503,买盘
09:33:48,16.86,0.0,168,283171,买盘
09:33:51,16.87,0.01,157,264916,买盘
09:33:54,16.89,0.02,139,234584,买盘
09:33:57,16.89,0.0,192,324383,买盘
09:34:00,16.9,0.01,293,495125,买盘
09:34:03,16.93,0.03,261,441195,买盘
09:34:06,16.91,-0.02,500,845952,卖盘
09:34:09,16.9,-0.01,159,268980,卖盘
09:34:12,16.93,0.03,176,298219,中性盘
09:34:15,16.9,-0.03,563,951324,卖盘
09:34:18,16.93,0.03,552,934631,买盘
09:34:21,16.93,0.0,200,338609,买盘
09:34:24,16.94,0.01,303,512938,买盘
09:34:27,16.93,-0.01,129,217706,中性盘
09:34:30,16.94,0.01,411,695277,买盘
09:34:33,16.9,-0.04,120,202929,中性盘
09:34:36,16.93,0.03,127,214886,买盘
09:34:39,16.93,0.0,292,494741,卖盘
09:34:42,16.94,0.01,398,673913,买盘
09:34:45,16.93,-0.01,734,1242701,卖盘
09:34:48,16.97,0.04,1371,2322896,买盘
09:34:51,17.0,0.03,1225,2080545,买盘
09:34:54,17.08,0.08,1307,2223675,买盘
09:34:57,17.18,0.1,186,318259,买盘
09:35:00,17.1,-0.08,645,1111068,卖盘
09:35:03,17.18,0.08,525,902191,买盘
09:35:06,17.12,-0.06,423,725070,卖盘
09:35:09,17.14,0.02,251,430371,中性盘
09:35:12,17.11,-0.03,272,464857,卖盘
09:35:15,17.13,0.02,547,936546,中性盘
09:35:18,17.17,0.04,355,608320,买盘
09:35:21,17.19,0.02,558,958953,买盘
09:35:24,17.21,0.02,339,581553,买盘
09:35:27,17.21,0.0,106,182265,买盘
09:35:30,17.5,0.29,7625,13297865,买盘
09:35:33,17.5,0.0,847,1482250,卖盘
09:35:36,17.5,0.0,1040,1820000,卖盘
09:35:39,17.5,0.0,296,518000,卖盘
09:35:42,17.5,0.0,467,816375,卖盘
09:35:45,17.5,0.0,287,502250,卖盘
09:35:48,17.5,0.0,752,1316000,卖盘
09:35:51,17.5,0.0,750,1313025,卖盘
09:35:54,17.5,0.0,251,439250,卖盘
09:35:57,17.5,0.0,264,462000,卖盘
09:36:00,17.5,0.0,148,259000,卖盘
09:36:03,17.5,0.0,118,206500,卖盘
09:36:06,17.5,0.0,338,591500,卖盘
09:36:09,17.5,0.0,83,145250,卖盘
09:36:12,17.5,0.0,207,362250,卖盘
09:36:15,17.5,0.0,218,381500,卖盘
09:36:18,17.5,0.0,213,372750,卖盘
09:36:21,17.5,0.0,286,500500,卖盘
09:36:24,17.5,0.0,142,248500,卖盘
09:36:27,17.5,0.0,102,178500,卖盘
09:36:30,17.5,0.0,35,61250,卖盘
09:36:33,17.5,0.0,62,108500,卖盘
09:36:37,17.5,0.0,197,344750,卖盘
09:36:39,17.5,0.0,41,71750,卖盘
09:36:42,17.5,0.0,69,120750,卖盘
09:36:45,17.5,0.0,48,84000,卖盘
09:36:48,17.5,0.0,17,29750,卖盘
09:36:51,17.5,0.0,52,91000,卖盘
09:36:54,17.5,0.0,39,68250,卖盘
09:36:57,17.5,0.0,89,155750,卖盘
09:37:00,17.5,0.0,109,190750,卖盘
09:37:03,17.5,0.0,372,651000,卖盘
09:37:06,17.5,0.0,140,245000,卖盘
09:37:09,17.5,0.0,88,154000,卖盘
09:37:12,17.5,0.0,56,98000,卖盘
09:37:15,17.5,0.0,35,61250,卖盘
09:37:18,17.5,0.0,76,133000,卖盘
09:37:21,17.5,0.0,78,136500,卖盘
09:37:24,17.5,0.0,26,45500,卖盘
09:37:27,17.5,0.0,44,77000,卖盘
09:37:30,17.5,0.0,16,28000,卖盘
09:37:33,17.5,0.0,41,71750,卖盘
09:37:36,17.5,0.0,45,78400,卖盘
09:37:39,17.5,0.0,115,201250,卖盘
09:37:42,17.5,0.0,106,185500,卖盘
09:37:45,17.5,0.0,10,17500,卖盘
09:37:48,17.5,0.0,459,803250,卖盘
09:37:51,17.5,0.0,8,14000,卖盘
09:37:54,17.5,0.0,7,12250,卖盘
09:37:57,17.5,0.0,36,63000,卖盘
09:38:00,17.5,0.0,61,106750,卖盘
09:38:03,17.5,0.0,97,169750,卖盘
09:38:06,17.5,0.0,31,54250,卖盘
09:38:09,17.5,0.0,24,42000,卖盘
09:38:12,17.5,0.0,59,103250,卖盘
09:38:15,17.5,0.0,27,47250,卖盘
09:38:18,17.5,0.0,15,26250,卖盘
09:38:21,17.5,0.0,41,71750,卖盘
09:38:24,17.5,0.0,75,131250,卖盘
09:38:30,17.5,0.0,117,204750,卖盘
09:38:33,17.5,0.0,47,82250,卖盘
09:38:36,17.5,0.0,15,26250,卖盘
09:38:39,17.5,0.0,75,131250,卖盘
09:38:42,17.5,0.0,173,302750,卖盘
09:38:45,17.5,0.0,230,402500,卖盘
09:38:48,17.5,0.0,28,49000,卖盘
09:38:51,17.5,0.0,93,162750,卖盘
09:38:54,17.5,0.0,14,24500,卖盘
09:38:57,17.5,0.0,33,57750,卖盘
09:39:00,17.5,0.0,28,49000,卖盘
09:39:03,17.5,0.0,168,294000,卖盘
09:39:06,17.5,0.0,6,10500,卖盘
09:39:09,17.5,0.0,15,26250,卖盘
09:39:12,17.5,0.0,51,89250,卖盘
09:39:15,17.5,0.0,10,17500,卖盘
09:39:18,17.5,0.0,35,61250,卖盘
09:39:21,17.5,0.0,18,31500,卖盘
09:39:24,17.5,0.0,40,70000,卖盘
09:39:30,17.5,0.0,7,12250,卖盘
09:39:33,17.5,0.0,23,40250,卖盘
09:39:36,17.5,0.0,53,93275,卖盘
09:39:39,17.5,0.0,10,17500,卖盘
09:39:42,17.5,0.0,114,199500,卖盘
09:39:45,17.5,0.0,3,5250,卖盘
09:39:48,17.5,0.0,38,66500,卖盘
09:39:51,17.5,0.0,12,21000,卖盘
09:39:54,17.5,0.0,26,45500,卖盘
09:39:57,17.5,0.0,170,297500,卖盘
09:40:00,17.5,0.0,66,115500,卖盘
09:40:03,17.5,0.0,12,21000,卖盘
09:40:06,17.5,0.0,4,7000,卖盘
09:40:09,17.5,0.0,108,189000,卖盘
09:40:12,17.5,0.0,34,60025,卖盘
09:40:15,17.5,0.0,21,36750,卖盘
09:40:18,17.5,0.0,246,430500,卖盘
09:40:21,17.5,0.0,33,57750,卖盘
09:40:24,17.5,0.0,6,10500,卖盘
09:40:27,17.5,0.0,74,129500,卖盘
09:40:33,17.5,0.0,32,56000,卖盘
09:40:36,17.5,0.0,16,28000,卖盘
09:40:39,17.5,0.0,8,14000,卖盘
09:40:42,17.5,0.0,5,8750,卖盘
09:40:45,17.5,0.0,11,19250,卖盘
09:40:48,17.5,0.0,40,70000,卖盘
09:40:51,17.5,0.0,132,231000,卖盘
09:40:57,17.5,0.0,123,215250,卖盘
09:41:00,17.5,0.0,3,5250,卖盘
09:41:03,17.5,0.0,39,68250,卖盘
09:41:06,17.5,0.0,5,8750,卖盘
09:41:09,17.5,0.0,27,47250,卖盘
09:41:12,17.5,0.0,3,5250,卖盘
09:41:15,17.5,0.0,24,42000,卖盘
09:41:18,17.5,0.0,34,59500,卖盘
09:41:21,17.5,0.0,4,7000,卖盘
09:41:24,17.5,0.0,24,42000,卖盘
09:41:27,17.5,0.0,11,19250,卖盘
09:41:30,17.5,0.0,23,40250,卖盘
09:41:33,17.5,0.0,25,43750,卖盘
09:41:36,17.5,0.0,9,15750,卖盘
09:41:39,17.5,0.0,3,5250,卖盘
09:41:42,17.5,0.0,2,3500,卖盘
09:41:45,17.5,0.0,150,262500,卖盘
09:41:48,17.5,0.0,23,40250,卖盘
09:41:51,17.5,0.0,27,47250,卖盘
09:41:54,17.5,0.0,31,54250,卖盘
09:41:57,17.5,0.0,6,10500,卖盘
09:42:00,17.5,0.0,7,12250,卖盘
09:42:03,17.5,0.0,22,38500,卖盘
09:42:06,17.5,0.0,47,82250,卖盘
09:42:09,17.5,0.0,116,203000,卖盘
09:42:12,17.5,0.0,7,12250,卖盘
09:42:15,17.5,0.0,4,7000,卖盘
09:42:18,17.5,0.0,13,22750,卖盘
09:42:21,17.5,0.0,10,17500,卖盘
09:42:24,17.5,0.0,39,68250,卖盘
09:42:27,17.5,0.0,317,554750,卖盘
09:42:30,17.5,0.0,59,103250,卖盘
09:42:36,17.5,0.0,5,8750,卖盘
09:42:39,17.5,0.0,80,140000,卖盘
09:42:42,17.5,0.0,15,26250,卖盘
09:42:45,17.5,0.0,69,120750,卖盘
09:42:48,17.5,0.0,13,22750,卖盘
09:42:51,17.5,0.0,5,8750,卖盘
09:42:54,17.5,0.0,5,8750,卖盘
09:42:57,17.5,0.0,7,12250,卖盘
09:43:03,17.5,0.0,45,78750,卖盘
09:43:06,17.5,0.0,51,89250,卖盘
09:43:09,17.5,0.0,2,3500,卖盘
09:43:12,17.5,0.0,63,110250,卖盘
09:43:15,17.5,0.0,157,274750,卖盘
09:43:18,17.5,0.0,23,40250,卖盘
09:43:21,17.5,0.0,128,224000,卖盘
09:43:24,17.5,0.0,2,3500,卖盘
09:43:27,17.5,0.0,62,108500,卖盘
09:43:30,17.5,0.0,42,73500,卖盘
09:43:33,17.5,0.0,25,43750,卖盘
09:43:36,17.5,0.0,16,28000,卖盘
09:43:39,17.5,0.0,330,577500,卖盘
09:43:42,17.5,0.0,4,7000,卖盘
09:43:45,17.5,0.0,30,52500,卖盘
09:43:48,17.5,0.0,337,589750,卖盘
09:43:54,17.5,0.0,26,45500,卖盘
09:44:00,17.5,0.0,2,3500,卖盘
09:44:03,17.5,0.0,69,120750,卖盘
09:44:12,17.5,0.0,10,17500,卖盘
09:44:15,17.5,0.0,16,28000,卖盘
09:44:18,17.5,0.0,4,6125,卖盘
09:44:21,17.5,0.0,30,52500,卖盘
09:44:24,17.5,0.0,37,64750,卖盘
09:44:27,17.5,0.0,10,17500,卖盘
09:44:30,17.5,0.0,10,17500,卖盘
09:44:36,17.5,0.0,5,8750,卖盘
09:44:39,17.5,0.0,20,35000,卖盘
09:44:42,17.5,0.0,53,92750,卖盘
09:44:45,17.5,0.0,2,3500,卖盘
09:44:51,17.5,0.0,37,64750,卖盘
09:44:54,17.5,0.0,112,195650,卖盘
09:44:57,17.5,0.0,33,57750,卖盘
09:45:00,17.5,0.0,1,1750,卖盘
09:45:03,17.5,0.0,16,28000,卖盘
09:45:06,17.5,0.0,4,7000,卖盘
09:45:09,17.5,0.0,1,1750,卖盘
09:45:12,17.5,0.0,6,10500,卖盘
09:45:15,17.5,0.0,19,33250,卖盘
09:45:21,17.5,0.0,38,66500,卖盘
09:45:27,17.5,0.0,83,145250,卖盘
09:45:30,17.5,0.0,20,35000,卖盘
09:45:33,17.5,0.0,25,43750,卖盘
09:45:36,17.5,0.0,1,1750,卖盘
09:45:42,17.5,0.0,26,45500,卖盘
09:45:45,17.5,0.0,10,17500,卖盘
09:45:48,17.5,0.0,199,348250,卖盘
09:45:54,17.5,0.0,2,3500,卖盘
09:45:57,17.5,0.0,54,94500,卖盘
09:46:06,17.5,0.0,2,3500,卖盘
09:46:09,17.5,0.0,41,71750,卖盘
09:46:12,17.5,0.0,1,1750,卖盘
09:46:15,17.5,0.0,2,3500,卖盘
09:46:18,17.5,0.0,13,22750,卖盘
09:46:21,17.5,0.0,4,7000,卖盘
09:46:24,17.5,0.0,26,45500,卖盘
09:46:27,17.5,0.0,16,28000,卖盘
09:46:30,17.5,0.0,23,40250,卖盘
09:46:33,17.5,0.0,50,87500,卖盘
09:46:36,17.5,0.0,2,3500,卖盘
09:46:45,17.5,0.0,200,350000,卖盘
09:46:48,17.5,0.0,28,49000,卖盘
09:46:51,17.5,0.0,30,52500,卖盘
09:46:54,17.5,0.0,9,15400,卖盘
09:47:00,17.5,0.0,5,8750,卖盘
09:47:03,17.5,0.0,42,73500,卖盘
09:47:06,17.5,0.0,1,1750,卖盘
09:47:09,17.5,0.0,2,3500,卖盘
09:47:12,17.5,0.0,5,8750,卖盘
09:47:21,17.5,0.0,27,47250,卖盘
09:47:24,17.5,0.0,9,15750,卖盘
09:47:33,17.5,0.0,21,36750,卖盘
09:47:39,17.5,0.0,5,8750,卖盘
09:47:42,17.5,0.0,4,7000,卖盘
09:47:45,17.5,0.0,29,50750,卖盘
09:47:51,17.5,0.0,16,28000,卖盘
09:47:54,17.5,0.0,6,10500,卖盘
09:47:57,17.5,0.0,2,3500,卖盘
09:48:03,17.5,0.0,22,38500,卖盘
09:48:09,17.5,0.0,37,64750,卖盘
09:48:12,17.5,0.0,10,17500,卖盘
09:48:15,17.5,0.0,179,313250,卖盘
09:48:18,17.5,0.0,47,82250,卖盘
09:48:21,17.5,0.0,10,17500,卖盘
09:48:24,17.5,0.0,11,19250,卖盘
09:48:27,17.5,0.0,4,7000,卖盘
09:48:30,17.5,0.0,7,12250,卖盘
09:48:33,17.5,0.0,1,1750,卖盘
09:48:36,17.5,0.0,25,43750,卖盘
09:48:48,17.5,0.0,5,8750,卖盘
09:48:54,17.5,0.0,15,26250,卖盘
09:48:57,17.5,0.0,184,321300,卖盘
09:49:09,17.5,0.0,1,1750,卖盘
09:49:15,17.5,0.0,34,59500,卖盘
09:49:18,17.5,0.0,73,127750,卖盘
09:49:21,17.5,0.0,16,28000,卖盘
09:49:27,17.5,0.0,22,38500,卖盘
09:49:30,17.5,0.0,3,5250,卖盘
09:49:36,17.5,0.0,10,17500,卖盘
09:49:39,17.5,0.0,21,36750,卖盘
09:49:42,17.5,0.0,5,8750,卖盘
09:49:45,17.5,0.0,8,14000,卖盘
09:49:51,17.5,0.0,5,8750,卖盘
09:49:54,17.5,0.0,16,28000,卖盘
09:50:12,17.5,0.0,104,182000,卖盘
09:50:15,17.5,0.0,2,3500,卖盘
09:50:27,17.5,0.0,13,22750,卖盘
09:50:33,17.5,0.0,19,33250,卖盘
09:50:36,17.5,0.0,6,10500,卖盘
09:50:39,17.5,0.0,13,22750,卖盘
09:50:42,17.5,0.0,144,252000,卖盘
09:50:45,17.5,0.0,66,115500,卖盘
09:50:54,17.5,0.0,11,19250,卖盘
09:50:57,17.5,0.0,1,1750,卖盘
09:51:00,17.5,0.0,15,26250,卖盘
09:51:03,17.5,0.0,34,59500,卖盘
09:51:06,17.5,0.0,15,26250,卖盘
09:51:15,17.5,0.0,14,24500,卖盘
09:51:18,17.5,0.0,4,7000,卖盘
09:51:21,17.5,0.0,5,8750,卖盘
09:51:27,17.5,0.0,5,8750,卖盘
09:51:30,17.5,0.0,5,8750,卖盘
09:51:33,17.5,0.0,4,6825,卖盘
09:51:39,17.5,0.0,15,26250,卖盘
09:51:45,17.5,0.0,1,1750,卖盘
09:51:54,17.5,0.0,10,17500,卖盘
09:52:00,17.5,0.0,10,17500,卖盘
09:52:15,17.5,0.0,5,8750,卖盘
09:52:21,17.5,0.0,1,1750,卖盘
09:52:24,17.5,0.0,5,8750,卖盘
09:52:27,17.5,0.0,3,5250,卖盘
09:52:30,17.5,0.0,7,12250,卖盘
09:52:33,17.5,0.0,1,1750,卖盘
09:52:36,17.5,0.0,12,21000,卖盘
09:52:42,17.5,0.0,6,10500,卖盘
09:52:45,17.5,0.0,8,14000,卖盘
09:52:48,17.5,0.0,70,122500,卖盘
09:52:51,17.5,0.0,37,64750,卖盘
09:52:57,17.5,0.0,7,12250,卖盘
09:53:06,17.5,0.0,1,1750,卖盘
09:53:12,17.5,0.0,5,8750,卖盘
09:53:15,17.5,0.0,3,5250,卖盘
09:53:18,17.5,0.0,1,1750,卖盘
09:53:21,17.5,0.0,4,7000,卖盘
09:53:27,17.5,0.0,154,269500,卖盘
09:53:42,17.5,0.0,1,1750,卖盘
09:53:48,17.5,0.0,4,7000,卖盘
09:53:51,17.5,0.0,5,8750,卖盘
09:53:54,17.5,0.0,10,17500,卖盘
09:53:57,17.5,0.0,14,24500,卖盘
09:54:09,17.5,0.0,46,80500,卖盘
09:54:27,17.5,0.0,10,17500,卖盘
09:54:36,17.5,0.0,8,14000,卖盘
09:54:42,17.5,0.0,37,64750,卖盘
09:54:45,17.5,0.0,23,40250,卖盘
09:54:48,17.5,0.0,7,12250,卖盘
09:55:03,17.5,0.0,18,31500,卖盘
09:55:09,17.5,0.0,57,99750,卖盘
09:55:12,17.5,0.0,10,17500,卖盘
09:55:15,17.5,0.0,109,190750,卖盘
09:55:18,17.5,0.0,19,33250,卖盘
09:55:30,17.5,0.0,1,1750,卖盘
09:55:33,17.5,0.0,2,3500,卖盘
09:55:36,17.5,0.0,10,17500,卖盘
09:55:39,17.5,0.0,5,8750,卖盘
09:55:48,17.5,0.0,5,8750,卖盘
09:55:54,17.5,0.0,1,1750,卖盘
09:56:03,17.5,0.0,26,45500,卖盘
09:56:09,17.5,0.0,808,1413475,卖盘
09:56:12,17.5,0.0,1,1750,卖盘
09:56:18,17.5,0.0,2,3500,卖盘
09:56:24,17.5,0.0,14,24500,卖盘
09:56:33,17.5,0.0,12,21000,卖盘
09:56:36,17.5,0.0,209,365750,卖盘
09:56:42,17.5,0.0,67,117250,卖盘
09:56:45,17.5,0.0,5,8750,卖盘
09:56:48,17.5,0.0,3,5250,卖盘
09:56:54,17.5,0.0,2,3500,卖盘
09:56:57,17.5,0.0,22,38500,卖盘
09:57:00,17.5,0.0,20,35000,卖盘
09:57:06,17.5,0.0,2,3500,卖盘
09:57:09,17.5,0.0,1,1750,卖盘
09:57:12,17.5,0.0,2,3500,卖盘
09:57:15,17.5,0.0,1,1750,卖盘
09:57:18,17.5,0.0,5,8750,卖盘
09:57:21,17.5,0.0,2,3500,卖盘
09:57:27,17.5,0.0,2,3500,卖盘
09:57:30,17.5,0.0,1,1750,卖盘
09:57:33,17.5,0.0,41,71750,卖盘
09:57:39,17.5,0.0,5,8750,卖盘
09:57:42,17.5,0.0,104,182000,卖盘
09:57:45,17.5,0.0,541,946750,卖盘
09:57:48,17.5,0.0,10,17500,卖盘
09:57:54,17.5,0.0,37,63875,卖盘
09:57:57,17.5,0.0,17,29750,卖盘
09:58:00,17.5,0.0,41,71750,卖盘
09:58:12,17.5,0.0,3,5250,卖盘
09:58:15,17.5,0.0,21,36750,卖盘
09:58:18,17.5,0.0,166,290500,卖盘
09:58:21,17.5,0.0,37,64750,卖盘
09:58:24,17.5,0.0,5,8750,卖盘
09:58:27,17.5,0.0,118,206500,卖盘
09:58:39,17.5,0.0,7,12250,卖盘
09:58:42,17.5,0.0,33,57750,卖盘
09:58:45,17.5,0.0,36,63000,卖盘
09:58:48,17.5,0.0,6,10500,卖盘
09:59:00,17.5,0.0,23,40250,卖盘
09:59:06,17.5,0.0,1,1750,卖盘
09:59:09,17.5,0.0,11,19250,卖盘
09:59:15,17.5,0.0,5,8750,卖盘
09:59:21,17.5,0.0,4,7000,卖盘
09:59:27,17.5,0.0,117,204750,卖盘
09:59:30,17.5,0.0,99,173250,卖盘
09:59:36,17.5,0.0,23,40250,卖盘
09:59:39,17.5,0.0,26,45500,卖盘
09:59:42,17.5,0.0,1,1750,卖盘
09:59:48,17.5,0.0,20,35000,卖盘
09:59:51,17.5,0.0,2,3500,卖盘
09:59:54,17.5,0.0,5,8750,卖盘
09:59:57,17.5,0.0,8,14000,卖盘
10:00:00,17.5,0.0,25,43750,卖盘
10:00:03,17.5,0.0,527,922250,卖盘
10:00:06,17.5,0.0,60,105000,卖盘
10:00:09,17.5,0.0,28,49000,卖盘
10:00:12,17.5,0.0,23,40250,卖盘
10:00:21,17.5,0.0,20,35000,卖盘
10:00:24,17.5,0.0,2,3500,卖盘
10:00:27,17.5,0.0,7,12250,卖盘
10:00:30,17.5,0.0,5,8750,卖盘
10:00:33,17.5,0.0,18,31500,卖盘
10:00:39,17.5,0.0,4,7000,卖盘
10:00:45,17.5,0.0,10,17500,卖盘
10:00:48,17.5,0.0,112,196000,卖盘
10:00:54,17.5,0.0,69,120750,卖盘
10:00:57,17.5,0.0,52,91000,卖盘
10:01:03,17.5,0.0,1,1750,卖盘
10:01:06,17.5,0.0,7,12250,卖盘
10:01:09,17.5,0.0,14,24500,卖盘
10:01:12,17.5,0.0,1,1750,卖盘
10:01:15,17.5,0.0,17,29750,卖盘
10:01:21,17.5,0.0,5,8750,卖盘
10:01:24,17.5,0.0,200,350000,卖盘
10:01:30,17.5,0.0,1,1750,卖盘
10:01:33,17.5,0.0,21,36750,卖盘
10:01:36,17.5,0.0,58,101500,卖盘
10:01:39,17.5,0.0,1,1750,卖盘
10:01:42,17.5,0.0,6,10500,卖盘
10:01:45,17.5,0.0,9,15750,卖盘
10:01:49,17.5,0.0,30,52500,卖盘
10:01:54,17.5,0.0,1120,1960000,卖盘
10:01:57,17.5,0.0,1,1750,卖盘
10:02:00,17.5,0.0,2,3500,卖盘
10:02:03,17.5,0.0,5,8750,卖盘
10:02:09,17.5,0.0,4,7000,卖盘
10:02:12,17.5,0.0,52,91000,卖盘
10:02:15,17.5,0.0,10,17500,卖盘
10:02:18,17.5,0.0,6,10500,卖盘
10:02:21,17.5,0.0,14,24500,卖盘
10:02:24,17.5,0.0,85,148750,卖盘
10:02:33,17.5,0.0,71,124250,卖盘
10:02:36,17.5,0.0,1,1750,卖盘
10:02:39,17.5,0.0,21,36750,卖盘
10:02:42,17.5,0.0,23,40250,卖盘
10:02:45,17.5,0.0,4,7000,卖盘
10:02:48,17.5,0.0,10,17500,卖盘
10:02:51,17.5,0.0,10,17500,卖盘
10:02:54,17.5,0.0,91,159250,卖盘
10:02:57,17.5,0.0,5,8750,卖盘
10:03:00,17.5,0.0,50,87500,卖盘
10:03:03,17.5,0.0,8,14000,卖盘
10:03:06,17.5,0.0,5,8750,卖盘
10:03:09,17.5,0.0,1,1750,卖盘
10:03:12,17.5,0.0,8,14000,卖盘
10:03:15,17.5,0.0,22,38500,卖盘
10:03:18,17.5,0.0,210,367500,卖盘
10:03:21,17.5,0.0,23,40250,卖盘
10:03:24,17.5,0.0,1,1750,卖盘
10:03:30,17.5,0.0,9,15750,卖盘
10:03:33,17.5,0.0,24,42000,卖盘
10:03:39,17.5,0.0,16,28000,卖盘
10:03:42,17.5,0.0,38,66500,卖盘
10:03:57,17.5,0.0,46,80500,卖盘
10:04:00,17.5,0.0,6,10500,卖盘
10:04:04,17.5,0.0,110,192500,卖盘
10:04:06,17.5,0.0,136,238000,卖盘
10:04:09,17.5,0.0,11,19250,卖盘
10:04:12,17.5,0.0,48,84000,卖盘
10:04:15,17.5,0.0,8,14000,卖盘
10:04:18,17.5,0.0,11,19250,卖盘
10:04:24,17.5,0.0,45,78750,卖盘
10:04:27,17.5,0.0,3,5250,卖盘
10:04:30,17.5,0.0,17,29750,卖盘
10:04:36,17.5,0.0,4,7000,卖盘
10:04:51,17.5,0.0,10,17500,卖盘
10:04:54,17.5,0.0,6,10500,卖盘
10:04:57,17.5,0.0,5,8750,卖盘
10:05:03,17.5,0.0,3,5250,卖盘
10:05:06,17.5,0.0,2,3500,卖盘
10:05:18,17.5,0.0,18,31500,卖盘
10:05:21,17.5,0.0,115,201250,卖盘
10:05:24,17.5,0.0,4,7000,卖盘
10:05:27,17.5,0.0,111,194250,卖盘
10:05:30,17.5,0.0,2,3500,卖盘
10:05:33,17.5,0.0,2,3500,卖盘
10:05:36,17.5,0.0,29,50750,卖盘
10:05:39,17.5,0.0,31,54250,卖盘
10:05:42,17.5,0.0,5,8750,卖盘
10:05:51,17.5,0.0,20,35000,卖盘
10:05:54,17.5,0.0,6,10500,卖盘
10:05:57,17.5,0.0,705,1233750,卖盘
10:06:00,17.5,0.0,10,16975,卖盘
10:06:03,17.5,0.0,10,17500,卖盘
10:06:06,17.5,0.0,7,12250,卖盘
10:06:09,17.5,0.0,150,262500,卖盘
10:06:12,17.5,0.0,1,1750,卖盘
10:06:15,17.5,0.0,135,236250,卖盘
10:06:27,17.5,0.0,605,1058750,卖盘
10:06:30,17.5,0.0,20,35000,卖盘
10:06:33,17.5,0.0,23,40250,卖盘
10:06:36,17.5,0.0,55,95375,卖盘
10:06:42,17.5,0.0,315,551250,卖盘
10:06:45,17.5,0.0,8,14000,卖盘
10:06:48,17.5,0.0,21,36750,卖盘
10:06:51,17.5,0.0,150,262500,卖盘
10:06:54,17.5,0.0,411,719775,卖盘
10:06:57,17.5,0.0,2,3500,卖盘
10:07:03,17.5,0.0,25,43750,卖盘
10:07:06,17.5,0.0,241,421750,卖盘
10:07:12,17.5,0.0,55,96250,卖盘
10:07:15,17.5,0.0,50,87500,卖盘
10:07:18,17.5,0.0,15,26250,卖盘
10:07:21,17.5,0.0,3,5250,卖盘
10:07:24,17.5,0.0,20,35000,卖盘
10:07:27,17.5,0.0,4,7000,卖盘
10:07:30,17.5,0.0,77,134750,卖盘
10:07:33,17.5,0.0,597,1044750,卖盘
10:07:36,17.5,0.0,77,134750,卖盘
10:07:39,17.5,0.0,20,35000,卖盘
10:07:42,17.5,0.0,514,899500,卖盘
10:07:45,17.5,0.0,60,105000,卖盘
10:07:48,17.5,0.0,12,21000,卖盘
10:07:51,17.5,0.0,10,17500,卖盘
10:07:54,17.5,0.0,20,35000,卖盘
10:07:57,17.5,0.0,71,124250,卖盘
10:08:00,17.5,0.0,84,147000,卖盘
10:08:03,17.5,0.0,100,175000,卖盘
10:08:06,17.5,0.0,6,10500,卖盘
10:08:12,17.5,0.0,101,176750,卖盘
10:08:15,17.5,0.0,20,35000,卖盘
10:08:18,17.5,0.0,8,14000,卖盘
10:08:21,17.5,0.0,173,302750,卖盘
10:08:24,17.5,0.0,12,21000,卖盘
10:08:27,17.5,0.0,10,17500,卖盘
10:08:33,17.5,0.0,14,24500,卖盘
10:08:45,17.5,0.0,11,19250,卖盘
10:08:48,17.5,0.0,2,3500,卖盘
10:08:51,17.5,0.0,21,36750,卖盘
10:08:57,17.5,0.0,40,70000,卖盘
10:09:09,17.5,0.0,10,17500,卖盘
10:09:12,17.5,0.0,45,78750,卖盘
10:09:15,17.5,0.0,4,7000,卖盘
10:09:21,17.5,0.0,1,1750,卖盘
10:09:27,17.5,0.0,5,8750,卖盘
10:09:33,17.5,0.0,10,17500,卖盘
10:09:36,17.5,0.0,9,15750,卖盘
10:09:45,17.5,0.0,10,17500,卖盘
10:09:48,17.5,0.0,29,50050,卖盘
10:09:51,17.5,0.0,13,22750,卖盘
10:09:54,17.5,0.0,10,17500,卖盘
10:10:00,17.5,0.0,233,407750,卖盘
10:10:12,17.5,0.0,3,5250,卖盘
10:10:21,17.5,0.0,5,8750,卖盘
10:10:24,17.5,0.0,22,38500,卖盘
10:10:27,17.5,0.0,11,19250,卖盘
10:10:33,17.5,0.0,301,526750,卖盘
10:10:36,17.5,0.0,25,43750,卖盘
10:10:39,17.5,0.0,36,63000,卖盘
10:10:54,17.5,0.0,29,50750,卖盘
10:10:57,17.5,0.0,1,1750,卖盘
10:11:00,17.5,0.0,94,164500,卖盘
10:11:09,17.5,0.0,11,19250,卖盘
10:11:12,17.5,0.0,86,150500,卖盘
10:11:18,17.5,0.0,1,1750,卖盘
10:11:21,17.5,0.0,33,57750,卖盘
10:11:24,17.5,0.0,14,24500,卖盘
10:11:30,17.5,0.0,6,10500,卖盘
10:11:33,17.5,0.0,26,45500,卖盘
10:11:39,17.5,0.0,11,19250,卖盘
10:11:48,17.5,0.0,177,309750,卖盘
10:12:09,17.5,0.0,31,54250,卖盘
10:12:21,17.5,0.0,1,1750,卖盘
10:12:27,17.5,0.0,5,8750,卖盘
10:12:33,17.5,0.0,5,8050,卖盘
10:12:39,17.5,0.0,10,17500,卖盘
10:12:48,17.5,0.0,8,14000,卖盘
10:12:54,17.5,0.0,441,771750,卖盘
10:12:57,17.5,0.0,1,1750,卖盘
10:13:00,17.5,0.0,16,28000,卖盘
10:13:06,17.5,0.0,11,19250,卖盘
10:13:30,17.5,0.0,8,14000,卖盘
10:13:33,17.5,0.0,220,385000,卖盘
10:13:36,17.5,0.0,10,17500,卖盘
10:13:46,17.5,0.0,1,1750,卖盘
10:13:51,17.5,0.0,10,17500,卖盘
10:13:57,17.5,0.0,10,17500,卖盘
10:14:06,17.5,0.0,1,1750,卖盘
10:14:12,17.5,0.0,12,21000,卖盘
10:14:18,17.5,0.0,2,3500,卖盘
10:14:21,17.5,0.0,6,10500,卖盘
10:14:24,17.5,0.0,520,910000,卖盘
10:14:27,17.5,0.0,2,3500,卖盘
10:14:45,17.5,0.0,10,17500,卖盘
10:14:54,17.5,0.0,11,19250,卖盘
10:14:57,17.5,0.0,3,5250,卖盘
10:15:12,17.5,0.0,100,175000,卖盘
10:15:15,17.5,0.0,11,19250,卖盘
10:15:18,17.5,0.0,5,8750,卖盘
10:15:21,17.5,0.0,5,8750,卖盘
10:15:27,17.5,0.0,10,17500,卖盘
10:15:30,17.5,0.0,15,26250,卖盘
10:15:33,17.5,0.0,20,35000,卖盘
10:15:42,17.5,0.0,32,56000,卖盘
10:15:45,17.5,0.0,6,10500,卖盘
10:16:00,17.5,0.0,1,1750,卖盘
10:16:03,17.5,0.0,2,3500,卖盘
10:16:18,17.5,0.0,10,17500,卖盘
10:16:24,17.5,0.0,2,3500,卖盘
10:16:27,17.5,0.0,12,21000,卖盘
10:16:33,17.5,0.0,1,1750,卖盘
10:16:36,17.5,0.0,3,5250,卖盘
10:16:39,17.5,0.0,5,8750,卖盘
10:16:51,17.5,0.0,4,7000,卖盘
10:16:54,17.5,0.0,1,1750,卖盘
10:17:03,17.5,0.0,2,3500,卖盘
10:17:06,17.5,0.0,7,12250,卖盘
10:17:12,17.5,0.0,5,8750,卖盘
10:17:15,17.5,0.0,149,260750,卖盘
10:17:18,17.5,0.0,2,3500,卖盘
10:17:30,17.5,0.0,20,35000,卖盘
10:17:33,17.5,0.0,9,15750,卖盘
10:17:39,17.5,0.0,1,1750,卖盘
10:17:48,17.5,0.0,2,3500,卖盘
10:17:57,17.5,0.0,6,10500,卖盘
10:18:00,17.5,0.0,23,40250,卖盘
10:18:12,17.5,0.0,5,8750,卖盘
10:18:33,17.5,0.0,165,288750,卖盘
10:18:54,17.5,0.0,1,1750,卖盘
10:19:03,17.5,0.0,14,24500,卖盘
10:19:18,17.5,0.0,5,8750,卖盘
10:19:36,17.5,0.0,13,22750,卖盘
10:19:39,17.5,0.0,2,3500,卖盘
10:20:09,17.5,0.0,10,17500,卖盘
10:20:12,17.5,0.0,44,77000,卖盘
10:20:18,17.5,0.0,37,64750,卖盘
10:20:21,17.5,0.0,25,43750,卖盘
10:20:24,17.5,0.0,1,1750,卖盘
10:20:30,17.5,0.0,6,10500,卖盘
10:20:33,17.5,0.0,1,1750,卖盘
10:20:39,17.5,0.0,27,47250,卖盘
10:20:45,17.5,0.0,5,8750,卖盘
10:20:48,17.5,0.0,1,1750,卖盘
10:20:54,17.5,0.0,1,1750,卖盘
10:21:06,17.5,0.0,3,5250,卖盘
10:21:12,17.5,0.0,3,5250,卖盘
10:21:15,17.5,0.0,1,1750,卖盘
10:21:18,17.5,0.0,20,35000,卖盘
10:21:21,17.5,0.0,1,1750,卖盘
10:21:24,17.5,0.0,35,61250,卖盘
10:21:27,17.5,0.0,188,329000,卖盘
10:21:30,17.5,0.0,3,5250,卖盘
10:21:33,17.5,0.0,124,217000,卖盘
10:21:39,17.5,0.0,10,17500,卖盘
10:21:42,17.5,0.0,121,211750,卖盘
10:21:54,17.5,0.0,2,3500,卖盘
10:22:09,17.5,0.0,5,8750,卖盘
10:22:18,17.5,0.0,3,5250,卖盘
10:22:21,17.5,0.0,3,5250,卖盘
10:22:24,17.5,0.0,5,8750,卖盘
10:22:30,17.5,0.0,1,1750,卖盘
10:22:33,17.5,0.0,20,35000,卖盘
10:22:42,17.5,0.0,3,5250,卖盘
10:23:06,17.5,0.0,2,3500,卖盘
10:23:09,17.5,0.0,44,77000,卖盘
10:23:18,17.5,0.0,5,8750,卖盘
10:23:21,17.5,0.0,3,5250,卖盘
10:23:27,17.5,0.0,15,26250,卖盘
10:23:30,17.5,0.0,40,70000,卖盘
10:23:39,17.5,0.0,139,243250,卖盘
10:23:42,17.5,0.0,10,17500,卖盘
10:23:48,17.5,0.0,1,1750,卖盘
10:23:51,17.5,0.0,6,10500,卖盘
10:24:00,17.5,0.0,3,5250,卖盘
10:24:03,17.5,0.0,3,5250,卖盘
10:24:21,17.5,0.0,8,14000,卖盘
10:24:30,17.5,0.0,1,1750,卖盘
10:24:33,17.5,0.0,26,45500,卖盘
10:24:42,17.5,0.0,6,10500,卖盘
10:24:48,17.5,0.0,444,777000,卖盘
10:24:51,17.5,0.0,101,176750,卖盘
10:24:54,17.5,0.0,10,17500,卖盘
10:25:03,17.5,0.0,1,1750,卖盘
10:25:06,17.5,0.0,5,8750,卖盘
10:25:12,17.5,0.0,15,26250,卖盘
10:25:15,17.5,0.0,20,35000,卖盘
10:25:18,17.5,0.0,7,12250,卖盘
10:25:24,17.5,0.0,15,26250,卖盘
10:25:27,17.5,0.0,306,535500,卖盘
10:25:30,17.5,0.0,1077,1884750,卖盘
10:25:33,17.5,0.0,15,26250,卖盘
10:25:36,17.5,0.0,7,12250,卖盘
10:25:39,17.5,0.0,10,17500,卖盘
10:25:42,17.5,0.0,220,385000,卖盘
10:25:45,17.5,0.0,4,7000,卖盘
10:25:48,17.5,0.0,32,56000,卖盘
10:25:51,17.5,0.0,5,9275,卖盘
10:25:57,17.5,0.0,70,122500,卖盘
10:26:00,17.5,0.0,301,526750,卖盘
10:26:03,17.5,0.0,45,78750,卖盘
10:26:06,17.5,0.0,10,17500,卖盘
10:26:09,17.5,0.0,81,141750,卖盘
10:26:12,17.5,0.0,1,1750,卖盘
10:26:15,17.5,0.0,196,342475,卖盘
10:26:18,17.5,0.0,42,73500,卖盘
10:26:21,17.5,0.0,65,113750,卖盘
10:26:24,17.5,0.0,5,8750,卖盘
10:26:27,17.5,0.0,270,472500,卖盘
10:26:33,17.5,0.0,2,3500,卖盘
10:26:36,17.5,0.0,30,52500,卖盘
10:26:42,17.5,0.0,11,19250,卖盘
10:26:45,17.5,0.0,57,99750,卖盘
10:26:48,17.5,0.0,10,17500,卖盘
10:26:51,17.5,0.0,51,89250,卖盘
10:26:54,17.5,0.0,10,17500,卖盘
10:26:57,17.5,0.0,1,1750,卖盘
10:27:00,17.5,0.0,20,35000,卖盘
10:27:03,17.5,0.0,100,175000,卖盘
10:27:09,17.5,0.0,29,50750,卖盘
10:27:12,17.5,0.0,13,22750,卖盘
10:27:15,17.5,0.0,70,122500,卖盘
10:27:18,17.5,0.0,5,8750,卖盘
10:27:24,17.5,0.0,2,3500,卖盘
10:27:27,17.5,0.0,34,59500,卖盘
10:27:30,17.5,0.0,9,15750,卖盘
10:27:39,17.5,0.0,84,147000,卖盘
10:27:42,17.5,0.0,11,19600,卖盘
10:27:54,17.5,0.0,11,19250,卖盘
10:27:57,17.5,0.0,5,8750,卖盘
10:28:00,17.5,0.0,1,1750,卖盘
10:28:03,17.5,0.0,23,40250,卖盘
10:28:15,17.5,0.0,5,8750,卖盘
10:28:18,17.5,0.0,3,5250,卖盘
10:28:24,17.5,0.0,28,49000,卖盘
10:28:30,17.5,0.0,155,271250,卖盘
10:28:33,17.5,0.0,5,8750,卖盘
10:28:36,17.5,0.0,10,17500,卖盘
10:28:39,17.5,0.0,4,7000,卖盘
10:28:42,17.5,0.0,60,105000,卖盘
10:28:45,17.5,0.0,21,36750,卖盘
10:28:51,17.5,0.0,30,52500,卖盘
10:28:54,17.5,0.0,1,1750,卖盘
10:28:57,17.5,0.0,1,1750,卖盘
10:29:03,17.5,0.0,7,12250,卖盘
10:29:06,17.5,0.0,20,35000,卖盘
10:29:09,17.5,0.0,6,10500,卖盘
10:29:15,17.5,0.0,8,14000,卖盘
10:29:24,17.5,0.0,152,266000,卖盘
10:29:42,17.5,0.0,67,117250,卖盘
10:29:48,17.5,0.0,9,15750,卖盘
10:29:51,17.5,0.0,3,5250,卖盘
10:29:54,17.5,0.0,4,7000,卖盘
10:29:57,17.5,0.0,1,1750,卖盘
10:30:27,17.5,0.0,38,66500,卖盘
10:30:39,17.5,0.0,2,3500,卖盘
10:30:42,17.5,0.0,2,3500,卖盘
10:30:48,17.5,0.0,4,7000,卖盘
10:30:51,17.5,0.0,4,7000,卖盘
10:30:57,17.5,0.0,15,26250,卖盘
10:31:12,17.5,0.0,3,5250,卖盘
10:31:15,17.5,0.0,2,3500,卖盘
10:31:18,17.5,0.0,10,17500,卖盘
10:31:21,17.5,0.0,25,43750,卖盘
10:31:24,17.5,0.0,5,8750,卖盘
10:31:27,17.5,0.0,11,19250,卖盘
10:31:30,17.5,0.0,39,68250,卖盘
10:31:33,17.5,0.0,70,122500,卖盘
10:31:39,17.5,0.0,127,222250,卖盘
10:31:42,17.5,0.0,5,8750,卖盘
10:31:45,17.5,0.0,3,5250,卖盘
10:32:06,17.5,0.0,8,14000,卖盘
10:32:09,17.5,0.0,5,8750,卖盘
10:32:12,17.5,0.0,20,35000,卖盘
10:32:15,17.5,0.0,389,680750,卖盘
10:32:18,17.5,0.0,525,918750,卖盘
10:32:24,17.5,0.0,15,26250,卖盘
10:32:27,17.5,0.0,7,12250,卖盘
10:32:33,17.5,0.0,5,8750,卖盘
10:32:36,17.5,0.0,22,38500,卖盘
10:32:39,17.5,0.0,6,10500,卖盘
10:32:42,17.5,0.0,26,45500,卖盘
10:32:45,17.5,0.0,1,1750,卖盘
10:32:48,17.5,0.0,2,3500,卖盘
10:32:57,17.5,0.0,9,15750,卖盘
10:33:03,17.5,0.0,29,50750,卖盘
10:33:06,17.5,0.0,10,17500,卖盘
10:33:09,17.5,0.0,26,45500,卖盘
10:33:15,17.5,0.0,27,47250,卖盘
10:33:18,17.5,0.0,7,12250,卖盘
10:33:27,17.5,0.0,95,166250,卖盘
10:33:30,17.5,0.0,104,182000,卖盘
10:33:36,17.5,0.0,5,8750,卖盘
10:33:42,17.5,0.0,11,19250,卖盘
10:33:45,17.5,0.0,5,8750,卖盘
10:33:48,17.5,0.0,36,63000,卖盘
10:33:51,17.5,0.0,5,8750,卖盘
10:33:57,17.5,0.0,272,476000,卖盘
10:34:03,17.5,0.0,1,1750,卖盘
10:34:06,17.5,0.0,1,1750,卖盘
10:34:09,17.5,0.0,20,35000,卖盘
10:34:15,17.5,0.0,105,182875,卖盘
10:34:18,17.5,0.0,3,5250,卖盘
10:34:21,17.5,0.0,14,24500,卖盘
10:34:36,17.5,0.0,1,1750,卖盘
10:34:39,17.5,0.0,156,273000,卖盘
10:34:42,17.5,0.0,1,1750,卖盘
10:34:48,17.5,0.0,19,33250,卖盘
10:34:51,17.5,0.0,6,10500,卖盘
10:34:54,17.5,0.0,1,1750,卖盘
10:35:09,17.5,0.0,17,29750,卖盘
10:35:15,17.5,0.0,32,56000,卖盘
10:35:21,17.5,0.0,55,96250,卖盘
10:35:24,17.5,0.0,5,8750,卖盘
10:35:39,17.5,0.0,10,17500,卖盘
10:35:51,17.5,0.0,3,5250,卖盘
10:36:12,17.5,0.0,11,19250,卖盘
10:36:21,17.5,0.0,2,3500,卖盘
10:36:33,17.5,0.0,45,78750,卖盘
10:36:48,17.5,0.0,137,239750,卖盘
10:37:00,17.5,0.0,1,1750,卖盘
10:37:06,17.5,0.0,13,22750,卖盘
10:37:09,17.5,0.0,50,87500,卖盘
10:37:12,17.5,0.0,30,52500,卖盘
10:37:15,17.5,0.0,17,29750,卖盘
10:37:21,17.5,0.0,8,14000,卖盘
10:37:24,17.5,0.0,20,35000,卖盘
10:37:27,17.5,0.0,6,10500,卖盘
10:37:30,17.5,0.0,66,115500,卖盘
10:37:33,17.5,0.0,8,14000,卖盘
10:37:36,17.5,0.0,10,17500,卖盘
10:37:42,17.5,0.0,4,7000,卖盘
10:38:00,17.5,0.0,20,35000,卖盘
10:38:03,17.5,0.0,4,7000,卖盘
10:38:09,17.5,0.0,7,12250,卖盘
10:38:12,17.5,0.0,29,50750,卖盘
10:38:18,17.5,0.0,3,5250,卖盘
10:38:21,17.5,0.0,2,3500,卖盘
10:38:24,17.5,0.0,2,3500,卖盘
10:38:36,17.5,0.0,4,7000,卖盘
10:38:48,17.5,0.0,188,329000,卖盘
10:38:51,17.5,0.0,14,24500,卖盘
10:38:54,17.5,0.0,18,31500,卖盘
10:38:57,17.5,0.0,4,7000,卖盘
10:39:06,17.5,0.0,2,3500,卖盘
10:39:09,17.5,0.0,10,17500,卖盘
10:39:15,17.5,0.0,33,57750,卖盘
10:39:21,17.5,0.0,525,918750,卖盘
10:39:30,17.5,0.0,24,41300,卖盘
10:39:42,17.5,0.0,6,10500,卖盘
10:39:45,17.5,0.0,13,22750,卖盘
10:39:48,17.5,0.0,26,45500,卖盘
10:40:01,17.5,0.0,1,1750,卖盘
10:40:06,17.5,0.0,2,3500,卖盘
10:40:18,17.5,0.0,21,36750,卖盘
10:40:27,17.5,0.0,7,12250,卖盘
10:40:33,17.5,0.0,9,15750,卖盘
10:40:36,17.5,0.0,41,72450,卖盘
10:40:39,17.5,0.0,10,17500,卖盘
10:40:45,17.5,0.0,2,3500,卖盘
10:40:48,17.5,0.0,4,7000,卖盘
10:40:51,17.5,0.0,5,8750,卖盘
10:40:54,17.5,0.0,4,7000,卖盘
10:41:00,17.5,0.0,1,1750,卖盘
10:41:03,17.5,0.0,5,8750,卖盘
10:41:09,17.5,0.0,10,17500,卖盘
10:41:12,17.5,0.0,10,17500,卖盘
10:41:15,17.5,0.0,32,56000,卖盘
10:41:21,17.5,0.0,7,12250,卖盘
10:41:24,17.5,0.0,10,17500,卖盘
10:41:27,17.5,0.0,10,17500,卖盘
10:41:30,17.5,0.0,60,105000,卖盘
10:41:33,17.5,0.0,5,8750,卖盘
10:41:36,17.5,0.0,86,150500,卖盘
10:41:39,17.5,0.0,7,12250,卖盘
10:41:51,17.5,0.0,23,40250,卖盘
10:41:57,17.5,0.0,15,26250,卖盘
10:42:03,17.5,0.0,13,22750,卖盘
10:42:06,17.5,0.0,2,3500,卖盘
10:42:09,17.5,0.0,30,52500,卖盘
10:42:21,17.5,0.0,12,21000,卖盘
10:42:33,17.5,0.0,111,194250,卖盘
10:42:36,17.5,0.0,1,1750,卖盘
10:42:48,17.5,0.0,15,26250,卖盘
10:43:00,17.5,0.0,5,8750,卖盘
10:43:09,17.5,0.0,67,117250,卖盘
10:43:12,17.5,0.0,70,122500,卖盘
10:43:18,17.5,0.0,9,15750,卖盘
10:43:24,17.5,0.0,1,1750,卖盘
10:43:33,17.5,0.0,141,246750,卖盘
10:43:36,17.5,0.0,1,1750,卖盘
10:43:39,17.5,0.0,24,42000,卖盘
10:43:42,17.5,0.0,1,1750,卖盘
10:43:48,17.5,0.0,10,17500,卖盘
10:43:54,17.5,0.0,2,3500,卖盘
10:44:07,17.5,0.0,10,17500,卖盘
10:44:15,17.5,0.0,31,54250,卖盘
10:44:33,17.5,0.0,8,14000,卖盘
10:44:54,17.5,0.0,5,8750,卖盘
10:45:00,17.5,0.0,2,3500,卖盘
10:45:06,17.5,0.0,40,70000,卖盘
10:45:09,17.5,0.0,1,1750,卖盘
10:45:24,17.5,0.0,4,7000,卖盘
10:45:33,17.5,0.0,2,3500,卖盘
10:46:21,17.5,0.0,45,78750,卖盘
10:46:48,17.5,0.0,113,197750,卖盘
10:47:00,17.5,0.0,17,29750,卖盘
10:47:03,17.5,0.0,5,8750,卖盘
10:47:06,17.5,0.0,5,8750,卖盘
10:47:12,17.5,0.0,3,5250,卖盘
10:47:33,17.5,0.0,302,528500,卖盘
10:47:57,17.5,0.0,33,57750,卖盘
10:48:00,17.5,0.0,43,75250,卖盘
10:48:03,17.5,0.0,13,22750,卖盘
10:48:12,17.5,0.0,112,196000,卖盘
10:48:15,17.5,0.0,4,7000,卖盘
10:48:39,17.5,0.0,106,185500,卖盘
10:48:42,17.5,0.0,22,38500,卖盘
10:48:54,17.5,0.0,6,10500,卖盘
10:49:00,17.5,0.0,25,43750,卖盘
10:49:42,17.5,0.0,50,87500,卖盘
10:49:45,17.5,0.0,6,10500,卖盘
10:49:54,17.5,0.0,1,1750,卖盘
10:50:09,17.5,0.0,50,87500,卖盘
10:50:12,17.5,0.0,2,3500,卖盘
10:50:24,17.5,0.0,10,17500,卖盘
10:50:30,17.5,0.0,738,1291500,卖盘
10:50:33,17.5,0.0,3,5250,卖盘
10:51:03,17.5,0.0,7,12250,卖盘
10:51:06,17.5,0.0,10,17500,卖盘
10:51:21,17.5,0.0,50,87500,卖盘
10:52:06,17.5,0.0,10,17500,卖盘
10:52:21,17.5,0.0,3,5250,卖盘
10:52:30,17.5,0.0,10,17500,卖盘
10:52:33,17.5,0.0,3,5250,卖盘
10:52:57,17.5,0.0,50,87500,卖盘
10:53:06,17.5,0.0,260,455000,卖盘
10:53:27,17.5,0.0,10,17500,卖盘
10:53:54,17.5,0.0,435,761250,卖盘
10:54:03,17.5,0.0,20,35000,卖盘
10:54:30,17.5,0.0,39,68250,卖盘
10:54:36,17.5,0.0,6,10500,卖盘
10:54:39,17.5,0.0,2,3500,卖盘
10:54:57,17.5,0.0,1,1750,卖盘
10:55:06,17.5,0.0,110,192500,卖盘
10:56:24,17.5,0.0,10,17500,卖盘
10:56:39,17.5,0.0,2,3500,卖盘
10:56:54,17.5,0.0,1,1750,卖盘
10:57:15,17.5,0.0,2,3500,卖盘
10:57:24,17.5,0.0,2,3500,卖盘
10:57:33,17.5,0.0,2,3500,卖盘
10:58:54,17.5,0.0,1,1750,卖盘
10:59:15,17.5,0.0,5,8750,卖盘
10:59:31,17.5,0.0,2,3500,卖盘
10:59:36,17.5,0.0,27,47250,卖盘
11:00:00,17.5,0.0,3,5250,卖盘
11:00:57,17.5,0.0,13,22750,卖盘
11:01:06,17.5,0.0,2,3500,卖盘
11:01:12,17.5,0.0,50,87500,卖盘
11:01:57,17.5,0.0,1,1750,卖盘
11:04:21,17.5,0.0,23,40250,卖盘
11:04:49,17.5,0.0,22,38500,卖盘
11:05:30,17.5,0.0,85,148750,卖盘
11:05:33,17.5,0.0,1,1750,卖盘
11:05:39,17.5,0.0,49,85750,卖盘
11:05:42,17.5,0.0,14,24500,卖盘
11:06:30,17.5,0.0,2,3500,卖盘
11:06:36,17.5,0.0,27,47250,卖盘
11:06:45,17.5,0.0,5,8750,卖盘
11:07:27,17.5,0.0,1,1750,卖盘
11:07:33,17.5,0.0,51,89250,卖盘
11:07:45,17.5,0.0,40,70000,卖盘
11:07:57,17.5,0.0,20,35000,卖盘
11:08:06,17.5,0.0,1,1750,卖盘
11:08:18,17.5,0.0,20,35000,卖盘
11:08:42,17.5,0.0,10,17500,卖盘
11:09:33,17.5,0.0,7,12250,卖盘
11:09:45,17.5,0.0,5,8750,卖盘
11:10:00,17.5,0.0,239,418250,卖盘
11:10:03,17.5,0.0,2,3500,卖盘
11:10:06,17.5,0.0,10,17500,卖盘
11:11:12,17.5,0.0,24,42000,卖盘
11:11:15,17.5,0.0,1,1750,卖盘
11:11:36,17.5,0.0,2,3500,卖盘
11:11:42,17.5,0.0,3,5250,卖盘
11:12:00,17.5,0.0,9,15750,卖盘
11:13:03,17.5,0.0,119,208250,卖盘
11:13:15,17.5,0.0,4,7000,卖盘
11:13:51,17.5,0.0,7,12250,卖盘
11:14:27,17.5,0.0,10,17500,卖盘
11:14:45,17.5,0.0,2,3500,卖盘
11:15:03,17.5,0.0,4,7000,卖盘
11:15:27,17.5,0.0,3,5250,卖盘
11:15:30,17.5,0.0,18,31500,卖盘
11:15:42,17.5,0.0,2,3500,卖盘
11:15:54,17.5,0.0,2,3500,卖盘
11:16:09,17.5,0.0,1,1750,卖盘
11:16:45,17.5,0.0,1,1750,卖盘
11:16:48,17.5,0.0,20,35000,卖盘
11:17:15,17.5,0.0,3,5250,卖盘
11:18:12,17.5,0.0,7,12250,卖盘
11:18:27,17.5,0.0,2,3500,卖盘
11:18:57,17.5,0.0,20,35000,卖盘
11:19:21,17.5,0.0,4,7000,卖盘
11:19:33,17.5,0.0,20,35000,卖盘
11:19:36,17.5,0.0,2,3500,卖盘
11:19:42,17.5,0.0,20,35000,卖盘
11:20:09,17.5,0.0,2,3500,卖盘
11:20:27,17.5,0.0,2,3500,卖盘
11:20:33,17.5,0.0,2,3500,卖盘
11:20:36,17.5,0.0,5,9275,卖盘
11:21:12,17.5,0.0,1,1750,卖盘
11:21:57,17.5,0.0,1,1750,卖盘
11:22:09,17.5,0.0,5,8750,卖盘
11:22:12,17.5,0.0,10,17500,卖盘
11:22:15,17.5,0.0,10,17500,卖盘
11:23:15,17.5,0.0,13,22750,卖盘
11:24:12,17.5,0.0,3,5250,卖盘
11:24:21,17.5,0.0,2,3500,卖盘
11:24:36,17.5,0.0,3,5250,卖盘
11:24:45,17.5,0.0,1,1750,卖盘
11:24:57,17.5,0.0,10,17500,卖盘
11:25:06,17.5,0.0,13,22750,卖盘
11:25:12,17.5,0.0,1,1750,卖盘
11:25:45,17.5,0.0,1,1750,卖盘
11:26:06,17.5,0.0,4,7000,卖盘
11:26:15,17.5,0.0,15,26250,卖盘
11:26:24,17.5,0.0,1,1750,卖盘
11:27:15,17.5,0.0,2,3500,卖盘
11:27:27,17.5,0.0,30,52500,卖盘
11:27:42,17.5,0.0,3,5250,卖盘
11:27:45,17.5,0.0,3,5250,卖盘
11:28:33,17.5,0.0,3,5250,卖盘
11:29:09,17.5,0.0,15,26250,卖盘
11:29:18,17.5,0.0,39,68250,卖盘
11:29:30,17.5,0.0,31,54250,卖盘
11:29:33,17.5,0.0,1,1750,卖盘
11:29:54,17.5,0.0,139,243250,卖盘
13:00:00,17.5,0.0,15,26250,卖盘
13:00:03,17.5,0.0,142,248500,卖盘
13:00:06,17.5,0.0,552,965125,卖盘
13:00:09,17.5,0.0,112,196000,卖盘
13:00:12,17.5,0.0,39,68250,卖盘
13:00:18,17.5,0.0,278,486500,卖盘
13:01:18,17.5,0.0,1,1750,卖盘
13:01:30,17.5,0.0,30,52500,卖盘
13:01:51,17.5,0.0,15,26250,卖盘
13:02:09,17.5,0.0,5,8750,卖盘
13:02:12,17.5,0.0,5,8750,卖盘
13:02:45,17.5,0.0,2,3500,卖盘
13:03:24,17.5,0.0,1,1750,卖盘
13:03:42,17.5,0.0,52,91000,卖盘
13:03:54,17.5,0.0,37,64750,卖盘
13:04:00,17.5,0.0,11,19250,卖盘
13:04:24,17.5,0.0,15,26250,卖盘
13:04:42,17.5,0.0,5,8750,卖盘
13:04:54,17.5,0.0,2,3500,卖盘
13:05:09,17.5,0.0,44,77000,卖盘
13:05:27,17.5,0.0,45,78750,卖盘
13:05:36,17.5,0.0,1,1750,卖盘
13:06:36,17.5,0.0,7,11375,卖盘
13:06:45,17.5,0.0,12,21000,卖盘
13:07:00,17.5,0.0,3,5250,卖盘
13:07:42,17.5,0.0,19,33250,卖盘
13:08:03,17.5,0.0,15,26250,卖盘
13:08:36,17.5,0.0,20,35000,卖盘
13:08:48,17.5,0.0,23,40250,卖盘
13:08:51,17.5,0.0,8,13125,卖盘
13:09:39,17.5,0.0,1,1750,卖盘
13:09:48,17.5,0.0,15,26250,卖盘
13:10:00,17.5,0.0,42,73500,卖盘
13:10:06,17.5,0.0,1,1750,卖盘
13:10:15,17.5,0.0,1,1750,卖盘
13:11:12,17.5,0.0,23,40250,卖盘
13:11:39,17.5,0.0,4,7000,卖盘
13:12:27,17.5,0.0,50,87500,卖盘
13:12:48,17.5,0.0,15,26250,卖盘
13:13:12,17.5,0.0,5,8750,卖盘
13:13:18,17.5,0.0,3,5250,卖盘
13:13:21,17.5,0.0,45,78750,卖盘
13:13:45,17.5,0.0,10,17500,卖盘
13:14:21,17.5,0.0,2,3500,卖盘
13:14:27,17.5,0.0,1,1750,卖盘
13:14:42,17.5,0.0,1,1750,卖盘
13:14:45,17.5,0.0,10,17500,卖盘
13:15:06,17.5,0.0,2,3500,卖盘
13:15:42,17.5,0.0,27,47250,卖盘
13:15:48,17.5,0.0,1,1750,卖盘
13:16:30,17.5,0.0,65,113750,卖盘
13:16:33,17.5,0.0,5,8750,卖盘
13:17:09,17.5,0.0,10,17500,卖盘
13:17:36,17.5,0.0,10,17500,卖盘
13:18:06,17.5,0.0,5,8750,卖盘
13:18:21,17.5,0.0,4,7000,卖盘
13:18:30,17.5,0.0,10,17500,卖盘
13:18:33,17.5,0.0,1,1750,卖盘
13:18:48,17.5,0.0,4,7000,卖盘
13:19:03,17.5,0.0,2,3500,卖盘
13:19:06,17.5,0.0,3,4550,卖盘
13:19:09,17.5,0.0,10,17500,卖盘
13:20:06,17.5,0.0,10,17500,卖盘
13:20:15,17.5,0.0,2,3500,卖盘
13:20:33,17.5,0.0,2,3500,卖盘
13:22:30,17.5,0.0,13,22750,卖盘
13:22:33,17.5,0.0,2,3500,卖盘
13:22:36,17.5,0.0,20,35000,卖盘
13:23:06,17.5,0.0,1,1750,卖盘
13:24:27,17.5,0.0,6,10500,卖盘
13:24:36,17.5,0.0,3,5250,卖盘
13:24:57,17.5,0.0,4,7000,卖盘
13:26:15,17.5,0.0,10,17500,卖盘
13:26:42,17.5,0.0,5,8750,卖盘
13:27:36,17.5,0.0,10,17500,卖盘
13:27:39,17.5,0.0,50,87500,卖盘
13:28:00,17.5,0.0,2,3500,卖盘
13:28:42,17.5,0.0,4,7000,卖盘
13:28:57,17.5,0.0,1,1750,卖盘
13:29:30,17.5,0.0,5,8750,卖盘
13:29:42,17.5,0.0,10,17500,卖盘
13:30:00,17.5,0.0,5,8750,卖盘
13:30:39,17.5,0.0,7,12250,卖盘
13:30:42,17.5,0.0,10,17500,卖盘
13:31:00,17.5,0.0,1,1750,卖盘
13:31:18,17.5,0.0,2,3500,卖盘
13:31:33,17.5,0.0,2,3500,卖盘
13:32:39,17.5,0.0,10,17500,卖盘
13:34:09,17.5,0.0,1,1750,卖盘
13:34:12,17.5,0.0,10,17500,卖盘
13:34:15,17.5,0.0,2,3500,卖盘
13:34:54,17.5,0.0,15,26250,卖盘
13:35:00,17.5,0.0,1,1750,卖盘
13:35:30,17.5,0.0,2,3500,卖盘
13:35:42,17.5,0.0,489,855750,卖盘
13:37:18,17.5,0.0,16,28000,卖盘
13:38:51,17.5,0.0,9,15750,卖盘
13:39:09,17.5,0.0,7,12250,卖盘
13:39:33,17.5,0.0,2,3500,卖盘
13:39:51,17.5,0.0,9,15750,卖盘
13:40:06,17.5,0.0,5,8750,卖盘
13:40:24,17.5,0.0,2,3500,卖盘
13:40:33,17.5,0.0,9,15750,卖盘
13:40:42,17.5,0.0,3,5250,卖盘
13:42:00,17.5,0.0,2,3500,卖盘
13:43:27,17.5,0.0,1,1750,卖盘
13:43:36,17.5,0.0,10,17500,卖盘
13:45:00,17.5,0.0,4,7000,卖盘
13:45:30,17.5,0.0,1,1750,卖盘
13:47:30,17.5,0.0,10,17500,卖盘
13:47:36,17.5,0.0,8,14000,卖盘
13:48:06,17.5,0.0,3,5250,卖盘
13:48:18,17.5,0.0,2,3500,卖盘
13:48:45,17.5,0.0,9,15750,卖盘
13:49:09,17.5,0.0,100,175000,卖盘
13:49:15,17.5,0.0,26,45500,卖盘
13:50:03,17.5,0.0,2,3500,卖盘
13:50:09,17.5,0.0,2,3500,卖盘
13:50:21,17.5,0.0,1,1750,卖盘
13:50:48,17.5,0.0,4,7000,卖盘
13:51:21,17.5,0.0,4,7000,卖盘
13:51:54,17.5,0.0,6,10500,卖盘
13:51:57,17.5,0.0,10,17500,卖盘
13:52:36,17.5,0.0,10,17500,卖盘
13:52:39,17.5,0.0,22,38500,卖盘
13:53:39,17.5,0.0,4,7000,卖盘
13:53:54,17.5,0.0,54,94500,卖盘
13:54:30,17.5,0.0,30,52500,卖盘
13:54:33,17.5,0.0,1,1750,卖盘
13:56:06,17.5,0.0,2,3500,卖盘
13:56:54,17.5,0.0,8,14000,卖盘
13:57:54,17.5,0.0,6,10500,卖盘
13:58:24,17.5,0.0,35,61250,卖盘
13:58:51,17.5,0.0,5,8750,卖盘
13:59:18,17.5,0.0,10,17500,卖盘
13:59:27,17.5,0.0,60,105000,卖盘
13:59:30,17.5,0.0,54,94500,卖盘
13:59:39,17.5,0.0,2,3500,卖盘
14:00:00,17.5,0.0,2,3500,卖盘
14:00:09,17.5,0.0,1,1750,卖盘
14:00:12,17.5,0.0,5,8750,卖盘
14:00:39,17.5,0.0,19,33250,卖盘
14:00:49,17.5,0.0,3,5250,卖盘
14:00:57,17.5,0.0,4,7000,卖盘
14:01:30,17.5,0.0,20,35000,卖盘
14:02:57,17.5,0.0,3,5250,卖盘
14:03:09,17.5,0.0,20,35000,卖盘
14:03:21,17.5,0.0,5,8750,卖盘
14:03:33,17.5,0.0,4,7000,卖盘
14:03:36,17.5,0.0,7,12250,卖盘
14:03:52,17.5,0.0,20,35000,卖盘
14:04:00,17.5,0.0,3,5250,卖盘
14:04:39,17.5,0.0,15,26250,卖盘
14:05:27,17.5,0.0,2,3500,卖盘
14:06:03,17.5,0.0,1,1750,卖盘
14:07:27,17.5,0.0,1,1750,卖盘
14:07:30,17.5,0.0,7,12250,卖盘
14:08:54,17.5,0.0,2,3500,卖盘
14:09:00,17.5,0.0,1,1750,卖盘
14:09:18,17.5,0.0,1,1750,卖盘
14:09:36,17.5,0.0,5,8750,卖盘
14:10:03,17.5,0.0,10,17500,卖盘
14:10:09,17.5,0.0,5,8750,卖盘
14:10:12,17.5,0.0,3,5250,卖盘
14:10:45,17.5,0.0,3,5250,卖盘
14:11:54,17.5,0.0,5,8750,卖盘
14:13:00,17.5,0.0,10,17500,卖盘
14:14:27,17.5,0.0,8,14000,卖盘
14:14:51,17.5,0.0,14,24500,卖盘
14:15:33,17.5,0.0,1,1750,卖盘
14:15:45,17.5,0.0,2,3500,卖盘
14:16:00,17.5,0.0,10,17500,卖盘
14:16:03,17.5,0.0,1,2275,卖盘
14:17:06,17.5,0.0,3,5250,卖盘
14:17:42,17.5,0.0,1,1750,卖盘
14:19:06,17.5,0.0,11,19250,卖盘
14:19:24,17.5,0.0,2,3500,卖盘
14:19:30,17.5,0.0,2,3500,卖盘
14:19:51,17.5,0.0,3,5250,卖盘
14:20:06,17.5,0.0,1,1750,卖盘
14:20:12,17.5,0.0,300,525000,卖盘
14:20:15,17.5,0.0,7,12250,卖盘
14:20:33,17.5,0.0,1,1750,卖盘
14:20:48,17.5,0.0,5,8750,卖盘
14:20:57,17.5,0.0,21,36750,卖盘
14:21:57,17.5,0.0,1,1750,卖盘
14:22:24,17.5,0.0,1,1750,卖盘
14:22:39,17.5,0.0,1,1750,卖盘
14:22:51,17.5,0.0,2,3500,卖盘
14:22:54,17.5,0.0,47,82250,卖盘
14:23:12,17.5,0.0,12,21000,卖盘
14:23:33,17.5,0.0,4,7000,卖盘
14:25:33,17.5,0.0,2,3500,卖盘
14:25:51,17.5,0.0,10,17500,卖盘
14:26:12,17.5,0.0,4,7000,卖盘
14:27:00,17.5,0.0,50,87500,卖盘
14:28:03,17.5,0.0,8,14000,卖盘
14:30:03,17.5,0.0,16,28000,卖盘
14:30:54,17.5,0.0,1,1750,卖盘
14:31:21,17.5,0.0,1,1750,卖盘
14:31:48,17.5,0.0,1,1750,卖盘
14:32:09,17.5,0.0,100,175000,卖盘
14:33:48,17.5,0.0,10,17500,卖盘
14:35:27,17.5,0.0,20,35000,卖盘
14:35:45,17.5,0.0,7,12950,卖盘
14:35:57,17.5,0.0,1,1750,卖盘
14:36:03,17.5,0.0,6,10500,卖盘
14:36:42,17.5,0.0,7,12250,卖盘
14:36:48,17.5,0.0,50,87500,卖盘
14:37:15,17.5,0.0,10,17500,卖盘
14:37:30,17.5,0.0,7,12250,卖盘
14:37:57,17.5,0.0,6,10500,卖盘
14:38:21,17.5,0.0,5,8750,卖盘
14:39:33,17.5,0.0,5,8750,卖盘
14:39:45,17.5,0.0,11,19250,卖盘
14:40:21,17.5,0.0,6,10500,卖盘
14:40:36,17.5,0.0,5,8750,卖盘
14:40:42,17.5,0.0,20,35000,卖盘
14:40:45,17.5,0.0,18,31500,卖盘
14:42:00,17.5,0.0,2,3500,卖盘
14:42:09,17.5,0.0,1,1750,卖盘
14:42:12,17.5,0.0,6,10500,卖盘
14:43:33,17.5,0.0,13,22750,卖盘
14:44:09,17.5,0.0,2,3500,卖盘
14:44:30,17.5,0.0,9,15750,卖盘
14:46:24,17.5,0.0,2,3500,卖盘
14:46:45,17.5,0.0,40,70000,卖盘
14:47:03,17.5,0.0,2,3500,卖盘
14:47:06,17.5,0.0,5,8750,卖盘
14:47:09,17.5,0.0,15,26250,卖盘
14:47:54,17.5,0.0,15,26250,卖盘
14:48:39,17.5,0.0,1,1750,卖盘
14:48:48,17.5,0.0,5,8750,卖盘
14:49:00,17.5,0.0,2,3500,卖盘
14:49:09,17.5,0.0,20,35000,卖盘
14:49:12,17.5,0.0,5,8750,卖盘
14:49:36,17.5,0.0,2,3500,卖盘
14:49:39,17.5,0.0,1,1750,卖盘
14:50:36,17.5,0.0,2,3500,卖盘
14:50:45,17.5,0.0,47,82250,卖盘
14:51:57,17.5,0.0,11,19250,卖盘
14:52:09,17.5,0.0,3,5250,卖盘
14:52:18,17.5,0.0,50,87500,卖盘
14:52:33,17.5,0.0,3,5250,卖盘
14:53:24,17.5,0.0,204,357000,卖盘
14:53:45,17.5,0.0,3,5250,卖盘
14:54:03,17.5,0.0,6,11200,卖盘
14:54:12,17.5,0.0,1,1750,卖盘
14:54:15,17.5,0.0,1,1750,卖盘
14:55:06,17.5,0.0,50,87500,卖盘
14:55:36,17.5,0.0,8,14000,卖盘
14:55:45,17.5,0.0,5,8750,卖盘
14:55:51,17.5,0.0,19,33250,卖盘
14:56:30,17.5,0.0,30,52500,卖盘
14:56:33,17.5,0.0,1,1750,卖盘
14:56:39,17.5,0.0,5,8750,卖盘
14:56:42,17.5,0.0,3,5250,卖盘
14:57:00,17.5,0.0,35,61250,卖盘
15:00:03,17.5,0.0,171,299250,卖盘
