成交时间,成交价格,价格变动,成交量,成交金额,性质
09:25:02,17.95,0.15,108656,195037520,买盘
09:30:02,17.53,-0.42,3631,6438296,卖盘
09:30:05,17.77,0.24,6550,11633419,买盘
09:30:08,17.6,-0.17,5084,9035051,卖盘
09:30:11,17.9,0.3,6138,10895016,买盘
09:30:14,17.6,-0.3,11710,20835611,卖盘
09:30:17,17.58,-0.02,8207,14611830,中性盘
09:30:20,17.8,0.22,5921,10511275,买盘
09:30:23,17.81,0.01,7080,12596600,买盘
09:30:26,17.81,0.0,8953,15889671,买盘
09:30:29,17.8,-0.01,7554,13440317,中性盘
09:30:32,17.8,0.0,8825,15701104,买盘
09:30:35,17.92,0.12,5789,10296967,买盘
09:30:38,17.91,-0.01,5792,10356160,中性盘
09:30:41,17.86,-0.05,4218,7545575,中性盘
09:30:44,17.92,0.06,5007,8958873,中性盘
09:30:47,17.9,-0.02,8306,14870006,卖盘
09:30:50,17.92,0.02,9386,16833392,卖盘
09:30:53,17.9,-0.02,2880,5150620,卖盘
09:30:56,17.9,0.0,5538,9902750,买盘
09:30:59,17.8,-0.1,2313,4118479,卖盘
09:31:02,17.68,-0.12,2355,4188671,卖盘
09:31:05,17.68,0.0,1480,2619338,卖盘
09:31:08,17.58,-0.1,2095,3698210,卖盘
09:31:11,17.58,0.0,2688,4732104,卖盘
09:31:14,17.58,0.0,4330,7629696,卖盘
09:31:17,17.52,-0.06,3293,5785287,卖盘
09:31:20,17.5,-0.02,3302,5783611,卖盘
09:31:23,17.47,-0.03,4410,7714618,卖盘
09:31:26,17.39,-0.08,2064,3599980,卖盘
09:31:29,17.38,-0.01,1631,2833081,卖盘
09:31:32,17.3,-0.08,2345,4059123,卖盘
09:31:35,17.2,-0.1,4246,7333936,卖盘
09:31:38,17.19,-0.01,2400,4124498,卖盘
09:31:41,17.1,-0.09,2553,4368196,卖盘
09:31:44,17.01,-0.09,3896,6651785,卖盘
09:31:47,17.0,-0.01,4430,7536639,卖盘
09:31:50,17.01,0.01,10204,17367173,买盘
09:31:53,17.0,-0.01,4388,7461953,卖盘
09:31:56,17.0,0.0,9245,15750067,买盘
09:31:59,17.0,0.0,4092,6956948,买盘
09:32:02,17.01,0.01,4500,7681245,买盘
09:32:05,17.18,0.17,2989,5116145,买盘
09:32:08,17.22,0.04,3084,5299940,买盘
09:32:11,17.3,0.08,3085,5328410,买盘
09:32:14,17.41,0.11,1993,3462261,买盘
09:32:17,17.49,0.08,1166,2034753,买盘
09:32:20,17.58,0.09,4071,7129185,买盘
09:32:23,17.58,0.0,3943,6912533,买盘
09:32:26,17.58,0.0,2912,5118017,买盘
09:32:29,17.59,0.01,4882,8580269,中性盘
09:32:32,17.52,-0.07,3534,6210089,卖盘
09:32:35,17.48,-0.04,3390,5937588,卖盘
09:32:38,17.38,-0.1,2460,4289056,卖盘
09:32:41,17.34,-0.04,1472,2554808,卖盘
09:32:44,17.34,0.0,2253,3906121,卖盘
09:32:47,17.33,-0.01,2049,3560838,卖盘
09:32:50,17.47,0.14,3925,6814760,买盘
09:32:53,17.43,-0.04,3916,6808501,中性盘
09:32:56,17.4,-0.03,1746,3038415,卖盘
09:32:59,17.47,0.07,1269,2210757,买盘
09:33:02,17.47,0.0,1382,2408390,买盘
09:33:05,17.47,0.0,1931,3369703,买盘
09:33:08,17.42,-0.05,1280,2231872,中性盘
09:33:11,17.39,-0.03,1088,1892101,卖盘
09:33:14,17.36,-0.03,939,1629395,卖盘
09:33:17,17.33,-0.03,1269,2201208,卖盘
09:33:20,17.3,-0.03,1072,1856631,卖盘
09:33:23,17.28,-0.02,1577,2725008,卖盘
09:33:26,17.28,0.0,1129,1946594,买盘
09:33:29,17.22,-0.06,1049,1806092,卖盘
09:33:32,17.22,0.0,1483,2557742,买盘
09:33:35,17.21,-0.01,2444,4200357,卖盘
09:33:38,17.2,-0.01,2467,4246363,卖盘
09:33:41,17.21,0.01,1620,2786639,买盘
09:33:44,17.18,-0.03,1591,2736520,卖盘
09:33:47,17.19,0.01,928,1595490,买盘
09:33:50,17.18,-0.01,5387,9269718,卖盘
09:33:53,17.21,0.03,2543,4375436,买盘
09:33:56,17.21,0.0,1873,3218556,买盘
09:33:59,17.21,0.0,1576,2711593,卖盘
09:34:02,17.21,0.0,903,1554717,卖盘
09:34:05,17.22,0.01,960,1651968,买盘
09:34:08,17.22,0.0,3024,5201851,买盘
09:34:11,17.21,-0.01,1122,1931484,中性盘
09:34:14,17.21,0.0,838,1441595,买盘
09:34:17,17.21,0.0,1264,2175085,买盘
09:34:20,17.22,0.01,1596,2748121,买盘
09:34:23,17.24,0.02,1165,2006071,买盘
09:34:26,17.25,0.01,1078,1857825,买盘
09:34:29,17.26,0.01,1088,1876707,买盘
09:34:32,17.3,0.04,997,1722215,买盘
09:34:35,17.3,0.0,1057,1827852,买盘
09:34:38,17.3,0.0,934,1617124,买盘
09:34:41,17.32,0.02,387,670006,中性盘
09:34:44,17.34,0.02,782,1355023,买盘
09:34:47,17.35,0.01,984,1705629,买盘
09:34:50,17.35,0.0,1524,2643429,买盘
09:34:53,17.35,0.0,1482,2571340,买盘
09:34:56,17.38,0.03,572,993245,买盘
09:34:59,17.39,0.01,1095,1903029,买盘
09:35:02,17.37,-0.02,1959,3403328,卖盘
09:35:05,17.37,0.0,2723,4728925,买盘
09:35:08,17.4,0.03,1850,3215852,买盘
09:35:11,17.4,0.0,1753,3047323,买盘
09:35:14,17.39,-0.01,2433,4224711,中性盘
09:35:17,17.4,0.01,1189,2067397,买盘
09:35:20,17.4,0.0,709,1233346,买盘
09:35:23,17.39,-0.01,2440,4241540,卖盘
09:35:26,17.39,0.0,534,927998,买盘
09:35:29,17.4,0.01,1286,2234898,买盘
09:35:32,17.36,-0.04,578,1002945,中性盘
09:35:35,17.32,-0.04,1135,1969277,卖盘
09:35:38,17.31,-0.01,943,1632131,卖盘
09:35:41,17.3,-0.01,691,1195633,卖盘
09:35:44,17.31,0.01,1513,2618249,买盘
09:35:47,17.3,-0.01,2185,3779915,卖盘
09:35:50,17.3,0.0,643,1112632,买盘
09:35:53,17.3,0.0,1052,1819531,卖盘
09:35:56,17.3,0.0,797,1377218,买盘
09:35:59,17.3,0.0,1059,1831058,买盘
09:36:02,17.29,-0.01,496,857022,买盘
09:36:05,17.25,-0.04,1020,1762303,卖盘
09:36:08,17.26,0.01,662,1143434,买盘
09:36:11,17.26,0.0,681,1175832,卖盘
09:36:14,17.25,-0.01,596,1028605,卖盘
09:36:17,17.22,-0.03,1669,2876558,卖盘
09:36:20,17.22,0.0,1035,1781504,买盘
09:36:23,17.21,-0.01,624,1073657,中性盘
09:36:26,17.21,0.0,3567,6141163,买盘
09:36:29,17.2,-0.01,1964,3378799,卖盘
09:36:32,17.2,0.0,789,1356791,买盘
09:36:35,17.19,-0.01,978,1680975,卖盘
09:36:38,17.18,-0.01,1026,1763384,卖盘
09:36:41,17.17,-0.01,569,977103,卖盘
09:36:44,17.17,0.0,470,806815,买盘
09:36:47,17.16,-0.01,494,847702,卖盘
09:36:50,17.13,-0.03,513,880238,卖盘
09:36:53,17.13,0.0,608,1041840,卖盘
09:36:56,17.11,-0.02,924,1581206,卖盘
09:36:59,17.05,-0.06,713,1217900,卖盘
09:37:02,17.04,-0.01,1288,2196442,卖盘
09:37:05,17.04,0.0,940,1602002,卖盘
09:37:08,17.04,0.0,3482,5953272,买盘
09:37:11,17.04,0.0,1326,2259816,卖盘
09:37:14,17.03,-0.01,689,1174125,卖盘
09:37:17,17.01,-0.02,2752,4682475,卖盘
09:37:20,17.0,-0.01,1049,1784307,卖盘
09:37:23,17.01,0.01,1560,2653889,卖盘
09:37:26,17.01,0.0,2391,4066411,买盘
09:37:29,17.0,-0.01,2112,3591718,卖盘
09:37:32,17.01,0.01,1002,1703439,买盘
09:37:35,17.0,-0.01,753,1279921,卖盘
09:37:38,16.99,-0.01,1158,1967774,卖盘
09:37:41,17.0,0.01,1781,3027502,买盘
09:37:44,16.99,-0.01,1320,2242481,卖盘
09:37:47,16.99,0.0,971,1649321,买盘
09:37:50,16.99,0.0,920,1562637,买盘
09:37:53,16.88,-0.11,4513,7634259,卖盘
09:37:56,16.88,0.0,665,1125907,卖盘
09:37:59,16.88,0.0,1138,1922619,卖盘
09:38:02,16.92,0.04,3515,5945715,买盘
09:38:05,16.85,-0.07,865,1459117,卖盘
09:38:08,16.92,0.07,1564,2638495,买盘
09:38:11,16.98,0.06,2718,4594738,买盘
09:38:14,17.0,0.02,3709,6303531,买盘
09:38:17,17.04,0.04,3592,6108346,买盘
09:38:20,17.07,0.03,766,1304954,买盘
09:38:23,17.09,0.02,1022,1743765,买盘
09:38:26,17.13,0.04,400,683878,买盘
09:38:29,17.16,0.03,491,840447,买盘
09:38:32,17.18,0.02,643,1103506,买盘
09:38:35,17.19,0.01,606,1041016,买盘
09:38:38,17.2,0.01,1156,1986903,买盘
09:38:41,17.2,0.0,1934,3323268,买盘
09:38:44,17.22,0.02,584,1004393,买盘
09:38:47,17.2,-0.02,1683,2894778,卖盘
09:38:50,17.13,-0.07,1890,3240757,卖盘
09:38:53,17.12,-0.01,527,901986,卖盘
09:38:56,17.07,-0.05,569,971500,卖盘
09:38:59,17.04,-0.03,548,934642,卖盘
09:39:02,17.08,0.04,482,823123,买盘
09:39:05,17.04,-0.04,727,1239855,卖盘
09:39:08,17.04,0.0,764,1301480,买盘
09:39:11,17.04,0.0,707,1204749,买盘
09:39:14,17.04,0.0,922,1572089,卖盘
09:39:17,17.04,0.0,603,1027814,卖盘
09:39:20,17.01,-0.03,473,805142,卖盘
09:39:23,16.99,-0.02,1184,2012590,卖盘
09:39:26,16.98,-0.01,225,381808,中性盘
09:39:29,16.92,-0.06,233,394857,卖盘
09:39:32,16.92,0.0,504,853437,卖盘
09:39:35,16.9,-0.02,729,1232149,卖盘
09:39:38,16.88,-0.02,428,722977,卖盘
09:39:41,16.86,-0.02,455,767814,卖盘
09:39:44,16.85,-0.01,470,792127,卖盘
09:39:47,16.82,-0.03,872,1468061,卖盘
09:39:50,16.8,-0.02,968,1627713,卖盘
09:39:53,16.8,0.0,1213,2037994,卖盘
09:39:56,16.78,-0.02,1487,2497342,卖盘
09:39:59,16.81,0.03,2478,4159001,买盘
09:40:02,16.77,-0.04,750,1257098,买盘
09:40:05,16.77,0.0,2001,3351351,买盘
09:40:08,16.78,0.01,2763,4634481,买盘
09:40:11,16.77,-0.01,2126,3566629,卖盘
09:40:14,16.79,0.02,1196,2008243,中性盘
09:40:17,16.73,-0.06,1496,2505788,卖盘
09:40:20,16.73,0.0,798,1334814,买盘
09:40:23,16.73,0.0,1083,1810335,买盘
09:40:26,16.71,-0.02,1514,2530232,卖盘
09:40:29,16.7,-0.01,814,1359936,卖盘
09:40:32,16.69,-0.01,1491,2489519,卖盘
09:40:35,16.68,-0.01,2151,3590460,卖盘
09:40:38,16.66,-0.02,1080,1800528,卖盘
09:40:41,16.6,-0.06,777,1292591,卖盘
09:40:44,16.56,-0.04,983,1631687,卖盘
09:40:47,16.5,-0.06,879,1455250,卖盘
09:40:50,16.4,-0.1,1647,2717093,卖盘
09:40:53,16.36,-0.04,357,584942,卖盘
09:40:56,16.31,-0.05,382,624230,卖盘
09:40:59,16.25,-0.06,1111,1809474,卖盘
09:41:02,16.25,0.0,2325,3781501,买盘
09:41:05,16.19,-0.06,2863,4645745,卖盘
09:41:08,16.2,0.01,1887,3054788,买盘
09:41:11,16.21,0.01,2622,4247019,买盘
09:41:14,16.34,0.13,8685,14125035,买盘
09:41:17,16.36,0.02,2504,4080252,买盘
09:41:20,16.44,0.08,1728,2833215,买盘
09:41:23,16.5,0.06,1310,2159151,买盘
09:41:26,16.56,0.06,484,799469,买盘
09:41:29,16.59,0.03,1059,1750801,买盘
09:41:32,16.68,0.09,1680,2793527,买盘
09:41:35,16.65,-0.03,454,755478,买盘
09:41:38,16.69,0.04,371,618843,买盘
09:41:41,16.7,0.01,1057,1763637,买盘
09:41:44,16.77,0.07,1155,1930308,买盘
09:41:47,16.76,-0.01,842,1408371,卖盘
09:41:50,16.77,0.01,841,1409068,买盘
09:41:53,16.76,-0.01,1118,1874299,卖盘
09:41:56,16.71,-0.05,1882,3152999,卖盘
09:41:59,16.71,0.0,1153,1924416,买盘
09:42:02,16.7,-0.01,784,1308454,买盘
09:42:05,16.68,-0.02,612,1020229,买盘
09:42:08,16.6,-0.08,631,1052192,卖盘
09:42:11,16.65,0.05,334,555234,买盘
09:42:14,16.6,-0.05,359,595060,卖盘
09:42:17,16.6,0.0,768,1274622,买盘
09:42:20,16.58,-0.02,339,562307,买盘
09:42:23,16.55,-0.03,518,858602,卖盘
09:42:26,16.55,0.0,480,795141,卖盘
09:42:29,16.53,-0.02,1110,1835322,卖盘
09:42:32,16.51,-0.02,749,1236649,卖盘
09:42:35,16.5,-0.01,512,844901,卖盘
09:42:38,16.48,-0.02,298,491603,卖盘
09:42:41,16.47,-0.01,574,943508,卖盘
09:42:44,16.4,-0.07,1195,1956696,卖盘
09:42:47,16.39,-0.01,190,311577,中性盘
09:42:50,16.36,-0.03,791,1294277,卖盘
09:42:53,16.34,-0.02,335,547766,卖盘
09:42:56,16.35,0.01,228,372724,中性盘
09:42:59,16.34,-0.01,510,833455,卖盘
09:43:02,16.34,0.0,2864,4676732,买盘
09:43:05,16.32,-0.02,1183,1932312,卖盘
09:43:08,16.36,0.04,1913,3131136,买盘
09:43:11,16.36,0.0,637,1042702,卖盘
09:43:14,16.43,0.07,917,1505191,买盘
09:43:17,16.43,0.0,851,1398093,买盘
09:43:20,16.5,0.07,463,761954,买盘
09:43:23,16.49,-0.01,759,1251891,卖盘
09:43:26,16.5,0.01,914,1508586,买盘
09:43:29,16.5,0.0,970,1602635,卖盘
09:43:32,16.55,0.05,596,985311,买盘
09:43:35,16.57,0.02,524,867251,买盘
09:43:38,16.58,0.01,297,492362,买盘
09:43:41,16.59,0.01,851,1411980,买盘
09:43:44,16.66,0.07,247,411032,买盘
09:43:47,16.66,0.0,717,1194089,买盘
09:43:50,16.67,0.01,311,518396,卖盘
09:43:53,16.7,0.03,1473,2458240,买盘
09:43:56,16.68,-0.02,792,1322404,卖盘
09:43:59,16.7,0.02,994,1659752,买盘
09:44:02,16.69,-0.01,921,1538293,中性盘
09:44:05,16.68,-0.01,785,1310001,卖盘
09:44:08,16.7,0.02,793,1323375,中性盘
09:44:11,16.69,-0.01,605,1009933,卖盘
09:44:14,16.7,0.01,703,1174020,买盘
09:44:17,16.69,-0.01,626,1044934,中性盘
09:44:20,16.69,0.0,1271,2122330,买盘
09:44:23,16.69,0.0,413,689493,卖盘
09:44:26,16.69,0.0,882,1472372,卖盘
09:44:29,16.7,0.01,855,1427322,买盘
09:44:32,16.69,-0.01,493,822749,卖盘
09:44:35,16.69,0.0,566,944465,买盘
09:44:38,16.68,-0.01,400,667479,卖盘
09:44:41,16.68,0.0,412,687064,买盘
09:44:44,16.67,-0.01,144,240133,中性盘
09:44:47,16.67,0.0,451,752204,买盘
09:44:50,16.67,0.0,199,331607,卖盘
09:44:53,16.68,0.01,321,535010,买盘
09:44:56,16.67,-0.01,266,443301,卖盘
09:44:59,16.66,-0.01,310,516776,卖盘
09:45:02,16.66,0.0,3146,5249100,卖盘
09:45:05,16.67,0.01,652,1086936,中性盘
09:45:08,16.69,0.02,132,220153,买盘
09:45:11,16.67,-0.02,538,898199,卖盘
09:45:14,16.71,0.04,690,1152434,买盘
09:45:17,16.72,0.01,228,381040,买盘
09:45:20,16.72,0.0,319,533247,买盘
09:45:23,16.73,0.01,237,396320,买盘
09:45:26,16.75,0.02,511,855237,买盘
09:45:29,16.77,0.02,556,931206,买盘
09:45:32,16.8,0.03,1159,1946130,买盘
09:45:35,16.83,0.03,171,287735,买盘
09:45:38,16.86,0.03,408,687431,买盘
09:45:41,16.9,0.04,530,894453,买盘
09:45:44,16.92,0.02,408,689770,买盘
09:45:47,16.96,0.04,345,583867,买盘
09:45:50,17.0,0.04,392,665843,买盘
09:45:53,17.0,0.0,1211,2058557,买盘
09:45:56,17.05,0.05,987,1680160,买盘
09:45:59,17.07,0.02,359,611523,买盘
09:46:02,17.09,0.02,749,1279626,买盘
09:46:05,17.12,0.03,630,1077359,买盘
09:46:08,17.15,0.03,622,1064263,买盘
09:46:11,17.17,0.02,595,1021135,买盘
09:46:14,17.18,0.01,794,1362741,买盘
09:46:17,17.2,0.02,1152,1979949,买盘
09:46:20,17.2,0.0,1749,3007414,买盘
09:46:23,17.2,0.0,1311,2254860,买盘
09:46:26,17.2,0.0,1734,2983253,卖盘
09:46:29,17.23,0.03,1157,1991109,买盘
09:46:32,17.24,0.01,867,1492705,买盘
09:46:35,17.26,0.02,1339,2309050,买盘
09:46:38,17.26,0.0,1097,1892419,买盘
09:46:41,17.3,0.04,744,1286206,买盘
09:46:44,17.3,0.0,818,1414556,买盘
09:46:47,17.3,0.0,2082,3601347,买盘
09:46:50,17.29,-0.01,1802,3115786,卖盘
09:46:53,17.29,0.0,1702,2941087,买盘
09:46:56,17.29,0.0,1833,3168793,买盘
09:46:59,17.25,-0.04,1118,1929554,卖盘
09:47:02,17.18,-0.07,830,1429619,卖盘
09:47:05,17.17,-0.01,702,1205759,卖盘
09:47:08,17.18,0.01,1004,1720896,买盘
09:47:11,17.08,-0.1,705,1206103,卖盘
09:47:14,17.13,0.05,1060,1812180,买盘
09:47:17,17.11,-0.02,1563,2678661,卖盘
09:47:20,17.19,0.08,1964,3371214,买盘
09:47:23,17.19,0.0,1145,1964257,卖盘
09:47:26,17.18,-0.01,1789,3064866,中性盘
09:47:29,17.17,-0.01,931,1595492,中性盘
09:47:32,17.13,-0.04,371,635697,卖盘
09:47:35,17.13,0.0,433,741569,买盘
09:47:38,17.12,-0.01,410,701700,卖盘
09:47:41,17.11,-0.01,382,653814,中性盘
09:47:44,17.09,-0.02,611,1044375,卖盘
09:47:47,17.08,-0.01,371,633805,卖盘
09:47:50,17.08,0.0,435,742706,买盘
09:47:53,17.06,-0.02,153,261081,卖盘
09:47:56,17.06,0.0,778,1327582,卖盘
09:47:59,17.07,0.01,2582,4408810,买盘
09:48:02,17.13,0.06,3199,5482489,买盘
09:48:05,17.19,0.06,740,1267373,买盘
09:48:08,17.2,0.01,10029,17308778,买盘
09:48:11,17.33,0.13,2071,3588572,买盘
09:48:14,17.38,0.05,391,678746,买盘
09:48:17,17.4,0.02,2347,4080893,买盘
09:48:20,17.41,0.01,1600,2783727,买盘
09:48:23,17.43,0.02,1019,1777660,买盘
09:48:26,17.48,0.05,590,1030513,买盘
09:48:29,17.49,0.01,4922,8612039,买盘
09:48:32,17.54,0.05,996,1744559,买盘
09:48:35,17.58,0.04,667,1170044,买盘
09:48:38,17.59,0.01,1050,1846019,买盘
09:48:41,17.62,0.03,1653,2909100,买盘
09:48:44,17.66,0.04,910,1606148,买盘
09:48:47,17.68,0.02,1143,2019591,买盘
09:48:50,17.75,0.07,1597,2826120,买盘
09:48:53,17.8,0.05,1033,1836309,买盘
09:48:56,17.8,0.0,1622,2886923,买盘
09:48:59,17.85,0.05,1995,3560606,买盘
09:49:02,17.9,0.05,2621,4683398,买盘
09:49:05,17.91,0.01,3909,6999216,买盘
09:49:08,17.94,0.03,2331,4179326,买盘
09:49:11,17.94,0.0,5437,9745680,买盘
09:49:14,17.93,-0.01,3745,6718150,卖盘
09:49:17,17.93,0.0,4003,7173207,买盘
09:49:20,17.89,-0.04,2095,3748388,中性盘
09:49:23,17.9,0.01,1452,2596160,买盘
09:49:26,17.81,-0.09,1689,3018591,卖盘
09:49:29,17.8,-0.01,1475,2628721,卖盘
09:49:32,17.8,0.0,1141,2029992,买盘
09:49:35,17.85,0.05,3465,6170820,买盘
09:49:38,17.85,0.0,1878,3352678,卖盘
09:49:41,17.84,-0.01,1227,2190112,卖盘
09:49:44,17.84,0.0,1110,1980788,卖盘
09:49:47,17.77,-0.07,1054,1878167,卖盘
09:49:50,17.8,0.03,512,910958,买盘
09:49:53,17.8,0.0,737,1310342,买盘
09:49:56,17.73,-0.07,894,1588981,中性盘
09:49:59,17.71,-0.02,888,1575209,卖盘
09:50:02,17.72,0.01,1387,2458070,买盘
09:50:05,17.71,-0.01,609,1077989,卖盘
09:50:08,17.7,-0.01,564,998120,卖盘
09:50:11,17.71,0.01,1708,3023188,买盘
09:50:14,17.71,0.0,2878,5093974,买盘
09:50:17,17.81,0.1,6497,11558790,买盘
09:50:20,17.85,0.04,4608,8219357,买盘
09:50:23,17.91,0.06,3276,5859001,买盘
09:50:26,17.93,0.02,1937,3469984,买盘
09:50:29,17.95,0.02,4055,7274513,买盘
09:50:32,17.98,0.03,3090,5547883,买盘
09:50:35,17.99,0.01,3375,6071802,买盘
09:50:38,18.02,0.03,2162,3893135,买盘
09:50:41,18.17,0.15,7425,13540525,买盘
09:50:44,18.36,0.19,45657,83808369,买盘
09:50:47,18.36,0.0,1181,2168316,卖盘
09:50:50,18.36,0.0,960,1762560,卖盘
09:50:53,18.36,0.0,1963,3604068,卖盘
09:50:56,18.36,0.0,2181,4004316,卖盘
09:50:59,18.36,0.0,1523,2796228,卖盘
09:51:02,18.36,0.0,1488,2731968,卖盘
09:51:05,18.36,0.0,1214,2228904,卖盘
09:51:08,18.36,0.0,1197,2197692,卖盘
09:51:11,18.36,0.0,595,1092420,卖盘
09:51:14,18.36,0.0,1609,2954124,卖盘
09:51:17,18.36,0.0,1125,2065500,卖盘
09:51:20,18.36,0.0,528,969408,卖盘
09:51:23,18.36,0.0,634,1164024,卖盘
09:51:26,18.36,0.0,1883,3457188,卖盘
09:51:29,18.36,0.0,485,890460,卖盘
09:51:32,18.36,0.0,617,1132812,卖盘
09:51:35,18.36,0.0,375,688500,卖盘
09:51:38,18.36,0.0,188,345168,卖盘
09:51:41,18.36,0.0,973,1786428,卖盘
09:51:44,18.36,0.0,295,541620,卖盘
09:51:47,18.36,0.0,833,1529388,卖盘
09:51:50,18.36,0.0,315,578340,卖盘
09:51:53,18.36,0.0,639,1173204,卖盘
09:51:56,18.36,0.0,763,1400868,卖盘
09:51:59,18.36,0.0,1148,2107728,卖盘
09:52:02,18.36,0.0,206,378216,卖盘
09:52:05,18.36,0.0,415,761940,卖盘
09:52:08,18.36,0.0,509,934524,卖盘
09:52:11,18.36,0.0,217,398780,卖盘
09:52:14,18.36,0.0,185,339660,卖盘
09:52:17,18.36,0.0,89,163404,卖盘
09:52:20,18.36,0.0,265,486540,卖盘
09:52:23,18.36,0.0,25,45900,卖盘
09:52:26,18.36,0.0,72,132192,卖盘
09:52:29,18.36,0.0,228,418608,卖盘
09:52:32,18.36,0.0,307,563652,卖盘
09:52:35,18.36,0.0,96,176256,卖盘
09:52:38,18.36,0.0,94,172584,卖盘
09:52:41,18.36,0.0,668,1226448,卖盘
09:52:44,18.36,0.0,121,222156,卖盘
09:52:47,18.36,0.0,175,321300,卖盘
09:52:50,18.36,0.0,123,225828,卖盘
09:52:53,18.36,0.0,226,414936,卖盘
09:52:56,18.36,0.0,74,135864,卖盘
09:52:59,18.36,0.0,494,906984,卖盘
09:53:02,18.36,0.0,105,192780,卖盘
09:53:05,18.36,0.0,144,264384,卖盘
09:53:08,18.36,0.0,215,394740,卖盘
09:53:11,18.36,0.0,107,196452,卖盘
09:53:14,18.36,0.0,294,539784,卖盘
09:53:17,18.36,0.0,183,335988,卖盘
09:53:20,18.36,0.0,289,530604,卖盘
09:53:23,18.36,0.0,92,168912,卖盘
09:53:26,18.36,0.0,127,233172,卖盘
09:53:29,18.36,0.0,1211,2223396,卖盘
09:53:32,18.36,0.0,34,62424,卖盘
09:53:35,18.36,0.0,51,93636,卖盘
09:53:38,18.36,0.0,193,354348,卖盘
09:53:41,18.36,0.0,52,95472,卖盘
09:53:44,18.36,0.0,153,280908,卖盘
09:53:47,18.36,0.0,201,369036,卖盘
09:53:50,18.36,0.0,52,95472,卖盘
09:53:53,18.36,0.0,262,481032,卖盘
09:53:56,18.36,0.0,36,66096,卖盘
09:53:59,18.36,0.0,168,308448,卖盘
09:54:02,18.36,0.0,164,301104,卖盘
09:54:05,18.36,0.0,341,626076,卖盘
09:54:08,18.36,0.0,22,40392,卖盘
09:54:11,18.36,0.0,35,64260,卖盘
09:54:14,18.36,0.0,91,167076,卖盘
09:54:17,18.36,0.0,44,80784,卖盘
09:54:20,18.36,0.0,430,789480,卖盘
09:54:23,18.36,0.0,229,420444,卖盘
09:54:26,18.36,0.0,198,363528,卖盘
09:54:29,18.36,0.0,98,179928,卖盘
09:54:32,18.36,0.0,294,539784,卖盘
09:54:35,18.36,0.0,143,262548,卖盘
09:54:38,18.36,0.0,311,570996,卖盘
09:54:41,18.36,0.0,66,121176,卖盘
09:54:44,18.36,0.0,165,302940,卖盘
09:54:47,18.36,0.0,80,146880,卖盘
09:54:50,18.36,0.0,105,192780,卖盘
09:54:53,18.36,0.0,89,163404,卖盘
09:54:56,18.36,0.0,155,284580,卖盘
09:54:59,18.36,0.0,187,343332,卖盘
09:55:02,18.36,0.0,164,301104,卖盘
09:55:05,18.36,0.0,101,185436,卖盘
09:55:08,18.36,0.0,166,304776,卖盘
09:55:11,18.36,0.0,121,222156,卖盘
09:55:14,18.36,0.0,70,128520,卖盘
09:55:17,18.36,0.0,53,97308,卖盘
09:55:20,18.36,0.0,35,64260,卖盘
09:55:23,18.36,0.0,185,339660,卖盘
09:55:26,18.36,0.0,158,290088,卖盘
09:55:29,18.36,0.0,20,36720,卖盘
09:55:32,18.36,0.0,58,106488,卖盘
09:55:35,18.36,0.0,70,128520,卖盘
09:55:38,18.36,0.0,324,594864,卖盘
09:55:41,18.36,0.0,56,102816,卖盘
09:55:44,18.36,0.0,60,110160,卖盘
09:55:47,18.36,0.0,24,44064,卖盘
09:55:50,18.36,0.0,33,60588,卖盘
09:55:53,18.36,0.0,187,343332,卖盘
09:55:56,18.36,0.0,88,161568,卖盘
09:55:59,18.36,0.0,225,413100,卖盘
09:56:02,18.36,0.0,660,1211760,卖盘
09:56:05,18.36,0.0,277,508572,卖盘
09:56:08,18.36,0.0,151,277236,卖盘
09:56:11,18.36,0.0,67,123012,卖盘
09:56:14,18.36,0.0,138,253368,卖盘
09:56:17,18.36,0.0,11,20196,卖盘
09:56:20,18.36,0.0,232,425952,卖盘
09:56:23,18.36,0.0,108,198288,卖盘
09:56:26,18.36,0.0,30,55080,卖盘
09:56:29,18.36,0.0,10,18360,卖盘
09:56:32,18.36,0.0,42,77112,卖盘
09:56:35,18.36,0.0,241,442476,卖盘
09:56:38,18.36,0.0,11,20196,卖盘
09:56:41,18.36,0.0,35,64260,卖盘
09:56:44,18.36,0.0,30,55080,卖盘
09:56:47,18.36,0.0,175,321300,卖盘
09:56:50,18.36,0.0,202,370872,卖盘
09:56:53,18.36,0.0,66,121176,卖盘
09:56:56,18.36,0.0,52,95472,卖盘
09:56:59,18.36,0.0,93,170748,卖盘
09:57:02,18.36,0.0,19,34884,卖盘
09:57:05,18.36,0.0,481,883116,卖盘
09:57:08,18.36,0.0,17,31212,卖盘
09:57:11,18.36,0.0,1047,1922292,卖盘
09:57:14,18.36,0.0,81,148716,卖盘
09:57:17,18.36,0.0,165,302940,卖盘
09:57:20,18.36,0.0,68,124848,卖盘
09:57:23,18.36,0.0,100,183600,卖盘
09:57:26,18.36,0.0,38,69768,卖盘
09:57:29,18.36,0.0,373,684828,卖盘
09:57:32,18.36,0.0,96,176256,卖盘
09:57:35,18.36,0.0,145,266220,卖盘
09:57:38,18.36,0.0,393,721548,卖盘
09:57:41,18.36,0.0,835,1533060,卖盘
09:57:44,18.36,0.0,58,106120,卖盘
09:57:47,18.36,0.0,97,178092,卖盘
09:57:50,18.36,0.0,50,91800,卖盘
09:57:53,18.36,0.0,25,45900,卖盘
09:57:56,18.36,0.0,82,150552,卖盘
09:57:59,18.36,0.0,5,9180,卖盘
09:58:02,18.36,0.0,51,93636,卖盘
09:58:05,18.36,0.0,82,150552,卖盘
09:58:08,18.36,0.0,25,45900,卖盘
09:58:11,18.36,0.0,15,27540,卖盘
09:58:14,18.36,0.0,42,77112,卖盘
09:58:17,18.36,0.0,30,55080,卖盘
09:58:20,18.36,0.0,20,36720,卖盘
09:58:23,18.36,0.0,46,84456,卖盘
09:58:26,18.36,0.0,43,78948,卖盘
09:58:29,18.36,0.0,137,251532,卖盘
09:58:32,18.36,0.0,41,75276,卖盘
09:58:35,18.36,0.0,27,49572,卖盘
09:58:38,18.36,0.0,11,20196,卖盘
09:58:41,18.36,0.0,24,44064,卖盘
09:58:44,18.36,0.0,94,172584,卖盘
09:58:47,18.36,0.0,19,34884,卖盘
09:58:50,18.36,0.0,57,104652,卖盘
09:58:53,18.36,0.0,19,34884,卖盘
09:58:56,18.36,0.0,62,113832,卖盘
09:58:59,18.36,0.0,75,137700,卖盘
09:59:02,18.36,0.0,53,97308,卖盘
09:59:05,18.36,0.0,1,1836,卖盘
09:59:08,18.36,0.0,20,36720,卖盘
09:59:17,18.36,0.0,20,36720,卖盘
09:59:20,18.36,0.0,29,53244,卖盘
09:59:23,18.36,0.0,181,332316,卖盘
09:59:26,18.36,0.0,11,20196,卖盘
09:59:29,18.36,0.0,1,1836,卖盘
09:59:32,18.36,0.0,38,69768,卖盘
09:59:35,18.36,0.0,133,244188,卖盘
09:59:38,18.36,0.0,58,106488,卖盘
09:59:41,18.36,0.0,203,372708,卖盘
09:59:44,18.36,0.0,120,220320,卖盘
09:59:47,18.36,0.0,17,31212,卖盘
09:59:50,18.36,0.0,45,82620,卖盘
09:59:53,18.36,0.0,51,93636,卖盘
09:59:56,18.36,0.0,11,20196,卖盘
09:59:59,18.36,0.0,237,434765,卖盘
10:00:02,18.36,0.0,23,42228,卖盘
10:00:05,18.36,0.0,6,11016,卖盘
10:00:08,18.36,0.0,241,442476,卖盘
10:00:11,18.36,0.0,63,115668,卖盘
10:00:14,18.36,0.0,165,302940,卖盘
10:00:17,18.36,0.0,24,44064,卖盘
10:00:20,18.36,0.0,8,14688,卖盘
10:00:23,18.36,0.0,81,148716,卖盘
10:00:26,18.36,0.0,59,108324,卖盘
10:00:29,18.36,0.0,177,325211,卖盘
10:00:32,18.36,0.0,45,82620,卖盘
10:00:35,18.36,0.0,155,284580,卖盘
10:00:38,18.36,0.0,126,231336,卖盘
10:00:41,18.36,0.0,42,77112,卖盘
10:00:44,18.36,0.0,117,214812,卖盘
10:00:47,18.36,0.0,100,183600,卖盘
10:00:50,18.36,0.0,14,25704,卖盘
10:00:53,18.36,0.0,23,42228,卖盘
10:00:56,18.36,0.0,45,82620,卖盘
10:00:59,18.36,0.0,86,157896,卖盘
10:01:02,18.36,0.0,77,141372,卖盘
10:01:05,18.36,0.0,70,128520,卖盘
10:01:08,18.36,0.0,21,38556,卖盘
10:01:11,18.36,0.0,184,337824,卖盘
10:01:14,18.36,0.0,1604,2944944,卖盘
10:01:17,18.36,0.0,15,27540,卖盘
10:01:20,18.36,0.0,48,88128,卖盘
10:01:23,18.36,0.0,25,45900,卖盘
10:01:26,18.36,0.0,32,58752,卖盘
10:01:29,18.36,0.0,11,20196,卖盘
10:01:32,18.36,0.0,405,743580,卖盘
10:01:35,18.36,0.0,49,89964,卖盘
10:01:38,18.36,0.0,61,111996,卖盘
10:01:41,18.36,0.0,8,14688,卖盘
10:01:44,18.36,0.0,57,104652,卖盘
10:01:47,18.36,0.0,21,38556,卖盘
10:01:50,18.36,0.0,20,36720,卖盘
10:01:53,18.36,0.0,24,44064,卖盘
10:01:56,18.36,0.0,5,9180,卖盘
10:01:59,18.36,0.0,44,80784,卖盘
10:02:02,18.36,0.0,3,5508,卖盘
10:02:05,18.36,0.0,1,1836,卖盘
10:02:11,18.36,0.0,70,128520,卖盘
10:02:14,18.36,0.0,29,53244,卖盘
10:02:17,18.36,0.0,7,12852,卖盘
10:02:20,18.36,0.0,5,9180,卖盘
10:02:23,18.36,0.0,39,71604,卖盘
10:02:26,18.36,0.0,7,12852,卖盘
10:02:29,18.36,0.0,426,782136,卖盘
10:02:32,18.36,0.0,89,163404,卖盘
10:02:35,18.36,0.0,1,1836,卖盘
10:02:38,18.36,0.0,10,18360,卖盘
10:02:41,18.36,0.0,66,121176,卖盘
10:02:44,18.36,0.0,24,44064,卖盘
10:02:47,18.36,0.0,52,95472,卖盘
10:02:50,18.36,0.0,15,27540,卖盘
10:02:53,18.36,0.0,34,62424,卖盘
10:02:56,18.36,0.0,21,38556,卖盘
10:02:59,18.36,0.0,10,18360,卖盘
10:03:02,18.36,0.0,67,123012,卖盘
10:03:05,18.36,0.0,1,1836,卖盘
10:03:08,18.36,0.0,52,95472,卖盘
10:03:11,18.36,0.0,25,45900,卖盘
10:03:14,18.36,0.0,88,161568,卖盘
10:03:17,18.36,0.0,5,9180,卖盘
10:03:20,18.36,0.0,31,56916,卖盘
10:03:23,18.36,0.0,19,34884,卖盘
10:03:26,18.36,0.0,13,23868,卖盘
10:03:29,18.36,0.0,6,11016,卖盘
10:03:32,18.36,0.0,38,69768,卖盘
10:03:35,18.36,0.0,243,446148,卖盘
10:03:38,18.36,0.0,130,238680,卖盘
10:03:41,18.36,0.0,12,22032,卖盘
10:03:44,18.36,0.0,79,145044,卖盘
10:03:47,18.36,0.0,121,222156,卖盘
10:03:50,18.36,0.0,12,22032,卖盘
10:03:53,18.36,0.0,32,58752,卖盘
10:03:56,18.36,0.0,120,220320,卖盘
10:03:59,18.36,0.0,17,31212,卖盘
10:04:02,18.36,0.0,28,51408,卖盘
10:04:05,18.36,0.0,24,44064,卖盘
10:04:08,18.36,0.0,29,53244,卖盘
10:04:11,18.36,0.0,57,105129,卖盘
10:04:14,18.36,0.0,43,78948,卖盘
10:04:17,18.36,0.0,128,235008,卖盘
10:04:20,18.36,0.0,23,42228,卖盘
10:04:23,18.36,0.0,15,27540,卖盘
10:04:29,18.36,0.0,20,36720,卖盘
10:04:32,18.36,0.0,29,53244,卖盘
10:04:35,18.36,0.0,74,135864,卖盘
10:04:41,18.36,0.0,170,312120,卖盘
10:04:44,18.36,0.0,29,53244,卖盘
10:04:47,18.36,0.0,6,11016,卖盘
10:04:50,18.36,0.0,9,16524,卖盘
10:04:53,18.36,0.0,31,56916,卖盘
10:04:56,18.36,0.0,118,216648,卖盘
10:04:59,18.36,0.0,54,99144,卖盘
10:05:02,18.36,0.0,90,165240,卖盘
10:05:05,18.36,0.0,65,119340,卖盘
10:05:08,18.36,0.0,253,464508,卖盘
10:05:11,18.36,0.0,268,492048,卖盘
10:05:14,18.36,0.0,15,27540,卖盘
10:05:17,18.36,0.0,16,29376,卖盘
10:05:20,18.36,0.0,27,49572,卖盘
10:05:23,18.36,0.0,17,31212,卖盘
10:05:26,18.36,0.0,21,38556,卖盘
10:05:29,18.36,0.0,98,179928,卖盘
10:05:32,18.36,0.0,7,12852,卖盘
10:05:35,18.36,0.0,33,60588,卖盘
10:05:38,18.36,0.0,162,297432,卖盘
10:05:41,18.36,0.0,465,853740,卖盘
10:05:44,18.36,0.0,1153,2116908,卖盘
10:05:47,18.36,0.0,58,106488,卖盘
10:05:50,18.36,0.0,221,405756,卖盘
10:05:53,18.36,0.0,170,312120,卖盘
10:05:56,18.36,0.0,405,743580,卖盘
10:05:59,18.36,0.0,64,117504,卖盘
10:06:02,18.36,0.0,172,315792,卖盘
10:06:05,18.36,0.0,112,205632,卖盘
10:06:08,18.36,0.0,201,369036,卖盘
10:06:11,18.36,0.0,100,183600,卖盘
10:06:14,18.36,0.0,85,156060,卖盘
10:06:17,18.36,0.0,57,104652,卖盘
10:06:20,18.36,0.0,126,231336,卖盘
10:06:23,18.36,0.0,2,3672,卖盘
10:06:26,18.36,0.0,6,11016,卖盘
10:06:29,18.36,0.0,67,123012,卖盘
10:06:32,18.36,0.0,169,310284,卖盘
10:06:35,18.36,0.0,25,45900,卖盘
10:06:38,18.36,0.0,59,108324,卖盘
10:06:41,18.36,0.0,28,51408,卖盘
10:06:44,18.36,0.0,103,189108,卖盘
10:06:47,18.36,0.0,32,58752,卖盘
10:06:50,18.36,0.0,74,135864,卖盘
10:06:53,18.36,0.0,40,73440,卖盘
10:06:56,18.36,0.0,55,100980,卖盘
10:06:59,18.36,0.0,48,88128,卖盘
10:07:02,18.36,0.0,8,14688,卖盘
10:07:05,18.36,0.0,91,167076,卖盘
10:07:08,18.36,0.0,39,71604,卖盘
10:07:11,18.36,0.0,82,150552,卖盘
10:07:14,18.36,0.0,39,71604,卖盘
10:07:17,18.36,0.0,42,77112,卖盘
10:07:20,18.36,0.0,15,27540,卖盘
10:07:23,18.36,0.0,161,295596,卖盘
10:07:26,18.36,0.0,1,1836,卖盘
10:07:29,18.36,0.0,21,38556,卖盘
10:07:32,18.36,0.0,26,47736,卖盘
10:07:35,18.36,0.0,24,44064,卖盘
10:07:38,18.36,0.0,110,201960,卖盘
10:07:41,18.36,0.0,14,25704,卖盘
10:07:44,18.36,0.0,77,141372,卖盘
10:07:47,18.36,0.0,85,156060,卖盘
10:07:50,18.36,0.0,6,11016,卖盘
10:07:53,18.36,0.0,9,16524,卖盘
10:07:56,18.36,0.0,767,1407478,卖盘
10:07:59,18.36,0.0,40,73440,卖盘
10:08:02,18.36,0.0,20,36720,卖盘
10:08:05,18.36,0.0,136,249696,卖盘
10:08:08,18.36,0.0,76,139536,卖盘
10:08:11,18.36,0.0,18,33048,卖盘
10:08:14,18.36,0.0,58,106488,卖盘
10:08:17,18.36,0.0,75,137700,卖盘
10:08:20,18.36,0.0,75,137700,卖盘
10:08:26,18.36,0.0,532,976752,卖盘
10:08:29,18.36,0.0,126,231336,卖盘
10:08:32,18.36,0.0,10,18360,卖盘
10:08:35,18.36,0.0,150,275400,卖盘
10:08:38,18.36,0.0,53,97308,卖盘
10:08:41,18.36,0.0,10,18360,卖盘
10:08:44,18.36,0.0,96,176256,卖盘
10:08:47,18.36,0.0,233,427788,卖盘
10:08:50,18.36,0.0,105,192780,卖盘
10:08:53,18.36,0.0,203,372708,卖盘
10:08:56,18.36,0.0,25,45900,卖盘
10:08:59,18.36,0.0,173,317628,卖盘
10:09:02,18.36,0.0,134,246024,卖盘
10:09:05,18.36,0.0,173,317628,卖盘
10:09:08,18.36,0.0,185,339660,卖盘
10:09:11,18.36,0.0,25,45900,卖盘
10:09:14,18.36,0.0,106,194616,卖盘
10:09:17,18.36,0.0,29,53244,卖盘
10:09:20,18.36,0.0,94,172584,卖盘
10:09:23,18.36,0.0,170,312120,卖盘
10:09:26,18.36,0.0,37,67932,卖盘
10:09:29,18.36,0.0,121,222156,卖盘
10:09:32,18.36,0.0,112,205632,卖盘
10:09:35,18.36,0.0,117,214812,卖盘
10:09:38,18.36,0.0,11,20196,卖盘
10:09:41,18.36,0.0,63,115668,卖盘
10:09:44,18.36,0.0,200,367200,卖盘
10:09:47,18.36,0.0,157,288252,卖盘
10:09:50,18.36,0.0,119,218484,卖盘
10:09:53,18.36,0.0,113,207468,卖盘
10:09:56,18.36,0.0,150,275400,卖盘
10:09:59,18.36,0.0,33,60588,卖盘
10:10:02,18.36,0.0,64,117504,卖盘
10:10:05,18.36,0.0,247,453492,卖盘
10:10:08,18.36,0.0,63,115668,卖盘
10:10:11,18.36,0.0,29,53244,卖盘
10:10:14,18.36,0.0,43,78948,卖盘
10:10:17,18.36,0.0,38,69768,卖盘
10:10:20,18.36,0.0,2,3672,卖盘
10:10:23,18.36,0.0,30,55080,卖盘
10:10:29,18.36,0.0,17,31212,卖盘
10:10:32,18.36,0.0,10,18360,卖盘
10:10:35,18.36,0.0,17,31212,卖盘
10:10:38,18.36,0.0,12,22032,卖盘
10:10:41,18.36,0.0,13,23868,卖盘
10:10:44,18.36,0.0,10,18360,卖盘
10:10:47,18.36,0.0,151,277236,卖盘
10:10:50,18.36,0.0,17,31212,卖盘
10:10:53,18.36,0.0,42,77112,卖盘
10:10:56,18.36,0.0,120,220320,卖盘
10:10:59,18.36,0.0,41,75276,卖盘
10:11:02,18.36,0.0,8,14688,卖盘
10:11:05,18.36,0.0,16,29376,卖盘
10:11:08,18.36,0.0,27,49572,卖盘
10:11:11,18.36,0.0,153,280908,卖盘
10:11:14,18.36,0.0,22,40392,卖盘
10:11:17,18.36,0.0,131,240516,卖盘
10:11:20,18.36,0.0,29,53244,卖盘
10:11:26,18.36,0.0,18,33048,卖盘
10:11:29,18.36,0.0,17,31212,卖盘
10:11:32,18.36,0.0,63,115668,卖盘
10:11:35,18.36,0.0,578,1061208,卖盘
10:11:38,18.36,0.0,24,44064,卖盘
10:11:41,18.36,0.0,18,33048,卖盘
10:11:47,18.36,0.0,30,55080,卖盘
10:11:50,18.36,0.0,20,36720,卖盘
10:11:53,18.36,0.0,62,113832,卖盘
10:11:56,18.36,0.0,30,55080,卖盘
10:11:59,18.36,0.0,21,39382,卖盘
10:12:05,18.36,0.0,28,51408,卖盘
10:12:08,18.36,0.0,9,16524,卖盘
10:12:11,18.36,0.0,5,9180,卖盘
10:12:14,18.36,0.0,1,1836,卖盘
10:12:17,18.36,0.0,13,23868,卖盘
10:12:20,18.36,0.0,208,381888,卖盘
10:12:23,18.36,0.0,1,1836,卖盘
10:12:29,18.36,0.0,33,60588,卖盘
10:12:32,18.36,0.0,38,69768,卖盘
10:12:35,18.36,0.0,26,47736,卖盘
10:12:41,18.36,0.0,121,222156,卖盘
10:12:44,18.36,0.0,11,20196,卖盘
10:12:50,18.36,0.0,23,42228,卖盘
10:12:53,18.36,0.0,10,18360,卖盘
10:12:56,18.36,0.0,1,1836,卖盘
10:12:59,18.36,0.0,37,67932,卖盘
10:13:02,18.36,0.0,12,22032,卖盘
10:13:05,18.36,0.0,51,93636,卖盘
10:13:08,18.36,0.0,8,14688,卖盘
10:13:11,18.36,0.0,33,60588,卖盘
10:13:14,18.36,0.0,158,290088,卖盘
10:13:17,18.36,0.0,14,25704,卖盘
10:13:20,18.36,0.0,11,20196,卖盘
10:13:23,18.36,0.0,535,982260,卖盘
10:13:26,18.36,0.0,5,9180,卖盘
10:13:32,18.36,0.0,25,45900,卖盘
10:13:35,18.36,0.0,18,33048,卖盘
10:13:38,18.36,0.0,66,121176,卖盘
10:13:41,18.36,0.0,9,16524,卖盘
10:13:44,18.36,0.0,1,1836,卖盘
10:13:50,18.36,0.0,47,86292,卖盘
10:13:53,18.36,0.0,19,34884,卖盘
10:13:56,18.36,0.0,19,34884,卖盘
10:13:59,18.36,0.0,41,75276,卖盘
10:14:02,18.36,0.0,46,84456,卖盘
10:14:05,18.36,0.0,243,446148,卖盘
10:14:08,18.36,0.0,11,20196,卖盘
10:14:11,18.36,0.0,103,189108,卖盘
10:14:14,18.36,0.0,7,12852,卖盘
10:14:17,18.36,0.0,10,18360,卖盘
10:14:20,18.36,0.0,16,29376,卖盘
10:14:23,18.36,0.0,24,44064,卖盘
10:14:26,18.36,0.0,16,29376,卖盘
10:14:29,18.36,0.0,40,73440,卖盘
10:14:32,18.36,0.0,14,25704,卖盘
10:14:35,18.36,0.0,8,14688,卖盘
10:14:38,18.36,0.0,34,62424,卖盘
10:14:41,18.36,0.0,149,273564,卖盘
10:14:44,18.36,0.0,19,34884,卖盘
10:14:47,18.36,0.0,74,135864,卖盘
10:14:50,18.36,0.0,11,20196,卖盘
10:14:53,18.36,0.0,3,5508,卖盘
10:14:56,18.36,0.0,55,100980,卖盘
10:14:59,18.36,0.0,197,361692,卖盘
10:15:02,18.36,0.0,143,262548,卖盘
10:15:05,18.36,0.0,29,53244,卖盘
10:15:08,18.36,0.0,18,33048,卖盘
10:15:11,18.36,0.0,19,34884,卖盘
10:15:17,18.36,0.0,5,9180,卖盘
10:15:20,18.36,0.0,10,18360,卖盘
10:15:23,18.36,0.0,1,1836,卖盘
10:15:26,18.36,0.0,10,18360,卖盘
10:15:29,18.36,0.0,17,31212,卖盘
10:15:32,18.36,0.0,10,18360,卖盘
10:15:35,18.36,0.0,75,137700,卖盘
10:15:38,18.36,0.0,12,22032,卖盘
10:15:44,18.36,0.0,50,91800,卖盘
10:15:47,18.36,0.0,33,60588,卖盘
10:15:50,18.36,0.0,66,121176,卖盘
10:15:53,18.36,0.0,71,130356,卖盘
10:15:56,18.36,0.0,8,14688,卖盘
10:15:59,18.36,0.0,8,14688,卖盘
10:16:02,18.36,0.0,1,1836,卖盘
10:16:05,18.36,0.0,10,18360,卖盘
10:16:08,18.36,0.0,134,246024,卖盘
10:16:11,18.36,0.0,7,12852,卖盘
10:16:14,18.36,0.0,177,324972,卖盘
10:16:20,18.36,0.0,49,89964,卖盘
10:16:23,18.36,0.0,25,45900,卖盘
10:16:26,18.36,0.0,5,9180,卖盘
10:16:29,18.36,0.0,20,36720,卖盘
10:16:32,18.36,0.0,68,124848,卖盘
10:16:35,18.36,0.0,1,1836,卖盘
10:16:38,18.36,0.0,31,56916,卖盘
10:16:41,18.36,0.0,70,128520,卖盘
10:16:44,18.36,0.0,6,11016,卖盘
10:16:47,18.36,0.0,34,62424,卖盘
10:16:50,18.36,0.0,15,27540,卖盘
10:16:53,18.36,0.0,38,69768,卖盘
10:16:56,18.36,0.0,15,27540,卖盘
10:17:02,18.36,0.0,129,236844,卖盘
10:17:05,18.36,0.0,173,317628,卖盘
10:17:08,18.36,0.0,13,23868,卖盘
10:17:11,18.36,0.0,2,3672,卖盘
10:17:17,18.36,0.0,11,20196,卖盘
10:17:20,18.36,0.0,66,121176,卖盘
10:17:23,18.36,0.0,2,3672,卖盘
10:17:29,18.36,0.0,2,3672,卖盘
10:17:32,18.36,0.0,174,319464,卖盘
10:17:35,18.36,0.0,45,82620,卖盘
10:17:38,18.36,0.0,12,22032,卖盘
10:17:41,18.36,0.0,60,110160,卖盘
10:17:44,18.36,0.0,36,66096,卖盘
10:17:47,18.36,0.0,15,27540,卖盘
10:17:50,18.36,0.0,11,20196,卖盘
10:17:53,18.36,0.0,42,77112,卖盘
10:17:56,18.36,0.0,76,139536,卖盘
10:17:59,18.36,0.0,13,23868,卖盘
10:18:02,18.36,0.0,49,89964,卖盘
10:18:05,18.36,0.0,160,293760,卖盘
10:18:08,18.36,0.0,90,165240,卖盘
10:18:11,18.36,0.0,1,1836,卖盘
10:18:14,18.36,0.0,293,537948,卖盘
10:18:20,18.36,0.0,6,11016,卖盘
10:18:23,18.36,0.0,47,86292,卖盘
10:18:26,18.36,0.0,112,205632,卖盘
10:18:29,18.36,0.0,56,102816,卖盘
10:18:32,18.36,0.0,55,100980,卖盘
10:18:35,18.36,0.0,26,47736,卖盘
10:18:41,18.36,0.0,2,3672,卖盘
10:18:44,18.36,0.0,10,18360,卖盘
10:18:47,18.36,0.0,110,201960,卖盘
10:18:50,18.36,0.0,24,44064,卖盘
10:18:53,18.36,0.0,40,73440,卖盘
10:18:56,18.36,0.0,15,27540,卖盘
10:18:59,18.36,0.0,10,18360,卖盘
10:19:02,18.36,0.0,15,27540,卖盘
10:19:05,18.36,0.0,255,468180,卖盘
10:19:08,18.36,0.0,7,12852,卖盘
10:19:11,18.36,0.0,15,27540,卖盘
10:19:14,18.36,0.0,9,16524,卖盘
10:19:17,18.36,0.0,2,3672,卖盘
10:19:20,18.36,0.0,28,51408,卖盘
10:19:23,18.36,0.0,19,34884,卖盘
10:19:26,18.36,0.0,48,88128,卖盘
10:19:29,18.36,0.0,20,36720,卖盘
10:19:32,18.36,0.0,119,218484,卖盘
10:19:35,18.36,0.0,8,14688,卖盘
10:19:38,18.36,0.0,1,1836,卖盘
10:19:41,18.36,0.0,9,16524,卖盘
10:19:44,18.36,0.0,6,11016,卖盘
10:19:47,18.36,0.0,61,111996,卖盘
10:19:50,18.36,0.0,5,9180,卖盘
10:19:53,18.36,0.0,21,38556,卖盘
10:19:56,18.36,0.0,105,192780,卖盘
10:19:59,18.36,0.0,66,121176,卖盘
10:20:02,18.36,0.0,1,1836,卖盘
10:20:05,18.36,0.0,1,1836,卖盘
10:20:08,18.36,0.0,20,36720,卖盘
10:20:11,18.36,0.0,25,45900,卖盘
10:20:14,18.36,0.0,40,73440,卖盘
10:20:17,18.36,0.0,24,44064,卖盘
10:20:23,18.36,0.0,15,27540,卖盘
10:20:26,18.36,0.0,11,20196,卖盘
10:20:29,18.36,0.0,12,22032,卖盘
10:20:32,18.36,0.0,15,27540,卖盘
10:20:35,18.36,0.0,25,45900,卖盘
10:20:38,18.36,0.0,66,121176,卖盘
10:20:41,18.36,0.0,10,18360,卖盘
10:20:44,18.36,0.0,3,5508,卖盘
10:20:47,18.36,0.0,15,27540,卖盘
10:20:50,18.36,0.0,530,973080,卖盘
10:20:53,18.36,0.0,84,154224,卖盘
10:20:59,18.36,0.0,27,49572,卖盘
10:21:02,18.36,0.0,26,47736,卖盘
10:21:05,18.36,0.0,13,23868,卖盘
10:21:08,18.36,0.0,2,3672,卖盘
10:21:11,18.36,0.0,8,14688,卖盘
10:21:14,18.36,0.0,13,23868,卖盘
10:21:17,18.36,0.0,11,20196,卖盘
10:21:20,18.36,0.0,7,12852,卖盘
10:21:23,18.36,0.0,2,3672,卖盘
10:21:26,18.36,0.0,16,29376,卖盘
10:21:29,18.36,0.0,43,78948,卖盘
10:21:32,18.36,0.0,30,55080,卖盘
10:21:35,18.36,0.0,18,33048,卖盘
10:21:38,18.36,0.0,68,124848,卖盘
10:21:41,18.36,0.0,77,141372,卖盘
10:21:44,18.36,0.0,147,269892,卖盘
10:21:47,18.36,0.0,19,34884,卖盘
10:21:50,18.36,0.0,5,9180,卖盘
10:21:53,18.36,0.0,77,141923,卖盘
10:21:56,18.36,0.0,63,115668,卖盘
10:21:59,18.36,0.0,2,3672,卖盘
10:22:02,18.36,0.0,77,141372,卖盘
10:22:05,18.36,0.0,7,12852,卖盘
10:22:08,18.36,0.0,12,22032,卖盘
10:22:11,18.36,0.0,3,5508,卖盘
10:22:14,18.36,0.0,12,22032,卖盘
10:22:17,18.36,0.0,56,102816,卖盘
10:22:20,18.36,0.0,110,201960,卖盘
10:22:23,18.36,0.0,75,137700,卖盘
10:22:26,18.36,0.0,1,1836,卖盘
10:22:29,18.36,0.0,227,416772,卖盘
10:22:32,18.36,0.0,49,89964,卖盘
10:22:35,18.36,0.0,107,196452,卖盘
10:22:38,18.36,0.0,36,66096,卖盘
10:22:41,18.36,0.0,20,36720,卖盘
10:22:44,18.36,0.0,69,126684,卖盘
10:22:47,18.36,0.0,36,66096,卖盘
10:22:50,18.36,0.0,104,190944,卖盘
10:22:53,18.36,0.0,40,73440,卖盘
10:22:56,18.36,0.0,10,18360,卖盘
10:22:59,18.36,0.0,22,40392,卖盘
10:23:02,18.36,0.0,63,115668,卖盘
10:23:05,18.36,0.0,28,51408,卖盘
10:23:08,18.36,0.0,19,34884,卖盘
10:23:11,18.36,0.0,51,93636,卖盘
10:23:14,18.36,0.0,10,18360,卖盘
10:23:17,18.36,0.0,30,55080,卖盘
10:23:20,18.36,0.0,66,121176,卖盘
10:23:23,18.36,0.0,141,258876,卖盘
10:23:26,18.36,0.0,74,135864,卖盘
10:23:29,18.36,0.0,15,27540,卖盘
10:23:32,18.36,0.0,14,25704,卖盘
10:23:35,18.36,0.0,28,51408,卖盘
10:23:41,18.36,0.0,33,60588,卖盘
10:23:44,18.36,0.0,50,91800,卖盘
10:23:47,18.36,0.0,45,82620,卖盘
10:23:50,18.36,0.0,75,138416,卖盘
10:23:53,18.36,0.0,69,126684,卖盘
10:23:56,18.36,0.0,23,42228,卖盘
10:23:59,18.36,0.0,68,124848,卖盘
10:24:02,18.36,0.0,44,80784,卖盘
10:24:05,18.36,0.0,44,80784,卖盘
10:24:08,18.36,0.0,10,18360,卖盘
10:24:11,18.36,0.0,8,14688,卖盘
10:24:17,18.36,0.0,40,73440,卖盘
10:24:20,18.36,0.0,124,227664,卖盘
10:24:23,18.36,0.0,8,14688,卖盘
10:24:26,18.36,0.0,222,407592,卖盘
10:24:29,18.36,0.0,13,23868,卖盘
10:24:32,18.36,0.0,5,9180,卖盘
10:24:35,18.36,0.0,33,60588,卖盘
10:24:38,18.36,0.0,35,64260,卖盘
10:24:41,18.36,0.0,102,187272,卖盘
10:24:44,18.36,0.0,88,161568,卖盘
10:24:47,18.36,0.0,18,33048,卖盘
10:24:50,18.36,0.0,14,25704,卖盘
10:24:53,18.36,0.0,121,222156,卖盘
10:24:56,18.36,0.0,10,18360,卖盘
10:24:59,18.36,0.0,91,167076,卖盘
10:25:02,18.36,0.0,24,44064,卖盘
10:25:05,18.36,0.0,159,291924,卖盘
10:25:08,18.36,0.0,158,290088,卖盘
10:25:11,18.36,0.0,16,29376,卖盘
10:25:14,18.36,0.0,30,55080,卖盘
10:25:17,18.36,0.0,10,18360,卖盘
10:25:20,18.36,0.0,30,55080,卖盘
10:25:23,18.36,0.0,17,31212,卖盘
10:25:26,18.36,0.0,10,18360,卖盘
10:25:29,18.36,0.0,166,304776,卖盘
10:25:32,18.36,0.0,34,62424,卖盘
10:25:38,18.36,0.0,120,220320,卖盘
10:25:41,18.36,0.0,110,201960,卖盘
10:25:44,18.36,0.0,12,22032,卖盘
10:25:47,18.36,0.0,63,115668,卖盘
10:25:50,18.36,0.0,101,185436,卖盘
10:25:53,18.36,0.0,1,1836,卖盘
10:25:56,18.36,0.0,40,73440,卖盘
10:25:59,18.36,0.0,179,328644,卖盘
10:26:05,18.36,0.0,968,1777248,卖盘
10:26:08,18.36,0.0,45,82620,卖盘
10:26:11,18.36,0.0,1267,2326212,卖盘
10:26:14,18.36,0.0,615,1129140,卖盘
10:26:17,18.36,0.0,828,1520208,卖盘
10:26:20,18.36,0.0,3909,7176924,卖盘
10:26:23,18.36,0.0,3713,6817068,卖盘
10:26:26,18.36,0.0,1655,3038580,卖盘
10:26:29,18.36,0.0,1994,3660984,卖盘
10:26:32,18.36,0.0,1580,2900880,卖盘
10:26:35,18.36,0.0,1148,2107728,卖盘
10:26:38,18.36,0.0,2242,4116312,卖盘
10:26:41,18.36,0.0,2300,4222800,卖盘
10:26:44,18.36,0.0,2692,4942512,卖盘
10:26:47,18.36,0.0,1913,3512268,卖盘
10:26:50,18.36,0.0,2451,4500183,卖盘
10:26:53,18.36,0.0,2764,5074704,卖盘
10:26:56,18.36,0.0,2342,4299912,卖盘
10:26:59,18.36,0.0,2177,3997798,卖盘
10:27:02,18.36,0.0,1957,3593052,卖盘
10:27:05,18.36,0.0,610,1119960,卖盘
10:27:08,18.36,0.0,1254,2302344,卖盘
10:27:11,18.36,0.0,288,528768,卖盘
10:27:14,18.36,0.0,237,435132,卖盘
10:27:17,18.36,0.0,248,455328,卖盘
10:27:20,18.36,0.0,30,55080,卖盘
10:27:23,18.36,0.0,182,334152,卖盘
10:27:26,18.36,0.0,107,196452,卖盘
10:27:29,18.36,0.0,312,572832,卖盘
10:27:32,18.36,0.0,182,334152,卖盘
10:27:35,18.36,0.0,75,137700,卖盘
10:27:38,18.36,0.0,51,93636,卖盘
10:27:41,18.36,0.0,148,271728,卖盘
10:27:44,18.36,0.0,57,104652,卖盘
10:27:47,18.36,0.0,510,936360,卖盘
10:27:50,18.36,0.0,278,510408,卖盘
10:27:53,18.36,0.0,353,648108,卖盘
10:27:56,18.36,0.0,412,756432,卖盘
10:27:59,18.36,0.0,78,143208,卖盘
10:28:02,18.36,0.0,52,95472,卖盘
10:28:05,18.36,0.0,42,77112,卖盘
10:28:08,18.36,0.0,9,16524,卖盘
10:28:11,18.36,0.0,30,55080,卖盘
10:28:14,18.36,0.0,163,299268,卖盘
10:28:17,18.36,0.0,17,31212,卖盘
10:28:20,18.36,0.0,398,730728,卖盘
10:28:23,18.36,0.0,13,23868,卖盘
10:28:26,18.36,0.0,62,113832,卖盘
10:28:29,18.36,0.0,207,380052,卖盘
10:28:32,18.36,0.0,36,66096,卖盘
10:28:35,18.36,0.0,78,143208,卖盘
10:28:38,18.36,0.0,1,1836,卖盘
10:28:41,18.36,0.0,146,268056,卖盘
10:28:44,18.36,0.0,17,31212,卖盘
10:28:47,18.36,0.0,14,25704,卖盘
10:28:50,18.36,0.0,106,194616,卖盘
10:28:53,18.36,0.0,7,12852,卖盘
10:28:56,18.36,0.0,55,100980,卖盘
10:28:59,18.36,0.0,17,31212,卖盘
10:29:02,18.36,0.0,128,235008,卖盘
10:29:05,18.36,0.0,41,75276,卖盘
10:29:08,18.36,0.0,31,56916,卖盘
10:29:11,18.36,0.0,498,914328,卖盘
10:29:14,18.36,0.0,40,73440,卖盘
10:29:17,18.36,0.0,291,534276,卖盘
10:29:20,18.36,0.0,120,220320,卖盘
10:29:23,18.36,0.0,199,365364,卖盘
10:29:26,18.36,0.0,624,1145664,卖盘
10:29:29,18.36,0.0,103,189108,卖盘
10:29:32,18.36,0.0,123,225828,卖盘
10:29:35,18.36,0.0,132,242352,卖盘
10:29:38,18.36,0.0,331,607716,卖盘
10:29:41,18.36,0.0,192,352512,卖盘
10:29:44,18.36,0.0,80,146880,卖盘
10:29:47,18.36,0.0,239,438804,卖盘
10:29:50,18.36,0.0,83,152204,卖盘
10:29:53,18.36,0.0,79,145044,卖盘
10:29:56,18.36,0.0,205,376380,卖盘
10:29:59,18.36,0.0,44,80784,卖盘
10:30:02,18.36,0.0,83,152021,卖盘
10:30:05,18.36,0.0,257,471852,卖盘
10:30:08,18.36,0.0,175,321300,卖盘
10:30:11,18.36,0.0,83,152388,卖盘
10:30:14,18.36,0.0,157,288252,卖盘
10:30:17,18.36,0.0,816,1498176,卖盘
10:30:20,18.36,0.0,148,271728,卖盘
10:30:23,18.36,0.0,78,143208,卖盘
10:30:26,18.36,0.0,91,167076,卖盘
10:30:29,18.36,0.0,46,84456,卖盘
10:30:32,18.36,0.0,102,187272,卖盘
10:30:35,18.36,0.0,16,29376,卖盘
10:30:38,18.36,0.0,41,75276,卖盘
10:30:41,18.36,0.0,71,130356,卖盘
10:30:44,18.36,0.0,73,134028,卖盘
10:30:47,18.36,0.0,32,58752,卖盘
10:30:50,18.36,0.0,441,809676,卖盘
10:30:53,18.36,0.0,227,416772,卖盘
10:30:56,18.36,0.0,105,192780,卖盘
10:30:59,18.36,0.0,182,334152,卖盘
10:31:02,18.36,0.0,55,100980,卖盘
10:31:05,18.36,0.0,79,145044,卖盘
10:31:08,18.36,0.0,71,130356,卖盘
10:31:11,18.36,0.0,58,106488,卖盘
10:31:14,18.36,0.0,16,29376,卖盘
10:31:17,18.36,0.0,6,11016,卖盘
10:31:20,18.36,0.0,284,521424,卖盘
10:31:23,18.36,0.0,120,220320,卖盘
10:31:26,18.36,0.0,45,82620,卖盘
10:31:29,18.36,0.0,46,84456,卖盘
10:31:32,18.36,0.0,90,165240,卖盘
10:31:35,18.36,0.0,91,167076,卖盘
10:31:38,18.36,0.0,127,233172,卖盘
10:31:41,18.36,0.0,108,198288,卖盘
10:31:44,18.36,0.0,49,89964,卖盘
10:31:47,18.36,0.0,41,75276,卖盘
10:31:50,18.36,0.0,22,40392,卖盘
10:31:53,18.36,0.0,130,238680,卖盘
10:31:56,18.36,0.0,95,174420,卖盘
10:31:59,18.36,0.0,18,33048,卖盘
10:32:02,18.36,0.0,226,414936,卖盘
10:32:05,18.36,0.0,45,82620,卖盘
10:32:08,18.36,0.0,95,173686,卖盘
10:32:11,18.36,0.0,258,473688,卖盘
10:32:14,18.36,0.0,933,1712547,卖盘
10:32:17,18.36,0.0,1960,3598560,卖盘
10:32:20,18.36,0.0,5223,9590254,卖盘
10:32:23,18.36,0.0,4918,9029448,卖盘
10:32:26,18.36,0.0,4943,9075348,卖盘
10:32:29,18.36,0.0,5633,10341821,卖盘
10:32:32,18.36,0.0,8536,15672096,卖盘
10:32:35,18.36,0.0,5393,9901548,卖盘
10:32:38,18.33,-0.03,6241,11456287,卖盘
10:32:41,18.31,-0.02,2201,4010079,卖盘
10:32:44,18.3,-0.01,499,908903,中性盘
10:32:47,18.23,-0.07,556,1013723,中性盘
10:32:50,18.1,-0.13,587,1065548,卖盘
10:32:53,18.1,0.0,819,1482163,卖盘
10:32:56,18.07,-0.03,1353,2447797,卖盘
10:32:59,18.06,-0.01,985,1780553,卖盘
10:33:02,18.05,-0.01,2558,4622331,卖盘
10:33:05,18.01,-0.04,1006,1813126,卖盘
10:33:08,18.02,0.01,1041,1874757,卖盘
10:33:11,18.02,0.0,1612,2905284,买盘
10:33:14,18.01,-0.01,1320,2379162,中性盘
10:33:17,18.02,0.01,1670,3007093,买盘
10:33:20,18.0,-0.02,1016,1828936,卖盘
10:33:23,18.0,0.0,855,1538924,买盘
10:33:26,17.99,-0.01,797,1433654,中性盘
10:33:29,17.98,-0.01,1124,2022025,中性盘
10:33:32,17.97,-0.01,647,1163188,卖盘
10:33:35,17.96,-0.01,592,1063514,卖盘
10:33:38,17.95,-0.01,1127,2023703,卖盘
10:33:41,17.95,0.0,985,1765856,买盘
10:33:44,17.93,-0.02,365,654721,中性盘
10:33:47,17.93,0.0,810,1451848,买盘
10:33:50,17.92,-0.01,791,1417401,卖盘
10:33:53,17.92,0.0,964,1727367,买盘
10:33:56,17.91,-0.01,747,1337836,卖盘
10:33:59,17.91,0.0,851,1523822,买盘
10:34:02,17.9,-0.01,987,1767326,卖盘
10:34:05,17.92,0.02,3861,6915165,买盘
10:34:08,17.95,0.03,2040,3657948,买盘
10:34:11,18.0,0.05,1825,3279018,买盘
10:34:14,18.1,0.1,2133,3843236,买盘
10:34:17,18.23,0.13,722,1311868,买盘
10:34:20,18.31,0.08,827,1513722,买盘
10:34:23,18.36,0.05,1069,1960291,买盘
10:34:26,18.36,0.0,7330,13457778,买盘
10:34:29,18.36,0.0,1081,1984657,买盘
10:34:32,18.36,0.0,662,1215432,卖盘
10:34:35,18.36,0.0,788,1446768,卖盘
10:34:38,18.36,0.0,2253,4136508,卖盘
10:34:41,18.36,0.0,861,1580796,卖盘
10:34:44,18.36,0.0,883,1621188,卖盘
10:34:47,18.36,0.0,1694,3110184,卖盘
10:34:50,18.36,0.0,1704,3128544,卖盘
10:34:53,18.36,0.0,2330,4277880,卖盘
10:34:56,18.36,0.0,3949,7250364,卖盘
10:34:59,18.36,0.0,3165,5810940,卖盘
10:35:02,18.33,-0.03,1280,2349481,卖盘
10:35:05,18.31,-0.02,490,898090,卖盘
10:35:08,18.3,-0.01,209,382570,卖盘
10:35:11,18.27,-0.03,408,746769,卖盘
10:35:14,18.26,-0.01,170,310665,中性盘
10:35:17,18.23,-0.03,441,803971,卖盘
10:35:20,18.23,0.0,181,329851,卖盘
10:35:23,18.23,0.0,550,1002326,买盘
10:35:26,18.2,-0.03,246,447895,卖盘
10:35:29,18.22,0.02,660,1201554,买盘
10:35:32,18.2,-0.02,348,633813,卖盘
10:35:35,18.19,-0.01,452,821736,中性盘
10:35:38,18.2,0.01,281,510978,买盘
10:35:41,18.17,-0.03,670,1217791,卖盘
10:35:44,18.18,0.01,694,1261115,买盘
10:35:47,18.18,0.0,658,1196255,买盘
10:35:50,18.17,-0.01,864,1569752,卖盘
10:35:53,18.17,0.0,616,1118856,买盘
10:35:56,18.15,-0.02,822,1492056,卖盘
10:35:59,18.14,-0.01,524,950771,卖盘
10:36:02,18.14,0.0,246,446080,买盘
10:36:05,18.1,-0.04,1021,1849663,卖盘
10:36:08,18.1,0.0,488,883693,买盘
10:36:11,18.08,-0.02,592,1070578,卖盘
10:36:14,18.07,-0.01,721,1303616,卖盘
10:36:17,18.04,-0.03,368,664321,卖盘
10:36:20,18.03,-0.01,291,524888,卖盘
10:36:23,18.03,0.0,403,726824,卖盘
10:36:26,18.02,-0.01,836,1506780,卖盘
10:36:29,18.02,0.0,813,1464983,买盘
10:36:32,18.02,0.0,888,1599755,买盘
10:36:35,18.02,0.0,1295,2332572,买盘
10:36:38,18.0,-0.02,1984,3572390,卖盘
10:36:41,17.99,-0.01,828,1490597,卖盘
10:36:44,17.98,-0.01,172,309440,卖盘
10:36:47,17.97,-0.01,606,1089058,卖盘
10:36:50,17.96,-0.01,372,668389,卖盘
10:36:53,17.96,0.0,368,661062,卖盘
10:36:56,17.95,-0.01,629,1129410,卖盘
10:36:59,17.96,0.01,437,784706,买盘
10:37:02,17.96,0.0,1035,1858246,买盘
10:37:05,17.96,0.0,1619,2905670,买盘
10:37:08,17.97,0.01,1149,2063425,买盘
10:37:11,17.99,0.02,1305,2344694,买盘
10:37:14,18.0,0.01,817,1469847,买盘
10:37:17,18.01,0.01,543,977722,买盘
10:37:20,18.04,0.03,446,804132,买盘
10:37:23,18.06,0.02,1736,3136742,买盘
10:37:26,18.15,0.09,176,318464,买盘
10:37:29,18.15,0.0,268,486239,买盘
10:37:32,18.16,0.01,488,885873,买盘
10:37:35,18.17,0.01,1073,1948704,买盘
10:37:38,18.16,-0.01,864,1569409,卖盘
10:37:41,18.17,0.01,1158,2103491,买盘
10:37:44,18.17,0.0,587,1066490,买盘
10:37:47,18.18,0.01,1075,1953811,买盘
10:37:50,18.19,0.01,648,1178383,买盘
10:37:53,18.2,0.01,1132,2059918,买盘
10:37:56,18.21,0.01,703,1279449,买盘
10:37:59,18.22,0.01,468,852428,买盘
10:38:02,18.23,0.01,308,561255,买盘
10:38:05,18.23,0.0,332,605200,买盘
10:38:08,18.24,0.01,432,786816,买盘
10:38:11,18.26,0.02,308,561809,买盘
10:38:14,18.26,0.0,338,617002,买盘
10:38:17,18.29,0.03,386,705369,买盘
10:38:20,18.29,0.0,176,321609,买盘
10:38:23,18.29,0.0,714,1305676,买盘
10:38:26,18.29,0.0,412,753533,买盘
10:38:29,18.29,0.0,496,907633,卖盘
10:38:32,18.26,-0.03,590,1078685,卖盘
10:38:35,18.29,0.03,222,405920,买盘
10:38:38,18.26,-0.03,731,1335194,卖盘
10:38:41,18.25,-0.01,1324,2417796,卖盘
10:38:44,18.25,0.0,486,887212,卖盘
10:38:47,18.25,0.0,440,802711,卖盘
10:38:50,18.23,-0.02,269,490616,卖盘
10:38:53,18.23,0.0,317,578183,卖盘
10:38:56,18.23,0.0,748,1363134,买盘
10:38:59,18.22,-0.01,420,765242,卖盘
10:39:02,18.19,-0.03,241,438703,卖盘
10:39:05,18.19,0.0,270,491071,卖盘
10:39:08,18.18,-0.01,76,138155,卖盘
10:39:11,18.17,-0.01,164,298107,卖盘
10:39:14,18.15,-0.02,303,550357,卖盘
10:39:17,18.13,-0.02,207,375843,卖盘
10:39:20,18.11,-0.02,49,88846,卖盘
10:39:23,18.06,-0.05,322,583589,卖盘
10:39:26,18.07,0.01,192,347274,中性盘
10:39:29,18.03,-0.04,210,379262,卖盘
10:39:32,18.06,0.03,873,1573709,买盘
10:39:35,18.06,0.0,480,865660,买盘
10:39:38,18.0,-0.06,679,1222436,卖盘
10:39:41,18.0,0.0,478,861319,买盘
10:39:44,18.0,0.0,353,636036,卖盘
10:39:47,18.0,0.0,893,1606888,卖盘
10:39:50,17.99,-0.01,410,738027,卖盘
10:39:53,18.0,0.01,156,280764,买盘
10:39:56,17.98,-0.02,681,1225127,卖盘
10:39:59,17.99,0.01,159,286001,买盘
10:40:02,17.99,0.0,658,1182842,买盘
10:40:05,17.99,0.0,216,388518,卖盘
10:40:08,17.98,-0.01,715,1286133,卖盘
10:40:11,17.99,0.01,327,588442,卖盘
10:40:14,18.0,0.01,431,776226,买盘
10:40:17,17.99,-0.01,582,1047322,卖盘
10:40:20,18.0,0.01,566,1018578,买盘
10:40:23,18.0,0.0,483,869284,买盘
10:40:26,18.02,0.02,376,676882,买盘
10:40:29,18.06,0.04,2317,4177033,买盘
10:40:32,18.09,0.03,129,233098,买盘
10:40:35,18.09,0.0,129,233327,买盘
10:40:38,18.1,0.01,282,510351,买盘
10:40:41,18.11,0.01,628,1136129,买盘
10:40:44,18.13,0.02,261,472806,买盘
10:40:47,18.14,0.01,333,603852,买盘
10:40:50,18.14,0.0,557,1009364,买盘
10:40:53,18.11,-0.03,618,1120322,卖盘
10:40:56,18.13,0.02,656,1187870,买盘
10:40:59,18.12,-0.01,217,392936,买盘
10:41:02,18.11,-0.01,128,231844,卖盘
10:41:05,18.12,0.01,419,758917,买盘
10:41:08,18.12,0.0,255,461916,买盘
10:41:11,18.1,-0.02,178,322391,卖盘
10:41:14,18.1,0.0,590,1069200,卖盘
10:41:17,18.1,0.0,219,396546,卖盘
10:41:20,18.1,0.0,138,249811,卖盘
10:41:23,18.1,0.0,379,685582,买盘
10:41:26,18.09,-0.01,110,199011,中性盘
10:41:29,18.07,-0.02,289,522423,卖盘
10:41:32,18.06,-0.01,406,734224,卖盘
10:41:35,18.07,0.01,400,722206,买盘
10:41:38,18.06,-0.01,444,801678,中性盘
10:41:41,18.06,0.0,505,911865,买盘
10:41:44,18.02,-0.04,167,301311,卖盘
10:41:47,18.05,0.03,32,57751,买盘
10:41:50,18.04,-0.01,128,230666,买盘
10:41:53,18.02,-0.02,314,565685,中性盘
10:41:56,18.02,0.0,197,354726,买盘
10:41:59,18.0,-0.02,197,354845,卖盘
10:42:02,18.0,0.0,584,1051858,卖盘
10:42:05,18.02,0.02,231,415950,买盘
10:42:08,18.0,-0.02,544,979275,卖盘
10:42:11,18.02,0.02,272,489770,买盘
10:42:14,18.02,0.0,90,162099,买盘
10:42:17,18.01,-0.01,151,271921,中性盘
10:42:20,18.01,0.0,245,441288,买盘
10:42:23,18.05,0.04,723,1304237,买盘
10:42:26,18.06,0.01,305,550700,买盘
10:42:29,18.07,0.01,193,349358,买盘
10:42:32,18.07,0.0,276,498534,买盘
10:42:35,18.08,0.01,142,256644,买盘
10:42:38,18.1,0.02,275,497464,买盘
10:42:41,18.09,-0.01,94,170090,卖盘
10:42:44,18.1,0.01,308,557246,买盘
10:42:47,18.1,0.0,441,797711,买盘
10:42:50,18.1,0.0,333,602516,买盘
10:42:53,18.1,0.0,220,398142,买盘
10:42:56,18.1,0.0,263,475959,买盘
10:42:59,18.1,0.0,733,1327090,卖盘
10:43:02,18.1,0.0,266,481604,卖盘
10:43:05,18.11,0.01,242,437991,买盘
10:43:08,18.09,-0.02,93,168265,卖盘
10:43:11,18.1,0.01,148,267758,买盘
10:43:14,18.1,0.0,268,485063,买盘
10:43:17,18.08,-0.02,260,470372,卖盘
10:43:20,18.09,0.01,36,65115,买盘
10:43:23,18.08,-0.01,150,271290,卖盘
10:43:26,18.08,0.0,92,166371,卖盘
10:43:29,18.08,0.0,219,395979,卖盘
10:43:32,18.09,0.01,146,264027,买盘
10:43:35,18.08,-0.01,138,249532,卖盘
10:43:38,18.08,0.0,589,1064264,买盘
10:43:41,18.08,0.0,168,303785,买盘
10:43:44,18.07,-0.01,177,320034,卖盘
10:43:47,18.08,0.01,133,240435,买盘
10:43:50,18.08,0.0,44,79531,买盘
10:43:53,18.1,0.02,894,1615836,买盘
10:43:56,18.09,-0.01,807,1460125,卖盘
10:43:59,18.1,0.01,28,50658,买盘
10:44:02,18.09,-0.01,37,66956,卖盘
10:44:05,18.1,0.01,309,559054,买盘
10:44:08,18.1,0.0,192,347484,买盘
10:44:11,18.1,0.0,160,289508,买盘
10:44:14,18.09,-0.01,185,334790,卖盘
10:44:17,18.09,0.0,126,228000,卖盘
10:44:20,18.1,0.01,119,215284,买盘
10:44:23,18.09,-0.01,330,597106,卖盘
10:44:26,18.09,0.0,142,256898,买盘
10:44:29,18.09,0.0,358,647366,卖盘
10:44:32,18.09,0.0,98,177223,买盘
10:44:35,18.1,0.01,284,513801,买盘
10:44:38,18.09,-0.01,69,124831,卖盘
10:44:41,18.09,0.0,129,233384,卖盘
10:44:44,18.09,0.0,151,273173,卖盘
10:44:47,18.1,0.01,164,296706,买盘
10:44:50,18.09,-0.01,131,237007,卖盘
10:44:53,18.1,0.01,237,428877,买盘
10:44:56,18.09,-0.01,172,311123,卖盘
10:44:59,18.1,0.01,298,539069,买盘
10:45:02,18.09,-0.01,150,271382,卖盘
10:45:05,18.09,0.0,109,197147,买盘
10:45:08,18.09,0.0,123,222499,买盘
10:45:11,18.08,-0.01,429,775740,卖盘
10:45:14,18.08,0.0,296,535289,卖盘
10:45:17,18.08,0.0,127,229656,卖盘
10:45:20,18.08,0.0,252,455671,卖盘
10:45:23,18.07,-0.01,101,182592,卖盘
10:45:26,18.06,-0.01,159,287404,卖盘
10:45:29,18.06,0.0,117,211368,卖盘
10:45:32,18.05,-0.01,75,135394,卖盘
10:45:35,18.05,0.0,169,305073,卖盘
10:45:38,18.06,0.01,213,384499,买盘
10:45:41,18.05,-0.01,102,184062,中性盘
10:45:44,18.03,-0.02,110,198488,卖盘
10:45:47,18.02,-0.01,99,178410,卖盘
10:45:50,18.02,0.0,39,70276,买盘
10:45:53,18.01,-0.01,242,435847,卖盘
10:45:56,18.02,0.01,209,376529,买盘
10:45:59,18.01,-0.01,572,1030278,卖盘
10:46:02,18.02,0.01,313,563766,买盘
10:46:05,18.01,-0.01,166,299058,卖盘
10:46:08,18.01,0.0,198,356592,买盘
10:46:11,18.01,0.0,298,536661,买盘
10:46:14,18.01,0.0,340,612140,卖盘
10:46:17,18.01,0.0,330,594312,卖盘
10:46:20,18.01,0.0,370,666184,买盘
10:46:23,18.01,0.0,102,183682,买盘
10:46:26,18.0,-0.01,159,286299,卖盘
10:46:29,18.01,0.01,186,335029,中性盘
10:46:32,18.01,0.0,163,293599,卖盘
10:46:35,18.02,0.01,110,198150,买盘
10:46:38,18.0,-0.02,258,464613,卖盘
10:46:41,18.0,0.0,112,201652,卖盘
10:46:44,18.01,0.01,49,88239,买盘
10:46:47,18.01,0.0,302,543623,买盘
10:46:50,18.01,0.0,233,419467,买盘
10:46:53,18.01,0.0,264,475332,买盘
10:46:56,18.0,-0.01,129,232281,卖盘
10:46:59,18.01,0.01,287,516825,买盘
10:47:02,18.0,-0.01,317,570650,卖盘
10:47:05,18.0,0.0,162,291629,卖盘
10:47:08,18.01,0.01,495,890495,买盘
10:47:11,18.0,-0.01,86,154835,卖盘
10:47:14,18.0,0.0,261,470349,卖盘
10:47:17,18.0,0.0,121,217785,买盘
10:47:20,18.0,0.0,313,563362,买盘
10:47:23,18.0,0.0,85,152980,买盘
10:47:26,17.99,-0.01,200,359945,卖盘
10:47:29,18.0,0.01,207,372440,买盘
10:47:32,18.0,0.0,235,422825,买盘
10:47:35,17.99,-0.01,363,652345,卖盘
10:47:38,17.99,0.0,72,129521,买盘
10:47:41,17.99,0.0,211,380247,买盘
10:47:44,17.98,-0.01,259,465892,卖盘
10:47:47,17.99,0.01,98,176280,中性盘
10:47:50,17.99,0.0,180,323798,卖盘
10:47:53,17.99,0.0,69,124089,买盘
10:47:56,17.99,0.0,199,357852,买盘
10:47:59,17.99,0.0,142,255375,买盘
10:48:02,17.99,0.0,192,345299,买盘
10:48:05,17.98,-0.01,216,388420,卖盘
10:48:08,17.98,0.0,153,275138,卖盘
10:48:11,17.98,0.0,122,219391,卖盘
10:48:14,17.98,0.0,148,266134,卖盘
10:48:17,17.98,0.0,157,281701,卖盘
10:48:20,17.98,0.0,55,98864,买盘
10:48:23,17.97,-0.01,190,341575,卖盘
10:48:26,17.97,0.0,327,587742,卖盘
10:48:29,17.97,0.0,249,447447,卖盘
10:48:32,17.97,0.0,201,361190,卖盘
10:48:35,17.97,0.0,253,454534,买盘
10:48:38,17.97,0.0,316,567789,买盘
10:48:41,17.96,-0.01,304,546035,卖盘
10:48:44,17.96,0.0,117,210150,卖盘
10:48:47,17.96,0.0,255,457980,卖盘
10:48:50,17.95,-0.01,633,1136503,卖盘
10:48:53,17.95,0.0,158,283720,卖盘
10:48:56,17.9,-0.05,615,1102508,卖盘
10:48:59,17.91,0.01,159,284626,买盘
10:49:02,17.9,-0.01,150,268500,卖盘
10:49:05,17.9,0.0,476,852086,卖盘
10:49:08,17.91,0.01,1374,2459828,买盘
10:49:11,17.91,0.0,213,381507,卖盘
10:49:14,17.91,0.0,104,186297,卖盘
10:49:17,17.91,0.0,206,368923,卖盘
10:49:20,17.9,-0.01,138,247078,卖盘
10:49:23,17.91,0.01,133,238126,买盘
10:49:26,17.91,0.0,142,254246,买盘
10:49:29,17.9,-0.01,178,318570,卖盘
10:49:32,17.9,0.0,107,191444,买盘
10:49:35,17.9,0.0,46,82325,买盘
10:49:38,17.88,-0.02,92,164570,卖盘
10:49:41,17.88,0.0,206,368357,卖盘
10:49:44,17.87,-0.01,173,309079,卖盘
10:49:47,17.85,-0.02,285,508798,卖盘
10:49:50,17.81,-0.04,70,124857,卖盘
10:49:53,17.81,0.0,129,229796,卖盘
10:49:56,17.81,0.0,393,699930,卖盘
10:49:59,17.8,-0.01,406,722799,卖盘
10:50:02,17.8,0.0,927,1650152,卖盘
10:50:05,17.8,0.0,496,882864,卖盘
10:50:08,17.79,-0.01,187,332809,卖盘
10:50:11,17.76,-0.03,320,568479,卖盘
10:50:14,17.76,0.0,203,360791,卖盘
10:50:17,17.75,-0.01,195,346268,卖盘
10:50:20,17.73,-0.02,177,314174,卖盘
10:50:23,17.72,-0.01,132,234164,卖盘
10:50:26,17.72,0.0,115,203687,卖盘
10:50:29,17.71,-0.01,212,375453,卖盘
10:50:32,17.7,-0.01,202,357642,卖盘
10:50:35,17.7,0.0,297,525544,卖盘
10:50:38,17.68,-0.02,459,811517,卖盘
10:50:41,17.68,0.0,259,457673,买盘
10:50:44,17.67,-0.01,163,288021,卖盘
10:50:47,17.66,-0.01,245,432884,中性盘
10:50:50,17.65,-0.01,113,199464,卖盘
10:50:53,17.64,-0.01,145,255872,卖盘
10:50:56,17.64,0.0,285,502798,卖盘
10:50:59,17.64,0.0,302,532633,买盘
10:51:02,17.64,0.0,786,1385861,买盘
10:51:05,17.64,0.0,1165,2054813,买盘
10:51:08,17.65,0.01,856,1510173,买盘
10:51:11,17.66,0.01,846,1492927,买盘
10:51:14,17.66,0.0,779,1375129,买盘
10:51:17,17.67,0.01,597,1054292,买盘
10:51:20,17.66,-0.01,1371,2420227,卖盘
10:51:23,17.67,0.01,511,902993,买盘
10:51:26,17.68,0.01,550,972120,买盘
10:51:29,17.69,0.01,658,1163389,买盘
10:51:32,17.69,0.0,168,297212,买盘
10:51:35,17.7,0.01,660,1168126,买盘
10:51:38,17.71,0.01,191,338199,买盘
10:51:41,17.76,0.05,393,696807,买盘
10:51:44,17.76,0.0,222,394251,买盘
10:51:47,17.79,0.03,317,563303,买盘
10:51:50,17.8,0.01,98,174430,买盘
10:51:53,17.81,0.01,425,756600,买盘
10:51:56,17.86,0.05,497,885411,买盘
10:51:59,17.88,0.02,101,180470,买盘
10:52:02,17.88,0.0,237,423592,买盘
10:52:05,17.9,0.02,320,572360,买盘
10:52:08,17.91,0.01,43,76956,买盘
10:52:11,17.91,0.0,285,510396,买盘
10:52:14,17.95,0.04,84,150587,买盘
10:52:17,17.95,0.0,269,482718,买盘
10:52:20,17.96,0.01,206,369820,买盘
10:52:23,17.98,0.02,203,364616,买盘
10:52:26,17.97,-0.01,229,411615,卖盘
10:52:29,17.99,0.02,816,1467209,买盘
10:52:32,17.99,0.0,244,438882,买盘
10:52:35,17.99,0.0,379,681996,买盘
10:52:38,18.0,0.01,113,203369,买盘
10:52:41,17.99,-0.01,259,466175,卖盘
10:52:44,18.0,0.01,506,910647,买盘
10:52:47,18.0,0.0,391,703734,买盘
10:52:50,18.0,0.0,806,1450757,买盘
10:52:53,18.0,0.0,252,453587,买盘
10:52:56,17.99,-0.01,610,1097334,卖盘
10:52:59,18.0,0.01,120,216051,卖盘
10:53:02,18.01,0.01,152,273772,买盘
10:53:05,18.01,0.0,154,277371,卖盘
10:53:08,18.02,0.01,198,356710,买盘
10:53:11,18.02,0.0,141,254092,卖盘
10:53:14,18.03,0.01,93,167646,买盘
10:53:17,18.03,0.0,70,126182,买盘
10:53:20,18.03,0.0,263,474125,买盘
10:53:23,18.04,0.01,252,454373,买盘
10:53:26,18.03,-0.01,48,86533,中性盘
10:53:29,18.04,0.01,155,279569,买盘
10:53:32,18.04,0.0,103,185851,卖盘
10:53:35,18.04,0.0,85,153373,卖盘
10:53:38,18.05,0.01,196,353744,买盘
10:53:41,18.04,-0.01,105,189501,卖盘
10:53:44,18.04,0.0,100,180488,卖盘
10:53:47,18.05,0.01,318,574000,买盘
10:53:50,18.05,0.0,112,202162,卖盘
10:53:53,18.05,0.0,150,270787,卖盘
10:53:56,18.06,0.01,61,110145,买盘
10:53:59,18.06,0.0,175,316039,买盘
10:54:02,18.06,0.0,100,180581,买盘
10:54:05,18.06,0.0,122,220418,买盘
10:54:08,18.06,0.0,21,37933,卖盘
10:54:11,18.06,0.0,355,641119,卖盘
10:54:14,18.05,-0.01,157,283448,卖盘
10:54:17,18.06,0.01,128,231141,买盘
10:54:20,18.06,0.0,339,611939,买盘
10:54:23,18.05,-0.01,182,328621,卖盘
10:54:26,18.05,0.0,111,200442,卖盘
10:54:29,18.06,0.01,218,393554,买盘
10:54:32,18.05,-0.01,195,352028,卖盘
10:54:35,18.04,-0.01,301,543413,卖盘
10:54:38,18.06,0.02,499,901015,买盘
10:54:41,18.05,-0.01,177,319557,卖盘
10:54:44,18.04,-0.01,151,272425,卖盘
10:54:47,18.04,0.0,11,19843,买盘
10:54:50,18.04,0.0,86,155134,买盘
10:54:53,18.05,0.01,282,508922,买盘
10:54:56,18.05,0.0,330,595530,卖盘
10:54:59,18.04,-0.01,168,303091,卖盘
10:55:02,18.05,0.01,135,243582,买盘
10:55:05,18.05,0.0,487,878772,买盘
10:55:08,18.05,0.0,330,595670,卖盘
10:55:11,18.05,0.0,122,220209,卖盘
10:55:14,18.04,-0.01,141,254468,卖盘
10:55:17,18.04,0.0,320,577577,买盘
10:55:20,18.04,0.0,83,149689,买盘
10:55:23,18.04,0.0,17,30659,买盘
10:55:26,18.03,-0.01,270,486921,卖盘
10:55:29,18.0,-0.03,234,421639,卖盘
10:55:32,18.03,0.03,391,704723,买盘
10:55:35,18.03,0.0,196,353392,卖盘
10:55:38,18.0,-0.03,139,250386,卖盘
10:55:41,18.0,0.0,152,273877,卖盘
10:55:44,18.01,0.01,36,64830,中性盘
10:55:47,18.0,-0.01,279,502252,卖盘
10:55:50,18.01,0.01,82,147612,买盘
10:55:53,18.01,0.0,76,136841,买盘
10:55:56,18.02,0.01,248,446650,买盘
10:55:59,18.02,0.0,250,450463,买盘
10:56:02,18.02,0.0,145,261293,卖盘
10:56:05,18.02,0.0,56,100914,卖盘
10:56:08,18.03,0.01,134,241569,买盘
10:56:11,18.03,0.0,131,236112,买盘
10:56:14,18.02,-0.01,48,86490,卖盘
10:56:17,18.02,0.0,86,154972,买盘
10:56:20,18.01,-0.01,20,36039,卖盘
10:56:23,18.01,0.0,6,10806,买盘
10:56:26,18.0,-0.01,81,145807,卖盘
10:56:29,18.0,0.0,181,325936,卖盘
10:56:32,18.0,0.0,107,192614,卖盘
10:56:35,18.0,0.0,38,68401,卖盘
10:56:38,18.01,0.01,358,644546,买盘
10:56:41,18.0,-0.01,184,331372,卖盘
10:56:44,18.0,0.0,85,153035,卖盘
10:56:47,18.0,0.0,106,190870,卖盘
10:56:50,18.0,0.0,767,1380626,卖盘
10:56:53,18.0,0.0,117,210624,卖盘
10:56:56,18.0,0.0,35,63012,买盘
10:56:59,17.99,-0.01,34,61187,卖盘
10:57:02,17.99,0.0,50,89981,卖盘
10:57:05,17.99,0.0,41,73772,卖盘
10:57:08,17.99,0.0,81,145730,卖盘
10:57:11,17.99,0.0,75,134925,卖盘
10:57:14,17.99,0.0,77,139082,卖盘
10:57:17,17.99,0.0,18,32382,买盘
10:57:20,17.98,-0.01,4,7192,卖盘
10:57:23,17.98,0.0,92,165468,卖盘
10:57:26,17.98,0.0,99,178027,买盘
10:57:29,17.98,0.0,30,53940,买盘
10:57:32,17.97,-0.01,241,433095,卖盘
10:57:35,17.97,0.0,235,422471,卖盘
10:57:38,17.98,0.01,164,294743,买盘
10:57:41,17.98,0.0,119,213921,买盘
10:57:44,17.98,0.0,97,174319,买盘
10:57:47,17.98,0.0,145,260581,买盘
10:57:50,17.95,-0.03,102,183273,卖盘
10:57:53,17.95,0.0,63,113088,卖盘
10:57:56,17.95,0.0,22,39494,买盘
10:57:59,17.92,-0.03,32,57386,卖盘
10:58:02,17.92,0.0,68,121969,买盘
10:58:05,17.92,0.0,18,32250,买盘
10:58:08,17.89,-0.03,206,368711,卖盘
10:58:11,17.9,0.01,96,171746,买盘
10:58:14,17.9,0.0,24,42949,买盘
10:58:17,17.88,-0.02,278,496911,卖盘
10:58:20,17.89,0.01,10,17884,买盘
10:58:23,17.9,0.01,29,51883,买盘
10:58:26,17.85,-0.05,79,141213,卖盘
10:58:29,17.89,0.04,26,46462,买盘
10:58:32,17.86,-0.03,95,169594,卖盘
10:58:35,17.82,-0.04,120,214252,卖盘
10:58:38,17.82,0.0,52,92689,卖盘
10:58:41,17.81,-0.01,84,149629,卖盘
10:58:44,17.8,-0.01,39,69454,卖盘
10:58:47,17.82,0.02,87,154892,买盘
10:58:50,17.82,0.0,189,336516,买盘
10:58:53,17.81,-0.01,116,206627,卖盘
10:58:56,17.8,-0.01,70,124650,卖盘
10:58:59,17.8,0.0,128,227866,卖盘
10:59:02,17.8,0.0,344,612356,卖盘
10:59:05,17.8,0.0,72,128154,买盘
10:59:08,17.8,0.0,118,210067,卖盘
10:59:11,17.8,0.0,291,518107,卖盘
10:59:14,17.8,0.0,142,252962,买盘
10:59:17,17.82,0.02,54,96182,买盘
10:59:20,17.82,0.0,53,94446,卖盘
10:59:23,17.82,0.0,67,119444,卖盘
10:59:26,17.83,0.01,50,89211,买盘
10:59:29,17.85,0.02,152,271000,买盘
10:59:32,17.86,0.01,151,269653,买盘
10:59:35,17.88,0.02,93,166110,买盘
10:59:38,17.89,0.01,18,32196,买盘
10:59:41,17.9,0.01,155,277301,买盘
10:59:44,17.91,0.01,40,71606,买盘
10:59:47,17.91,0.0,221,395429,买盘
10:59:50,17.9,-0.01,91,162990,卖盘
10:59:53,17.91,0.01,33,59116,卖盘
10:59:56,17.91,0.0,33,59110,卖盘
10:59:59,17.92,0.01,21,37642,卖盘
11:00:02,17.94,0.02,133,238500,买盘
11:00:05,17.94,0.0,3,5383,卖盘
11:00:08,17.95,0.01,109,195652,买盘
11:00:11,17.97,0.02,124,222631,买盘
11:00:14,17.96,-0.01,58,104179,买盘
11:00:17,17.96,0.0,58,104211,买盘
11:00:20,17.97,0.01,49,88020,卖盘
11:00:23,17.98,0.01,15,26966,买盘
11:00:26,17.98,0.0,257,462033,买盘
11:00:29,17.98,0.0,65,116876,卖盘
11:00:32,17.98,0.0,87,156492,卖盘
11:00:35,18.0,0.02,210,377230,买盘
11:00:38,18.0,0.0,175,314694,买盘
11:00:41,18.0,0.0,143,257306,买盘
11:00:44,18.0,0.0,274,493184,买盘
11:00:47,18.0,0.0,275,494992,买盘
11:00:50,18.0,0.0,50,90013,卖盘
11:00:53,18.01,0.01,104,187279,买盘
11:00:56,18.01,0.0,61,109862,买盘
11:00:59,18.02,0.01,379,682459,买盘
11:01:02,18.02,0.0,30,54045,买盘
11:01:05,18.02,0.0,229,412640,买盘
11:01:08,18.02,0.0,72,129754,卖盘
11:01:11,18.02,0.0,59,106329,卖盘
11:01:14,18.03,0.01,432,778535,买盘
11:01:17,18.03,0.0,66,118968,买盘
11:01:20,18.03,0.0,96,173085,买盘
11:01:23,18.04,0.01,88,158645,买盘
11:01:26,18.04,0.0,114,205548,买盘
11:01:29,18.03,-0.01,183,330030,卖盘
11:01:32,18.04,0.01,49,88345,买盘
11:01:35,18.05,0.01,140,252460,买盘
11:01:38,18.05,0.0,173,312202,买盘
11:01:41,18.03,-0.02,311,560793,卖盘
11:01:44,18.03,0.0,55,99165,买盘
11:01:47,18.02,-0.01,201,362289,卖盘
11:01:50,18.03,0.01,150,270363,中性盘
11:01:53,18.02,-0.01,58,104560,卖盘
11:01:56,18.03,0.01,197,355397,中性盘
11:01:59,18.03,0.0,86,155105,卖盘
11:02:02,18.03,0.0,223,402153,卖盘
11:02:05,18.03,0.0,104,187484,中性盘
11:02:08,18.05,0.02,381,687337,买盘
11:02:11,18.06,0.01,197,355613,买盘
11:02:14,18.05,-0.01,768,1386958,卖盘
11:02:17,18.06,0.01,139,250948,买盘
11:02:20,18.06,0.0,294,530091,买盘
11:02:23,18.04,-0.02,54,97481,卖盘
11:02:26,18.05,0.01,217,391268,买盘
11:02:29,18.02,-0.03,214,385783,卖盘
11:02:32,18.01,-0.01,151,272089,卖盘
11:02:35,18.0,-0.01,115,207040,卖盘
11:02:38,18.01,0.01,105,189047,买盘
11:02:41,18.02,0.01,45,81051,买盘
11:02:44,18.04,0.02,96,172915,买盘
11:02:47,18.0,-0.04,63,113506,卖盘
11:02:50,18.05,0.05,151,271988,买盘
11:02:53,18.04,-0.01,79,142517,卖盘
11:02:56,18.02,-0.02,92,165975,卖盘
11:02:59,18.04,0.02,14,25256,买盘
11:03:02,18.04,0.0,53,95578,买盘
11:03:05,18.03,-0.01,73,131664,卖盘
11:03:08,18.03,0.0,133,239687,买盘
11:03:11,18.03,0.0,18,32444,买盘
11:03:14,18.03,0.0,94,169377,卖盘
11:03:17,18.02,-0.01,40,72100,卖盘
11:03:20,18.03,0.01,38,68485,买盘
11:03:23,18.03,0.0,34,61280,买盘
11:03:26,18.02,-0.01,27,48645,中性盘
11:03:29,18.02,0.0,89,160389,买盘
11:03:32,18.01,-0.01,88,158446,卖盘
11:03:35,18.0,-0.01,150,270022,卖盘
11:03:38,18.0,0.0,79,142215,卖盘
11:03:41,18.0,0.0,76,136806,卖盘
11:03:44,18.01,0.01,114,205225,买盘
11:03:47,18.0,-0.01,213,383437,卖盘
11:03:50,18.0,0.0,115,206987,买盘
11:03:53,18.0,0.0,96,172664,买盘
11:03:56,18.0,0.0,147,264579,买盘
11:03:59,17.99,-0.01,88,158390,卖盘
11:04:02,18.01,0.02,47,84586,买盘
11:04:05,17.99,-0.02,143,257227,中性盘
11:04:08,17.99,0.0,74,133118,买盘
11:04:11,17.98,-0.01,83,149767,卖盘
11:04:14,17.98,0.0,153,275037,买盘
11:04:17,17.97,-0.01,159,285736,卖盘
11:04:20,17.96,-0.01,11,19764,卖盘
11:04:23,17.93,-0.03,104,186651,卖盘
11:04:26,17.93,0.0,45,80662,买盘
11:04:29,17.91,-0.02,14,25082,卖盘
11:04:32,17.92,0.01,12,21514,中性盘
11:04:35,17.92,0.0,105,188223,买盘
11:04:38,17.91,-0.01,9,16119,卖盘
11:04:41,17.91,0.0,109,195282,卖盘
11:04:44,17.91,0.0,90,161190,买盘
11:04:47,17.91,0.0,27,48348,买盘
11:04:50,17.91,0.0,15,26862,买盘
11:04:53,17.91,0.0,107,191592,买盘
11:04:56,17.89,-0.02,71,127087,卖盘
11:04:59,17.89,0.0,35,62626,买盘
11:05:02,17.88,-0.01,14,25034,卖盘
11:05:05,17.88,0.0,95,169873,卖盘
11:05:08,17.88,0.0,251,448668,买盘
11:05:11,17.88,0.0,143,255681,买盘
11:05:14,17.88,0.0,36,64357,买盘
11:05:17,17.88,0.0,150,268160,买盘
11:05:20,17.88,0.0,176,314540,买盘
11:05:23,17.89,0.01,30,53641,买盘
11:05:26,17.89,0.0,12,21473,中性盘
11:05:29,17.89,0.0,245,438256,卖盘
11:05:32,17.89,0.0,40,71564,卖盘
11:05:35,17.89,0.0,126,225405,买盘
11:05:38,17.9,0.01,70,125256,买盘
11:05:41,17.9,0.0,91,162754,买盘
11:05:44,17.9,0.0,44,78774,买盘
11:05:47,17.9,0.0,59,105600,卖盘
11:05:50,17.91,0.01,130,232684,买盘
11:05:53,17.9,-0.01,12,21489,卖盘
11:05:56,17.91,0.01,116,207656,买盘
11:05:59,17.91,0.0,47,84177,买盘
11:06:02,17.93,0.02,43,77068,买盘
11:06:05,17.96,0.03,118,211592,买盘
11:06:08,17.93,-0.03,23,41253,中性盘
11:06:11,17.95,0.02,51,91509,买盘
11:06:14,17.94,-0.01,3,5382,中性盘
11:06:17,17.95,0.01,69,123845,买盘
11:06:20,17.95,0.0,9,16155,中性盘
11:06:23,17.95,0.0,80,143631,卖盘
11:06:26,17.97,0.02,43,77261,买盘
11:06:29,17.97,0.0,49,88056,买盘
11:06:32,17.98,0.01,9,16174,买盘
11:06:35,17.97,-0.01,181,325342,卖盘
11:06:38,17.99,0.02,58,103776,买盘
11:06:41,18.0,0.01,86,154748,买盘
11:06:44,18.0,0.0,111,199784,买盘
11:06:47,18.0,0.0,171,307774,买盘
11:06:50,18.0,0.0,254,456984,买盘
11:06:53,18.01,0.01,117,210684,买盘
11:06:56,18.01,0.0,221,397984,买盘
11:06:59,18.01,0.0,114,205316,买盘
11:07:02,18.01,0.0,118,212647,卖盘
11:07:05,18.02,0.01,53,95520,买盘
11:07:08,18.01,-0.01,59,106283,卖盘
11:07:11,18.02,0.01,61,109923,买盘
11:07:14,18.0,-0.02,278,500816,卖盘
11:07:17,18.0,0.0,185,333184,卖盘
11:07:20,18.01,0.01,247,444691,买盘
11:07:23,18.0,-0.01,147,264928,中性盘
11:07:26,18.01,0.01,65,117100,卖盘
11:07:29,18.0,-0.01,42,75664,卖盘
11:07:32,17.99,-0.01,184,331198,卖盘
11:07:35,17.99,0.0,83,149379,买盘
11:07:38,18.0,0.01,192,345593,买盘
11:07:41,18.0,0.0,72,129598,买盘
11:07:44,17.99,-0.01,89,160157,卖盘
11:07:47,17.99,0.0,96,172784,卖盘
11:07:50,18.0,0.01,57,102575,买盘
11:07:53,17.98,-0.02,129,232111,卖盘
11:07:56,18.0,0.02,93,167411,买盘
11:07:59,18.0,0.0,170,306028,卖盘
11:08:02,18.01,0.01,64,115299,买盘
11:08:05,18.01,0.0,151,271968,卖盘
11:08:08,18.02,0.01,260,468110,买盘
11:08:11,18.0,-0.02,207,372895,卖盘
11:08:14,18.01,0.01,90,162220,中性盘
11:08:17,18.01,0.0,47,84665,买盘
11:08:20,18.0,-0.01,54,97226,卖盘
11:08:23,18.01,0.01,97,174663,买盘
11:08:26,18.02,0.01,56,100878,买盘
11:08:29,18.0,-0.02,44,79249,卖盘
11:08:32,18.01,0.01,50,90056,卖盘
11:08:35,18.01,0.0,83,149451,买盘
11:08:38,18.0,-0.01,53,95440,卖盘
11:08:41,18.0,0.0,197,354779,卖盘
11:08:44,18.0,0.0,74,133306,卖盘
11:08:47,18.01,0.01,48,86448,买盘
11:08:50,18.01,0.0,79,142244,买盘
11:08:53,18.01,0.0,38,68438,买盘
11:08:56,18.01,0.0,64,115262,买盘
11:08:59,18.01,0.0,71,127870,买盘
11:09:02,18.02,0.01,152,273669,买盘
11:09:05,18.02,0.0,76,136951,买盘
11:09:08,18.05,0.03,1577,2844021,买盘
11:09:11,18.07,0.02,540,975364,买盘
11:09:14,18.07,0.0,9349,17002718,买盘
11:09:17,18.29,0.22,248,452481,买盘
11:09:20,18.32,0.03,1023,1871081,买盘
11:09:23,18.35,0.03,1593,2921934,买盘
11:09:26,18.35,0.0,2128,3904880,买盘
11:09:29,18.36,0.01,1851,3397369,买盘
11:09:32,18.36,0.0,5424,9958334,买盘
11:09:35,18.36,0.0,1944,3569159,买盘
11:09:38,18.36,0.0,1155,2120125,买盘
11:09:41,18.36,0.0,1105,2028616,买盘
11:09:44,18.36,0.0,854,1567878,买盘
11:09:47,18.35,-0.01,841,1543728,卖盘
11:09:50,18.34,-0.01,346,634911,中性盘
11:09:53,18.34,0.0,550,1008997,买盘
11:09:56,18.35,0.01,104,190770,买盘
11:09:59,18.33,-0.02,354,649456,卖盘
11:10:02,18.35,0.02,206,377884,买盘
11:10:05,18.35,0.0,732,1341793,买盘
11:10:08,18.33,-0.02,452,829015,卖盘
11:10:11,18.34,0.01,220,403214,买盘
11:10:14,18.34,0.0,188,344622,买盘
11:10:17,18.33,-0.01,994,1823005,卖盘
11:10:20,18.34,0.01,197,361289,买盘
11:10:23,18.34,0.0,272,498905,卖盘
11:10:26,18.34,0.0,341,625404,卖盘
11:10:29,18.34,0.0,702,1287834,卖盘
11:10:32,18.33,-0.01,616,1129702,卖盘
11:10:35,18.31,-0.02,500,916874,卖盘
11:10:38,18.33,0.02,99,181286,买盘
11:10:41,18.31,-0.02,98,179450,卖盘
11:10:44,18.33,0.02,148,271104,买盘
11:10:47,18.33,0.0,95,174004,买盘
11:10:50,18.3,-0.03,155,283863,卖盘
11:10:53,18.3,0.0,84,153762,卖盘
11:10:56,18.3,0.0,321,587671,卖盘
11:10:59,18.31,0.01,185,338617,买盘
11:11:02,18.3,-0.01,510,933594,卖盘
11:11:05,18.3,0.0,521,953912,买盘
11:11:08,18.3,0.0,163,298415,买盘
11:11:11,18.27,-0.03,127,232317,卖盘
11:11:14,18.27,0.0,278,507670,买盘
11:11:17,18.27,0.0,38,69426,买盘
11:11:20,18.26,-0.01,91,166267,卖盘
11:11:23,18.26,0.0,73,133338,卖盘
11:11:26,18.25,-0.01,224,409120,卖盘
11:11:29,18.26,0.01,99,180613,买盘
11:11:32,18.2,-0.06,38,69201,卖盘
11:11:35,18.2,0.0,32,58218,买盘
11:11:38,18.18,-0.02,110,200168,卖盘
11:11:41,18.18,0.0,360,654601,卖盘
11:11:44,18.18,0.0,124,225434,买盘
11:11:47,18.18,0.0,28,50898,买盘
11:11:50,18.19,0.01,16,29093,买盘
11:11:53,18.12,-0.07,207,376090,卖盘
11:11:56,18.18,0.06,200,363633,卖盘
11:11:59,18.12,-0.06,59,107250,卖盘
11:12:02,18.12,0.0,24,43610,卖盘
11:12:05,18.18,0.06,36,65388,买盘
11:12:08,18.18,0.0,301,547390,买盘
11:12:11,18.17,-0.01,402,730505,卖盘
11:12:14,18.25,0.08,104,189367,买盘
11:12:17,18.25,0.0,46,83892,买盘
11:12:20,18.27,0.02,321,585890,买盘
11:12:23,18.28,0.01,32,58460,买盘
11:12:26,18.3,0.02,107,195752,买盘
11:12:29,18.31,0.01,241,441050,买盘
11:12:32,18.32,0.01,169,309623,买盘
11:12:35,18.33,0.01,180,329903,买盘
11:12:38,18.33,0.0,174,318930,买盘
11:12:41,18.32,-0.01,219,401401,卖盘
11:12:44,18.32,0.0,112,205163,买盘
11:12:47,18.31,-0.01,148,271025,卖盘
11:12:50,18.31,0.0,132,241576,买盘
11:12:53,18.31,0.0,183,335052,买盘
11:12:56,18.31,0.0,118,216025,买盘
11:12:59,18.3,-0.01,215,393528,卖盘
11:13:02,18.27,-0.03,281,512995,卖盘
11:13:05,18.27,0.0,95,173615,买盘
11:13:08,18.31,0.04,132,241560,买盘
11:13:11,18.27,-0.04,45,82344,卖盘
11:13:14,18.27,0.0,62,113380,卖盘
11:13:17,18.25,-0.02,83,151774,卖盘
11:13:20,18.27,0.02,122,222829,买盘
11:13:23,18.25,-0.02,39,71214,卖盘
11:13:26,18.25,0.0,85,155227,卖盘
11:13:29,18.28,0.03,59,107741,买盘
11:13:32,18.25,-0.03,65,118692,卖盘
11:13:35,18.26,0.01,5,9127,买盘
11:13:38,18.28,0.02,130,237582,买盘
11:13:41,18.29,0.01,129,235935,买盘
11:13:44,18.3,0.01,343,627343,买盘
11:13:47,18.3,0.0,111,203115,买盘
11:13:50,18.3,0.0,480,878342,买盘
11:13:53,18.3,0.0,360,659143,卖盘
11:13:56,18.31,0.01,59,107984,买盘
11:13:59,18.3,-0.01,377,690065,卖盘
11:14:02,18.3,0.0,71,129975,卖盘
11:14:05,18.31,0.01,380,695679,买盘
11:14:08,18.31,0.0,134,245355,卖盘
11:14:11,18.31,0.0,148,271018,卖盘
11:14:14,18.32,0.01,195,357193,买盘
11:14:17,18.32,0.0,136,249025,买盘
11:14:20,18.32,0.0,189,346167,买盘
11:14:23,18.32,0.0,229,419482,买盘
11:14:26,18.31,-0.01,284,520129,中性盘
11:14:29,18.31,0.0,128,234473,卖盘
11:14:32,18.32,0.01,155,283899,买盘
11:14:35,18.32,0.0,128,234443,买盘
11:14:38,18.32,0.0,63,115365,买盘
11:14:41,18.32,0.0,31,56784,买盘
11:14:44,18.32,0.0,101,184945,买盘
11:14:47,18.32,0.0,1184,2169469,买盘
11:14:50,18.35,0.03,1888,3460262,买盘
11:14:53,18.35,0.0,505,926609,买盘
11:14:56,18.34,-0.01,1588,2913279,卖盘
11:14:59,18.35,0.01,433,794384,买盘
11:15:02,18.35,0.0,632,1159688,买盘
11:15:05,18.35,0.0,544,998198,买盘
11:15:08,18.36,0.01,327,600168,买盘
11:15:11,18.36,0.0,564,1035343,买盘
11:15:14,18.36,0.0,559,1026263,买盘
11:15:17,18.36,0.0,285,523165,买盘
11:15:20,18.36,0.0,183,335982,买盘
11:15:23,18.35,-0.01,431,791079,卖盘
11:15:26,18.35,0.0,482,884444,买盘
11:15:29,18.33,-0.02,85,155928,卖盘
11:15:32,18.35,0.02,255,467819,买盘
11:15:35,18.34,-0.01,178,326620,买盘
11:15:38,18.34,0.0,23,42158,买盘
11:15:41,18.34,0.0,52,95375,买盘
11:15:44,18.34,0.0,184,337604,买盘
11:15:47,18.36,0.02,807,1481178,买盘
11:15:50,18.35,-0.01,449,824111,卖盘
11:15:53,18.35,0.0,492,903231,卖盘
11:15:56,18.35,0.0,374,686439,卖盘
11:15:59,18.36,0.01,408,749026,买盘
11:16:02,18.35,-0.01,539,989396,卖盘
11:16:05,18.36,0.01,1476,2709814,买盘
11:16:08,18.36,0.0,114,209290,买盘
11:16:11,18.36,0.0,362,664581,买盘
11:16:14,18.36,0.0,236,433226,买盘
11:16:17,18.35,-0.01,357,655365,卖盘
11:16:20,18.36,0.01,68,124848,买盘
11:16:23,18.36,0.0,88,161531,买盘
11:16:26,18.36,0.0,283,519545,买盘
11:16:29,18.36,0.0,623,1143360,买盘
11:16:32,18.35,-0.01,116,212921,卖盘
11:16:35,18.36,0.01,346,635121,买盘
11:16:38,18.36,0.0,370,679166,买盘
11:16:41,18.36,0.0,251,460696,买盘
11:16:44,18.35,-0.01,286,524562,卖盘
11:16:47,18.35,0.0,236,433210,买盘
11:16:50,18.35,0.0,107,196340,买盘
11:16:53,18.36,0.01,207,379771,买盘
11:16:56,18.35,-0.01,302,554372,卖盘
11:16:59,18.35,0.0,212,389166,卖盘
11:17:02,18.35,0.0,242,444129,卖盘
11:17:05,18.36,0.01,72,132152,买盘
11:17:08,18.35,-0.01,375,688156,卖盘
11:17:11,18.35,0.0,633,1161676,买盘
11:17:14,18.36,0.01,244,447837,买盘
11:17:17,18.35,-0.01,250,458728,卖盘
11:17:20,18.35,0.0,162,297270,买盘
11:17:23,18.35,0.0,94,172490,买盘
11:17:26,18.35,0.0,51,93012,买盘
11:17:29,18.35,0.0,68,124777,买盘
11:17:32,18.35,0.0,209,383491,买盘
11:17:35,18.34,-0.01,145,266014,卖盘
11:17:38,18.35,0.01,79,144915,买盘
11:17:41,18.34,-0.01,230,421720,卖盘
11:17:44,18.35,0.01,97,177905,买盘
11:17:47,18.34,-0.01,123,225643,中性盘
11:17:50,18.34,0.0,78,143052,买盘
11:17:53,18.34,0.0,274,502515,买盘
11:17:56,18.33,-0.01,46,84354,卖盘
11:17:59,18.35,0.02,249,456901,买盘
11:18:02,18.34,-0.01,180,330188,卖盘
11:18:05,18.33,-0.01,149,273263,卖盘
11:18:08,18.33,0.0,51,93498,卖盘
11:18:11,18.34,0.01,61,111865,买盘
11:18:14,18.33,-0.01,13,23839,卖盘
11:18:17,18.34,0.01,36,66001,买盘
11:18:20,18.33,-0.01,44,80681,卖盘
11:18:23,18.33,0.0,73,133856,卖盘
11:18:26,18.32,-0.01,286,524796,卖盘
11:18:29,18.33,0.01,64,117302,买盘
11:18:32,18.32,-0.01,10,18320,买盘
11:18:35,18.32,0.0,38,69550,买盘
11:18:38,18.32,0.0,123,225349,买盘
11:18:41,18.32,0.0,330,604563,卖盘
11:18:44,18.32,0.0,59,108097,卖盘
11:18:47,18.3,-0.02,47,86029,卖盘
11:18:50,18.3,0.0,35,64056,卖盘
11:18:53,18.3,0.0,123,225142,买盘
11:18:56,18.3,0.0,138,252489,买盘
11:18:59,18.3,0.0,66,120770,买盘
11:19:02,18.29,-0.01,16,29264,卖盘
11:19:05,18.28,-0.01,13,23774,卖盘
11:19:08,18.29,0.01,16,29259,买盘
11:19:11,18.27,-0.02,39,71297,卖盘
11:19:14,18.26,-0.01,31,56610,卖盘
11:19:17,18.27,0.01,38,69380,买盘
11:19:20,18.28,0.01,158,288768,买盘
11:19:23,18.27,-0.01,69,126018,卖盘
11:19:26,18.28,0.01,321,586195,买盘
11:19:29,18.28,0.0,38,69474,卖盘
11:19:32,18.29,0.01,18,32909,买盘
11:19:35,18.29,0.0,20,36576,买盘
11:19:38,18.28,-0.01,585,1069384,卖盘
11:19:41,18.29,0.01,103,188424,买盘
11:19:44,18.28,-0.01,15,27434,卖盘
11:19:47,18.28,0.0,86,157228,卖盘
11:19:50,18.28,0.0,90,164520,卖盘
11:19:53,18.28,0.0,84,153540,买盘
11:19:56,18.28,0.0,131,239295,买盘
11:19:59,18.26,-0.02,14,25590,中性盘
11:20:02,18.28,0.02,80,146122,买盘
11:20:05,18.24,-0.04,20,36502,卖盘
11:20:08,18.23,-0.01,74,135123,卖盘
11:20:11,18.25,0.02,27,49243,买盘
11:20:14,18.25,0.0,36,65684,买盘
11:20:17,18.28,0.03,95,173408,买盘
11:20:20,18.23,-0.05,88,160591,中性盘
11:20:23,18.25,0.02,89,162385,买盘
11:20:26,18.23,-0.02,67,122304,卖盘
11:20:29,18.24,0.01,39,71186,卖盘
11:20:32,18.24,0.0,73,133072,买盘
11:20:35,18.23,-0.01,6,10937,中性盘
11:20:38,18.23,0.0,49,89284,买盘
11:20:41,18.2,-0.03,111,202196,卖盘
11:20:44,18.2,0.0,169,307669,卖盘
11:20:47,18.2,0.0,13,23663,卖盘
11:20:50,18.2,0.0,49,89201,买盘
11:20:53,18.2,0.0,42,76443,买盘
11:20:56,18.17,-0.03,197,358500,卖盘
11:20:59,18.19,0.02,61,111046,中性盘
11:21:02,18.17,-0.02,39,70909,卖盘
11:21:05,18.17,0.0,26,47248,买盘
11:21:08,18.17,0.0,58,105374,卖盘
11:21:11,18.15,-0.02,58,105350,卖盘
11:21:14,18.13,-0.02,12,21763,卖盘
11:21:17,18.13,0.0,14,25398,卖盘
11:21:20,18.12,-0.01,18,32630,卖盘
11:21:23,18.14,0.02,26,47166,买盘
11:21:26,18.12,-0.02,55,99664,卖盘
11:21:29,18.12,0.0,38,68856,买盘
11:21:32,18.11,-0.01,33,59768,卖盘
11:21:35,18.1,-0.01,18,32583,卖盘
11:21:38,18.1,0.0,54,97760,卖盘
11:21:41,18.09,-0.01,33,59698,卖盘
11:21:44,18.08,-0.01,17,30750,卖盘
11:21:47,18.08,0.0,30,54242,卖盘
11:21:50,18.07,-0.01,36,65035,卖盘
11:21:53,18.08,0.01,101,182356,买盘
11:21:56,18.07,-0.01,59,106502,买盘
11:21:59,18.08,0.01,143,258262,买盘
11:22:02,18.08,0.0,73,131984,买盘
11:22:05,18.08,0.0,80,144598,买盘
11:22:08,18.1,0.02,73,132064,买盘
11:22:11,18.1,0.0,46,84041,买盘
11:22:14,18.11,0.01,26,47086,买盘
11:22:17,18.12,0.01,16,28977,买盘
11:22:20,18.16,0.04,115,208563,买盘
11:22:23,18.16,0.0,548,996807,买盘
11:22:26,18.2,0.04,11,19972,买盘
11:22:29,18.19,-0.01,18,32746,中性盘
11:22:32,18.2,0.01,335,609698,买盘
11:22:35,18.2,0.0,292,531447,买盘
11:22:38,18.2,0.0,115,209390,卖盘
11:22:41,18.22,0.02,34,61914,买盘
11:22:44,18.22,0.0,37,67410,买盘
11:22:47,18.22,0.0,51,92905,买盘
11:22:50,18.24,0.02,25,45593,买盘
11:22:53,18.25,0.01,48,87593,买盘
11:22:56,18.25,0.0,38,69350,卖盘
11:22:59,18.28,0.03,116,211775,买盘
11:23:02,18.28,0.0,80,146185,买盘
11:23:05,18.3,0.02,50,91417,买盘
11:23:08,18.3,0.0,73,133584,买盘
11:23:11,18.3,0.0,183,334599,买盘
11:23:14,18.3,0.0,97,177464,买盘
11:23:17,18.3,0.0,66,120778,买盘
11:23:20,18.3,0.0,108,197610,买盘
11:23:23,18.28,-0.02,334,610863,卖盘
11:23:26,18.29,0.01,26,47533,买盘
11:23:29,18.25,-0.04,113,206398,卖盘
11:23:32,18.25,0.0,11,20075,买盘
11:23:35,18.25,0.0,52,94862,买盘
11:23:38,18.25,0.0,62,113134,买盘
11:23:41,18.23,-0.02,37,67478,卖盘
11:23:44,18.25,0.02,213,388590,买盘
11:23:47,18.25,0.0,52,94901,卖盘
11:23:50,18.25,0.0,88,160600,卖盘
11:23:53,18.25,0.0,59,107674,卖盘
11:23:56,18.2,-0.05,113,206002,卖盘
11:23:59,18.25,0.05,32,58300,买盘
11:24:02,18.23,-0.02,15,27345,中性盘
11:24:05,18.21,-0.02,45,82024,卖盘
11:24:08,18.2,-0.01,43,78409,卖盘
11:24:11,18.22,0.02,10,18213,买盘
11:24:14,18.21,-0.01,9,16394,卖盘
11:24:17,18.22,0.01,9,15824,买盘
11:24:20,18.2,-0.02,34,61888,卖盘
11:24:23,18.22,0.02,124,225746,买盘
11:24:26,18.23,0.01,7,12755,买盘
11:24:29,18.11,-0.12,360,655415,卖盘
11:24:32,18.11,0.0,30,54544,卖盘
11:24:35,18.19,0.08,3,5455,买盘
11:24:38,18.19,0.0,31,56365,买盘
11:24:41,18.19,0.0,58,105083,买盘
11:24:44,18.19,0.0,33,60027,买盘
11:24:47,18.19,0.0,36,65365,买盘
11:24:50,18.19,0.0,81,147339,买盘
11:24:53,18.18,-0.01,128,232817,卖盘
11:24:56,18.11,-0.07,155,280660,卖盘
11:24:59,18.15,0.04,26,47122,买盘
11:25:02,18.14,-0.01,11,19942,中性盘
11:25:05,18.11,-0.03,14,25354,卖盘
11:25:08,18.11,0.0,22,39830,买盘
11:25:11,18.12,0.01,28,50707,买盘
11:25:14,18.11,-0.01,214,387526,卖盘
11:25:17,18.12,0.01,21,38040,买盘
11:25:20,18.14,0.02,123,222859,买盘
11:25:23,18.11,-0.03,73,132258,卖盘
11:25:26,18.12,0.01,47,85259,卖盘
11:25:29,18.12,0.0,1,1812,卖盘
11:25:32,18.14,0.02,159,288120,买盘
11:25:35,18.14,0.0,38,68918,买盘
11:25:41,18.14,0.0,7,12694,买盘
11:25:44,18.14,0.0,43,77998,买盘
11:25:47,18.14,0.0,9,16324,买盘
11:25:50,18.17,0.03,88,159790,买盘
11:25:53,18.17,0.0,59,107203,卖盘
11:25:56,18.17,0.0,16,29072,卖盘
11:25:59,18.17,0.0,108,196241,卖盘
11:26:02,18.18,0.01,108,196273,买盘
11:26:05,18.18,0.0,31,56348,买盘
11:26:08,18.19,0.01,17,30931,中性盘
11:26:11,18.18,-0.01,30,54547,卖盘
11:26:14,18.19,0.01,48,87334,中性盘
11:26:17,18.19,0.0,38,69132,卖盘
11:26:20,18.2,0.01,18,32755,买盘
11:26:23,18.2,0.0,260,473145,买盘
11:26:26,18.21,0.01,2,3641,买盘
11:26:29,18.2,-0.01,366,666160,卖盘
11:26:32,18.21,0.01,47,85606,买盘
11:26:35,18.19,-0.02,75,136506,卖盘
11:26:38,18.2,0.01,26,47316,买盘
11:26:41,18.2,0.0,46,83719,买盘
11:26:44,18.21,0.01,35,63722,买盘
11:26:47,18.22,0.01,10,18215,买盘
11:26:50,18.2,-0.02,98,178418,卖盘
11:26:53,18.22,0.02,5,9110,买盘
11:26:56,18.22,0.0,182,332495,买盘
11:26:59,18.22,0.0,344,627063,卖盘
11:27:02,18.22,0.0,60,109449,卖盘
11:27:05,18.21,-0.01,102,185964,卖盘
11:27:08,18.22,0.01,126,229922,中性盘
11:27:11,18.22,0.0,16,29155,卖盘
11:27:14,18.25,0.03,138,251749,买盘
11:27:17,18.25,0.0,24,43813,卖盘
11:27:20,18.25,0.0,156,284663,卖盘
11:27:23,18.25,0.0,49,89422,买盘
11:27:26,18.22,-0.03,56,102134,卖盘
11:27:29,18.25,0.03,159,289959,买盘
11:27:32,18.25,0.0,15,27334,买盘
11:27:35,18.25,0.0,187,341429,买盘
11:27:38,18.22,-0.03,64,116693,卖盘
11:27:41,18.22,0.0,42,76571,买盘
11:27:44,18.22,0.0,52,94788,卖盘
11:27:47,18.24,0.02,27,49186,买盘
11:27:50,18.23,-0.01,1,1823,中性盘
11:27:53,18.22,-0.01,20,36431,买盘
11:27:56,18.22,0.0,27,49177,买盘
11:27:59,18.22,0.0,33,60126,卖盘
11:28:02,18.23,0.01,33,60153,买盘
11:28:05,18.23,0.0,104,189592,买盘
11:28:08,18.23,0.0,30,54690,卖盘
11:28:11,18.23,0.0,44,80222,卖盘
11:28:14,18.23,0.0,431,786046,卖盘
11:28:17,18.23,0.0,41,74743,卖盘
11:28:20,18.24,0.01,118,215181,买盘
11:28:23,18.23,-0.01,45,82028,中性盘
11:28:26,18.24,0.01,266,484955,买盘
11:28:29,18.24,0.0,259,472509,卖盘
11:28:32,18.23,-0.01,24,43758,卖盘
11:28:35,18.24,0.01,85,154958,买盘
11:28:38,18.24,0.0,10,18237,买盘
11:28:41,18.23,-0.01,59,107580,卖盘
11:28:44,18.23,0.0,147,267993,卖盘
11:28:47,18.23,0.0,27,49211,买盘
11:28:50,18.22,-0.01,10,18223,卖盘
11:28:53,18.22,0.0,70,127556,卖盘
11:28:56,18.22,0.0,56,102040,卖盘
11:28:59,18.22,0.0,117,213188,卖盘
11:29:02,18.23,0.01,148,269838,买盘
11:29:05,18.22,-0.01,28,51009,卖盘
11:29:08,18.21,-0.01,50,91086,卖盘
11:29:11,18.22,0.01,79,144010,买盘
11:29:14,18.25,0.03,474,864897,买盘
11:29:17,18.26,0.01,5,9130,买盘
11:29:20,18.27,0.01,172,314039,买盘
11:29:23,18.28,0.01,799,1460097,买盘
11:29:26,18.28,0.0,33,60308,买盘
11:29:29,18.28,0.0,379,692500,买盘
11:29:32,18.28,0.0,50,91391,买盘
11:29:35,18.27,-0.01,223,407747,中性盘
11:29:38,18.29,0.02,57,104182,买盘
11:29:41,18.26,-0.03,25,45675,卖盘
11:29:44,18.28,0.02,2498,4559106,买盘
11:29:47,18.28,0.0,741,1349033,买盘
11:29:50,18.2,-0.08,142,258573,卖盘
11:29:53,18.2,0.0,181,330230,卖盘
11:29:56,18.27,0.07,29,52827,买盘
11:29:59,18.2,-0.07,25,44638,卖盘
13:00:02,18.19,-0.01,1314,2386205,卖盘
13:00:05,18.28,0.09,2586,4714849,买盘
13:00:08,18.3,0.02,1894,3453940,买盘
13:00:11,18.2,-0.1,2326,4251789,卖盘
13:00:14,18.27,0.07,115,210040,中性盘
13:00:17,18.27,0.0,1050,1914496,买盘
13:00:20,18.2,-0.07,79,144155,卖盘
13:00:23,18.21,0.01,321,584601,买盘
13:00:26,18.25,0.04,852,1556127,买盘
13:00:29,18.23,-0.02,37,67428,中性盘
13:00:32,18.25,0.02,912,1669296,买盘
13:00:35,18.33,0.08,139,254382,买盘
13:00:38,18.29,-0.04,824,1510419,卖盘
13:00:41,18.35,0.06,753,1381510,买盘
13:00:44,18.35,0.0,1888,3464325,买盘
13:00:47,18.35,0.0,2815,5165171,买盘
13:00:50,18.36,0.01,1517,2784650,买盘
13:00:53,18.36,0.0,686,1259481,买盘
13:00:56,18.36,0.0,531,974874,买盘
13:00:59,18.36,0.0,232,425889,买盘
13:01:02,18.36,0.0,386,708597,买盘
13:01:05,18.36,0.0,533,978195,买盘
13:01:08,18.36,0.0,1215,2230736,买盘
13:01:11,18.36,0.0,201,369028,买盘
13:01:14,18.33,-0.03,482,884305,卖盘
13:01:17,18.31,-0.02,207,379324,卖盘
13:01:20,18.29,-0.02,41,75042,卖盘
13:01:23,18.3,0.01,86,157345,中性盘
13:01:26,18.29,-0.01,143,261599,卖盘
13:01:29,18.29,0.0,16,29264,买盘
13:01:32,18.28,-0.01,141,257411,中性盘
13:01:35,18.25,-0.03,80,146092,卖盘
13:01:38,18.22,-0.03,42,76635,卖盘
13:01:41,18.22,0.0,35,63740,中性盘
13:01:44,18.22,0.0,72,131192,买盘
13:01:47,18.22,0.0,39,71075,卖盘
13:01:50,18.22,0.0,65,118448,卖盘
13:01:53,18.22,0.0,169,307898,买盘
13:01:56,18.21,-0.01,30,54637,卖盘
13:01:59,18.21,0.0,237,431366,买盘
13:02:02,18.2,-0.01,303,551808,卖盘
13:02:05,18.22,0.02,131,238491,买盘
13:02:08,18.2,-0.02,224,407713,卖盘
13:02:11,18.22,0.02,200,364054,买盘
13:02:14,18.21,-0.01,44,80111,卖盘
13:02:17,18.22,0.01,79,143866,买盘
13:02:20,18.22,0.0,127,231372,买盘
13:02:23,18.22,0.0,111,202231,买盘
13:02:26,18.21,-0.01,88,160270,卖盘
13:02:29,18.22,0.01,19,34608,买盘
13:02:32,18.22,0.0,51,92451,卖盘
13:02:35,18.27,0.05,22,40184,买盘
13:02:38,18.28,0.01,121,221147,买盘
13:02:41,18.28,0.0,2,3656,买盘
13:02:44,18.28,0.0,136,248550,卖盘
13:02:47,18.27,-0.01,53,96847,卖盘
13:02:50,18.27,0.0,42,76742,买盘
13:02:53,18.27,0.0,183,334383,买盘
13:02:56,18.27,0.0,81,147987,买盘
13:02:59,18.27,0.0,56,102248,买盘
13:03:02,18.27,0.0,94,171519,买盘
13:03:05,18.24,-0.03,74,135075,中性盘
13:03:08,18.27,0.03,5,9135,买盘
13:03:11,18.27,0.0,74,135196,买盘
13:03:14,18.25,-0.02,28,51143,中性盘
13:03:17,18.26,0.01,94,171639,买盘
13:03:20,18.25,-0.01,6,10952,卖盘
13:03:23,18.27,0.02,15,27396,买盘
13:03:26,18.27,0.0,103,188179,买盘
13:03:29,18.27,0.0,64,116906,买盘
13:03:32,18.27,0.0,67,122401,买盘
13:03:35,18.26,-0.01,143,261185,卖盘
13:03:38,18.26,0.0,9,16434,中性盘
13:03:41,18.27,0.01,266,485959,买盘
13:03:44,18.27,0.0,78,142449,买盘
13:03:47,18.26,-0.01,18,32871,中性盘
13:03:50,18.26,0.0,84,153384,买盘
13:03:53,18.26,0.0,104,189898,买盘
13:03:56,18.26,0.0,71,129646,买盘
13:03:59,18.26,0.0,37,67562,买盘
13:04:02,18.26,0.0,28,51123,买盘
13:04:05,18.26,0.0,16,29222,卖盘
13:04:08,18.26,0.0,27,48578,卖盘
13:04:11,18.26,0.0,57,104082,卖盘
13:04:14,18.27,0.01,86,157046,买盘
13:04:17,18.27,0.0,62,113225,买盘
13:04:20,18.26,-0.01,27,49309,卖盘
13:04:23,18.27,0.01,6,10962,买盘
13:04:26,18.27,0.0,3,5481,买盘
13:04:29,18.27,0.0,16,29229,买盘
13:04:32,18.27,0.0,165,301387,买盘
13:04:35,18.26,-0.01,41,75597,卖盘
13:04:38,18.26,0.0,77,140633,买盘
13:04:41,18.26,0.0,8,14608,买盘
13:04:44,18.26,0.0,18,32868,买盘
13:04:47,18.25,-0.01,197,359627,卖盘
13:04:50,18.26,0.01,164,299398,买盘
13:04:53,18.26,0.0,38,69389,卖盘
13:04:56,18.26,0.0,67,122345,卖盘
13:04:59,18.27,0.01,89,162526,买盘
13:05:02,18.26,-0.01,240,438372,卖盘
13:05:05,18.26,0.0,55,99716,卖盘
13:05:08,18.27,0.01,10,18270,中性盘
13:05:11,18.27,0.0,43,78561,卖盘
13:05:14,18.27,0.0,62,113283,卖盘
13:05:17,18.27,0.0,122,222894,卖盘
13:05:20,18.28,0.01,167,305185,买盘
13:05:23,18.27,-0.01,68,124272,买盘
13:05:26,18.26,-0.01,11,20092,卖盘
13:05:29,18.25,-0.01,95,173532,卖盘
13:05:32,18.24,-0.01,46,83978,卖盘
13:05:35,18.25,0.01,24,43816,卖盘
13:05:38,18.25,0.0,27,49285,卖盘
13:05:41,18.25,0.0,7,12775,买盘
13:05:44,18.25,0.0,71,129511,买盘
13:05:47,18.25,0.0,25,45625,买盘
13:05:50,18.25,0.0,46,83924,买盘
13:05:53,18.25,0.0,190,346566,买盘
13:05:56,18.25,0.0,69,125905,买盘
13:05:59,18.24,-0.01,70,127711,卖盘
13:06:02,18.22,-0.02,253,461234,卖盘
13:06:05,18.22,0.0,22,40106,卖盘
13:06:08,18.22,0.0,31,56483,卖盘
13:06:11,18.2,-0.02,355,646783,卖盘
13:06:14,18.22,0.02,264,480596,买盘
13:06:17,18.2,-0.02,72,131054,卖盘
13:06:20,18.21,0.01,53,96461,买盘
13:06:23,18.2,-0.01,11,20020,卖盘
13:06:26,18.2,0.0,114,207681,卖盘
13:06:29,18.21,0.01,73,132868,中性盘
13:06:32,18.21,0.0,45,81913,买盘
13:06:35,18.21,0.0,145,263928,买盘
13:06:38,18.2,-0.01,16,29115,中性盘
13:06:41,18.21,0.01,25,45508,买盘
13:06:44,18.2,-0.01,40,72808,卖盘
13:06:47,18.2,0.0,31,56438,卖盘
13:06:50,18.2,0.0,179,325787,卖盘
13:06:53,18.2,0.0,49,89243,卖盘
13:06:56,18.21,0.01,46,83726,中性盘
13:06:59,18.21,0.0,22,40045,买盘
13:07:02,18.21,0.0,53,96503,买盘
13:07:05,18.21,0.0,86,156523,买盘
13:07:08,18.2,-0.01,69,125593,卖盘
13:07:11,18.2,0.0,91,165683,卖盘
13:07:14,18.2,0.0,52,94640,买盘
13:07:17,18.2,0.0,13,23658,买盘
13:07:20,18.2,0.0,25,45490,买盘
13:07:23,18.2,0.0,63,114639,买盘
13:07:26,18.2,0.0,38,69160,买盘
13:07:29,18.2,0.0,81,147445,买盘
13:07:32,18.2,0.0,31,56397,买盘
13:07:35,18.19,-0.01,13,23653,卖盘
13:07:38,18.19,0.0,39,70959,卖盘
13:07:41,18.2,0.01,224,407604,买盘
13:07:44,18.19,-0.01,57,103705,卖盘
13:07:47,18.2,0.01,81,147340,买盘
13:07:50,18.2,0.0,213,387591,买盘
13:07:53,18.2,0.0,138,251160,卖盘
13:07:56,18.18,-0.02,339,616469,卖盘
13:07:59,18.19,0.01,5,9099,中性盘
13:08:02,18.2,0.01,23,41816,买盘
13:08:05,18.18,-0.02,6,10915,卖盘
13:08:08,18.18,0.0,18,32752,卖盘
13:08:11,18.19,0.01,13,23651,中性盘
13:08:14,18.19,0.0,14,25474,卖盘
13:08:17,18.19,0.0,373,678189,卖盘
13:08:20,18.19,0.0,8,14552,买盘
13:08:23,18.19,0.0,6,10911,买盘
13:08:26,18.19,0.0,98,178236,买盘
13:08:29,18.19,0.0,2,3638,买盘
13:08:32,18.19,0.0,25,45462,买盘
13:08:35,18.18,-0.01,27,49104,卖盘
13:08:38,18.19,0.01,23,41823,买盘
13:08:41,18.19,0.0,37,67302,买盘
13:08:44,18.19,0.0,7,12733,买盘
13:08:47,18.19,0.0,30,54543,买盘
13:08:50,18.19,0.0,92,167297,买盘
13:08:53,18.19,0.0,38,69122,买盘
13:08:56,18.19,0.0,86,156377,买盘
13:08:59,18.19,0.0,26,47292,买盘
13:09:02,18.19,0.0,58,105473,买盘
13:09:05,18.19,0.0,33,60010,买盘
13:09:08,18.19,0.0,40,72760,卖盘
13:09:11,18.19,0.0,60,109194,卖盘
13:09:14,18.19,0.0,130,236515,卖盘
13:09:17,18.19,0.0,3,5457,卖盘
13:09:20,18.2,0.01,52,94617,买盘
13:09:23,18.2,0.0,80,145588,买盘
13:09:26,18.2,0.0,41,74615,买盘
13:09:29,18.19,-0.01,26,47309,卖盘
13:09:32,18.2,0.01,89,161980,买盘
13:09:35,18.2,0.0,8,14560,买盘
13:09:41,18.2,0.0,33,60084,卖盘
13:09:44,18.21,0.01,183,333073,买盘
13:09:47,18.21,0.0,57,103792,买盘
13:09:50,18.22,0.01,2,3643,买盘
13:09:53,18.21,-0.01,34,61920,卖盘
13:09:56,18.21,0.0,13,23679,卖盘
13:09:59,18.22,0.01,108,196776,买盘
13:10:02,18.22,0.0,50,91100,买盘
13:10:05,18.22,0.0,67,122074,买盘
13:10:08,18.22,0.0,37,67414,买盘
13:10:11,18.21,-0.01,23,41884,卖盘
13:10:14,18.22,0.01,7,12750,买盘
13:10:17,18.22,0.0,26,47372,买盘
13:10:20,18.22,0.0,40,72880,买盘
13:10:23,18.23,0.01,1,1823,买盘
13:10:26,18.22,-0.01,136,247801,卖盘
13:10:29,18.22,0.0,80,145760,买盘
13:10:32,18.22,0.0,74,134827,买盘
13:10:35,18.23,0.01,54,98391,买盘
13:10:38,18.23,0.0,20,36447,买盘
13:10:41,18.22,-0.01,60,109345,卖盘
13:10:44,18.23,0.01,22,40096,买盘
13:10:47,18.22,-0.01,244,444593,卖盘
13:10:50,18.23,0.01,93,169496,买盘
13:10:53,18.22,-0.01,6,10933,卖盘
13:10:56,18.23,0.01,37,67447,买盘
13:10:59,18.23,0.0,44,80202,买盘
13:11:02,18.23,0.0,77,140343,买盘
13:11:05,18.22,-0.01,13,23688,卖盘
13:11:08,18.23,0.01,14,25522,买盘
13:11:11,18.22,-0.01,9,16405,卖盘
13:11:14,18.21,-0.01,47,85630,卖盘
13:11:17,18.23,0.02,33,60159,买盘
13:11:20,18.23,0.0,10,18229,买盘
13:11:23,18.23,0.0,85,154923,买盘
13:11:26,18.23,0.0,22,40101,买盘
13:11:29,18.24,0.01,124,226026,买盘
13:11:32,18.23,-0.01,81,147593,卖盘
13:11:35,18.24,0.01,51,92998,买盘
13:11:38,18.23,-0.01,66,120328,卖盘
13:11:41,18.23,0.0,34,61992,卖盘
13:11:44,18.23,0.0,52,94811,卖盘
13:11:47,18.22,-0.01,41,74732,卖盘
13:11:50,18.23,0.01,79,144015,买盘
13:11:53,18.22,-0.01,285,519182,卖盘
13:11:56,18.19,-0.03,840,1528837,卖盘
13:11:59,18.19,0.0,293,532963,卖盘
13:12:02,18.18,-0.01,40,72731,卖盘
13:12:05,18.19,0.01,141,256481,卖盘
13:12:08,18.2,0.01,72,131011,买盘
13:12:11,18.2,0.0,18,32743,买盘
13:12:14,18.19,-0.01,14,25477,卖盘
13:12:17,18.2,0.01,54,98272,买盘
13:12:20,18.2,0.0,17,30940,买盘
13:12:23,18.2,0.0,16,29118,买盘
13:12:26,18.2,0.0,45,81895,买盘
13:12:29,18.19,-0.01,190,345537,卖盘
13:12:32,18.19,0.0,20,36390,买盘
13:12:35,18.19,0.0,12,21821,买盘
13:12:38,18.19,0.0,42,76392,买盘
13:12:41,18.19,0.0,117,212733,买盘
13:12:44,18.18,-0.01,16,29094,卖盘
13:12:47,18.2,0.02,49,89142,买盘
13:12:50,18.19,-0.01,17,30923,卖盘
13:12:53,18.19,0.0,33,60016,卖盘
13:12:56,18.19,0.0,4,7276,买盘
13:12:59,18.18,-0.01,4,7272,卖盘
13:13:02,18.21,0.03,207,376811,买盘
13:13:05,18.21,0.0,52,94692,卖盘
13:13:08,18.21,0.0,17,30957,卖盘
13:13:11,18.23,0.02,149,271449,买盘
13:13:14,18.21,-0.02,56,101987,卖盘
13:13:17,18.22,0.01,10,18218,买盘
13:13:20,18.21,-0.01,6,10928,卖盘
13:13:23,18.22,0.01,11,20042,买盘
13:13:26,18.22,0.0,1,1822,买盘
13:13:29,18.22,0.0,72,131183,买盘
13:13:32,18.22,0.0,22,40082,卖盘
13:13:35,18.22,0.0,1,1822,买盘
13:13:38,18.22,0.0,10,18218,买盘
13:13:41,18.22,0.0,13,23681,买盘
13:13:44,18.22,0.0,11,20042,买盘
13:13:47,18.22,0.0,3,5465,买盘
13:13:50,18.22,0.0,25,45550,买盘
13:13:53,18.22,0.0,49,89248,买盘
13:13:56,18.21,-0.01,63,114753,卖盘
13:13:59,18.22,0.01,42,76503,买盘
13:14:02,18.22,0.0,14,25503,买盘
13:14:05,18.22,0.0,53,96551,买盘
13:14:08,18.22,0.0,23,41903,卖盘
13:14:11,18.21,-0.01,32,58286,卖盘
13:14:14,18.22,0.01,5,9110,买盘
13:14:17,18.21,-0.01,10,18211,卖盘
13:14:20,18.22,0.01,31,56476,买盘
13:14:23,18.21,-0.01,59,107449,卖盘
13:14:26,18.2,-0.01,15,27302,卖盘
13:14:29,18.21,0.01,13,23671,买盘
13:14:32,18.21,0.0,68,123779,买盘
13:14:35,18.2,-0.01,89,162046,卖盘
13:14:38,18.2,0.0,42,76440,卖盘
13:14:41,18.2,0.0,25,45500,卖盘
13:14:44,18.2,0.0,17,30949,卖盘
13:14:47,18.21,0.01,20,36410,买盘
13:14:50,18.21,0.0,8,14567,买盘
13:14:53,18.2,-0.01,26,47330,卖盘
13:14:56,18.2,0.0,16,29120,买盘
13:14:59,18.2,0.0,256,465860,买盘
13:15:02,18.2,0.0,28,50960,买盘
13:15:05,18.21,0.01,40,72805,买盘
13:15:08,18.2,-0.01,36,65520,卖盘
13:15:11,18.2,0.0,9,16380,买盘
13:15:14,18.2,0.0,6,10920,卖盘
13:15:17,18.19,-0.01,40,72806,卖盘
13:15:20,18.21,0.02,10,18201,买盘
13:15:23,18.2,-0.01,6,10920,卖盘
13:15:26,18.2,0.0,25,45477,买盘
13:15:29,18.2,0.0,87,158277,买盘
13:15:32,18.2,0.0,47,85514,买盘
13:15:35,18.2,0.0,142,258275,买盘
13:15:38,18.2,0.0,50,90986,买盘
13:15:41,18.19,-0.01,322,585396,中性盘
13:15:44,18.18,-0.01,12,21820,卖盘
13:15:47,18.19,0.01,12,21817,买盘
13:15:50,18.18,-0.01,18,32739,卖盘
13:15:53,18.18,0.0,25,45456,卖盘
13:15:56,18.18,0.0,27,49093,卖盘
13:15:59,18.19,0.01,85,154581,买盘
13:16:02,18.19,0.0,86,156386,买盘
13:16:05,18.18,-0.01,17,30906,卖盘
13:16:08,18.15,-0.03,227,412478,卖盘
13:16:11,18.18,0.03,11,19994,买盘
13:16:14,18.18,0.0,69,125378,买盘
13:16:17,18.15,-0.03,49,89048,卖盘
13:16:20,18.18,0.03,20,36343,买盘
13:16:23,18.16,-0.02,18,32676,卖盘
13:16:26,18.17,0.01,40,72661,买盘
13:16:29,18.17,0.0,14,25437,买盘
13:16:32,18.16,-0.01,52,94432,卖盘
13:16:35,18.16,0.0,20,36331,卖盘
13:16:38,18.16,0.0,17,30876,卖盘
13:16:41,18.17,0.01,16,29064,买盘
13:16:44,18.16,-0.01,48,87172,卖盘
13:16:47,18.16,0.0,41,74460,卖盘
13:16:50,18.16,0.0,40,72649,卖盘
13:16:53,18.16,0.0,76,138013,买盘
13:16:56,18.16,0.0,3,5448,买盘
13:16:59,18.15,-0.01,71,128912,卖盘
13:17:02,18.16,0.01,154,279647,买盘
13:17:05,18.15,-0.01,28,50825,卖盘
13:17:08,18.15,0.0,41,74421,卖盘
13:17:11,18.15,0.0,114,206912,卖盘
13:17:14,18.16,0.01,73,132550,买盘
13:17:17,18.15,-0.01,94,170647,卖盘
13:17:20,18.15,0.0,30,54461,卖盘
13:17:23,18.15,0.0,28,50820,卖盘
13:17:26,18.15,0.0,23,41750,卖盘
13:17:29,18.15,0.0,13,23597,卖盘
13:17:32,18.16,0.01,133,241517,买盘
13:17:35,18.15,-0.01,193,350472,卖盘
13:17:38,18.15,0.0,16,29031,买盘
13:17:41,18.15,0.0,95,172425,买盘
13:17:44,18.15,0.0,21,38115,卖盘
13:17:47,18.14,-0.01,39,70770,卖盘
13:17:50,18.15,0.01,3,5445,买盘
13:17:53,18.14,-0.01,25,45362,卖盘
13:17:56,18.15,0.01,136,246790,买盘
13:17:59,18.14,-0.01,46,83461,卖盘
13:18:02,18.14,0.0,24,43536,卖盘
13:18:05,18.14,0.0,87,157871,卖盘
13:18:08,18.13,-0.01,57,103356,卖盘
13:18:11,18.14,0.01,7,12698,买盘
13:18:14,18.13,-0.01,31,56206,卖盘
13:18:17,18.13,0.0,19,34447,买盘
13:18:20,18.13,0.0,5,9065,买盘
13:18:23,18.13,0.0,91,164955,买盘
13:18:26,18.12,-0.01,3,5438,卖盘
13:18:29,18.13,0.01,65,117823,买盘
13:18:32,18.12,-0.01,222,402265,卖盘
13:18:35,18.12,0.0,101,183028,买盘
13:18:38,18.11,-0.01,16,28978,卖盘
13:18:41,18.11,0.0,58,105041,卖盘
13:18:44,18.11,0.0,83,150333,卖盘
13:18:47,18.08,-0.03,421,761948,卖盘
13:18:50,18.07,-0.01,32,57859,卖盘
13:18:53,18.07,0.0,22,39756,卖盘
13:18:56,18.07,0.0,113,204199,卖盘
13:18:59,18.06,-0.01,18,32519,卖盘
13:19:02,18.06,0.0,87,157204,卖盘
13:19:05,18.06,0.0,16,28896,卖盘
13:19:11,18.06,0.0,41,74016,买盘
13:19:14,18.06,0.0,120,216631,买盘
13:19:17,18.05,-0.01,20,36113,中性盘
13:19:20,18.01,-0.04,304,547727,卖盘
13:19:23,18.01,0.0,26,46826,买盘
13:19:26,18.0,-0.01,96,172823,卖盘
13:19:29,18.0,0.0,43,77436,卖盘
13:19:32,18.0,0.0,247,444602,卖盘
13:19:35,18.0,0.0,156,280801,卖盘
13:19:38,18.0,0.0,150,270004,卖盘
13:19:41,18.0,0.0,273,491426,卖盘
13:19:44,18.0,0.0,227,408602,卖盘
13:19:47,18.0,0.0,174,313200,卖盘
13:19:50,18.0,0.0,140,252027,卖盘
13:19:53,18.0,0.0,27,48600,买盘
13:19:56,18.01,0.01,95,171005,买盘
13:19:59,18.0,-0.01,81,145799,卖盘
13:20:02,17.99,-0.01,128,230388,卖盘
13:20:05,18.01,0.02,34,61207,买盘
13:20:08,18.03,0.02,200,360509,买盘
13:20:11,18.05,0.02,30,54126,买盘
13:20:14,18.03,-0.02,544,981772,卖盘
13:20:17,18.05,0.02,14,25278,卖盘
13:20:20,18.07,0.02,49,89330,买盘
13:20:23,18.1,0.03,69,124644,买盘
13:20:26,18.11,0.01,16,28946,买盘
13:20:29,18.11,0.0,22,39839,买盘
13:20:32,18.11,0.0,109,197504,卖盘
13:20:35,18.12,0.01,73,132239,买盘
13:20:38,18.13,0.01,150,272055,买盘
13:20:41,18.13,0.0,19,34433,买盘
13:20:44,18.13,0.0,68,123225,买盘
13:20:47,18.14,0.01,36,65288,中性盘
13:20:50,18.13,-0.01,202,366059,卖盘
13:20:53,18.15,0.02,110,199630,买盘
13:20:56,18.14,-0.01,13,23582,卖盘
13:20:59,18.14,0.0,65,117945,卖盘
13:21:02,18.15,0.01,19,34485,买盘
13:21:05,18.15,0.0,55,99798,买盘
13:21:08,18.13,-0.02,57,103394,卖盘
13:21:11,18.13,0.0,8,14514,卖盘
13:21:14,18.14,0.01,17,30838,买盘
13:21:17,18.13,-0.01,5,9069,卖盘
13:21:20,18.14,0.01,5,9070,买盘
13:21:23,18.14,0.0,36,65283,买盘
13:21:26,18.15,0.01,51,92558,买盘
13:21:29,18.17,0.02,398,722717,买盘
13:21:32,18.17,0.0,18,32706,卖盘
13:21:35,18.18,0.01,73,132642,买盘
13:21:38,18.18,0.0,126,228990,买盘
13:21:41,18.18,0.0,23,41814,买盘
13:21:44,18.18,0.0,156,283789,卖盘
13:21:47,18.19,0.01,13,23646,中性盘
13:21:50,18.19,0.0,56,101918,卖盘
13:21:53,18.2,0.01,52,94638,买盘
13:21:56,18.2,0.0,70,127325,买盘
13:21:59,18.2,0.0,291,529604,买盘
13:22:02,18.19,-0.01,13,23647,买盘
13:22:05,18.2,0.01,130,236593,买盘
13:22:08,18.2,0.0,26,47320,卖盘
13:22:11,18.2,0.0,37,67348,卖盘
13:22:14,18.2,0.0,17,30940,买盘
13:22:17,18.2,0.0,57,103734,买盘
13:22:20,18.2,0.0,66,120056,买盘
13:22:23,18.2,0.0,58,105551,买盘
13:22:26,18.19,-0.01,58,105527,卖盘
13:22:29,18.19,0.0,13,23652,卖盘
13:22:32,18.19,0.0,55,100037,买盘
13:22:35,18.19,0.0,49,89123,买盘
13:22:38,18.19,0.0,30,54570,买盘
13:22:41,18.18,-0.01,18,32726,卖盘
13:22:44,18.18,0.0,14,25458,中性盘
13:22:47,18.18,0.0,10,18186,卖盘
13:22:50,18.18,0.0,30,54540,卖盘
13:22:53,18.18,0.0,10,18180,买盘
13:22:56,18.18,0.0,5,9090,买盘
13:22:59,18.18,0.0,11,19998,买盘
13:23:02,18.16,-0.02,8,14533,卖盘
13:23:05,18.2,0.04,405,736779,买盘
13:23:11,18.2,0.0,33,60032,买盘
13:23:14,18.17,-0.03,16,29072,卖盘
13:23:17,18.17,0.0,8,14536,买盘
13:23:20,18.19,0.02,53,96311,买盘
13:23:23,18.15,-0.04,51,92593,卖盘
13:23:26,18.15,0.0,5,9075,买盘
13:23:29,18.15,0.0,4,7260,买盘
13:23:32,18.15,0.0,21,38105,买盘
13:23:35,18.17,0.02,72,130700,买盘
13:23:38,18.14,-0.03,127,230827,卖盘
13:23:41,18.19,0.05,5,9095,买盘
13:23:44,18.19,0.0,3,5453,买盘
13:23:47,18.17,-0.02,1,1817,卖盘
13:23:50,18.19,0.02,36,65470,买盘
13:23:53,18.18,-0.01,10,18180,中性盘
13:24:02,18.17,-0.01,69,125377,卖盘
13:24:05,18.18,0.01,14,25452,买盘
13:24:08,18.18,0.0,5,9090,卖盘
13:24:11,18.18,0.0,40,72717,买盘
13:24:14,18.18,0.0,41,74532,买盘
13:24:17,18.18,0.0,27,49086,买盘
13:24:23,18.19,0.01,18,33361,买盘
13:24:29,18.19,0.0,132,239978,买盘
13:24:32,18.19,0.0,8,14552,买盘
13:24:35,18.19,0.0,41,74579,买盘
13:24:38,18.18,-0.01,61,110915,卖盘
13:24:41,18.19,0.01,68,123626,买盘
13:24:44,18.19,0.0,15,27277,买盘
13:24:47,18.19,0.0,2,3638,买盘
13:24:50,18.18,-0.01,138,250997,卖盘
13:24:53,18.19,0.01,2,3638,中性盘
13:24:56,18.18,-0.01,21,38178,卖盘
13:24:59,18.19,0.01,57,103633,买盘
13:25:02,18.19,0.0,17,30912,买盘
13:25:05,18.19,0.0,158,287319,买盘
13:25:08,18.17,-0.02,26,47280,卖盘
13:25:11,18.19,0.02,43,78158,买盘
13:25:14,18.17,-0.02,126,228967,卖盘
13:25:17,18.18,0.01,10,18179,中性盘
13:25:23,18.18,0.0,31,56365,卖盘
13:25:26,18.15,-0.03,48,87186,卖盘
13:25:29,18.17,0.02,16,29086,买盘
13:25:32,18.17,0.0,12,21804,卖盘
13:25:35,18.17,0.0,60,109045,买盘
13:25:38,18.17,0.0,28,50859,卖盘
13:25:41,18.18,0.01,45,81727,买盘
13:25:44,18.14,-0.04,144,260591,卖盘
13:25:47,18.12,-0.02,78,141418,卖盘
13:25:50,18.14,0.02,3,5442,买盘
13:25:53,18.14,0.0,8,14502,买盘
13:25:56,18.13,-0.01,79,143157,中性盘
13:25:59,18.13,0.0,5,9063,买盘
13:26:02,18.12,-0.01,11,19934,卖盘
13:26:05,18.12,0.0,23,41655,买盘
13:26:08,18.11,-0.01,30,54335,卖盘
13:26:11,18.11,0.0,42,76069,卖盘
13:26:14,18.12,0.01,84,152241,买盘
13:26:17,18.12,0.0,32,57995,卖盘
13:26:20,18.13,0.01,29,52577,买盘
13:26:26,18.12,-0.01,159,288093,卖盘
13:26:29,18.12,0.0,10,18120,买盘
13:26:32,18.12,0.0,10,18120,卖盘
13:26:35,18.13,0.01,5,9065,买盘
13:26:38,18.12,-0.01,41,74292,卖盘
13:26:41,18.12,0.0,30,54370,卖盘
13:26:44,18.13,0.01,28,50746,买盘
13:26:47,18.11,-0.02,23,41676,卖盘
13:26:50,18.12,0.01,7,12684,买盘
13:26:53,18.12,0.0,511,928807,买盘
13:26:56,18.12,0.0,25,45300,卖盘
13:26:59,18.12,0.0,30,54360,买盘
13:27:02,18.12,0.0,19,34418,买盘
13:27:05,18.11,-0.01,14,25367,卖盘
13:27:08,18.11,0.0,28,50731,卖盘
13:27:11,18.12,0.01,56,101472,买盘
13:27:14,18.11,-0.01,4,6827,卖盘
13:27:17,18.11,0.0,5,9059,卖盘
13:27:20,18.12,0.01,21,38033,买盘
13:27:23,18.11,-0.01,42,76062,卖盘
13:27:26,18.12,0.01,13,23546,买盘
13:27:29,18.11,-0.01,28,50715,卖盘
13:27:32,18.11,0.0,146,264542,卖盘
13:27:35,18.12,0.01,7,12681,买盘
13:27:38,18.11,-0.01,42,76066,卖盘
13:27:41,18.12,0.01,5,9060,买盘
13:27:44,18.12,0.0,22,39854,买盘
13:27:47,18.12,0.0,25,45300,买盘
13:27:53,18.11,-0.01,35,63416,卖盘
13:27:56,18.12,0.01,21,38052,买盘
13:27:59,18.13,0.01,74,134105,买盘
13:28:02,18.15,0.02,15,27199,买盘
13:28:05,18.15,0.0,1,1815,买盘
13:28:08,18.16,0.01,13,23591,买盘
13:28:11,18.16,0.0,14,25419,买盘
13:28:17,18.19,0.03,215,390879,买盘
13:28:20,18.18,-0.01,1,1818,中性盘
13:28:23,18.19,0.01,141,256478,买盘
13:28:26,18.19,0.0,46,83651,买盘
13:28:29,18.19,0.0,199,361981,买盘
13:28:32,18.19,0.0,76,138244,买盘
13:28:35,18.19,0.0,13,23640,买盘
13:28:38,18.19,0.0,206,374617,买盘
13:28:41,18.19,0.0,16,29100,买盘
13:28:44,18.19,0.0,29,52749,买盘
13:28:47,18.19,0.0,10,18190,买盘
13:28:50,18.19,0.0,30,54570,买盘
13:28:53,18.19,0.0,2,3638,买盘
13:28:56,18.19,0.0,21,38191,买盘
13:28:59,18.18,-0.01,34,61843,卖盘
13:29:02,18.17,-0.01,39,70898,卖盘
13:29:05,18.18,0.01,5,9090,买盘
13:29:08,18.18,0.0,86,156347,买盘
13:29:11,18.17,-0.01,87,158071,卖盘
13:29:14,18.16,-0.01,21,38136,卖盘
13:29:17,18.17,0.01,39,70831,买盘
13:29:20,18.16,-0.01,8,14528,买盘
13:29:23,18.15,-0.01,25,45386,卖盘
13:29:26,18.16,0.01,72,130716,买盘
13:29:29,18.16,0.0,32,58101,买盘
13:29:32,18.17,0.01,5,9083,买盘
13:29:35,18.15,-0.02,105,190740,卖盘
13:29:38,18.16,0.01,7,12707,中性盘
13:29:41,18.13,-0.03,25,45368,卖盘
13:29:44,18.15,0.02,50,90750,买盘
13:29:47,18.13,-0.02,5,9065,卖盘
13:29:50,18.15,0.02,15,27223,买盘
13:29:53,18.14,-0.01,20,36264,中性盘
13:29:56,18.15,0.01,25,45372,买盘
13:29:59,18.11,-0.04,163,295462,卖盘
13:30:02,18.13,0.02,13,23572,卖盘
13:30:05,18.13,0.0,62,112373,买盘
13:30:08,18.12,-0.01,8,14501,卖盘
13:30:11,18.11,-0.01,18,32604,卖盘
13:30:17,18.12,0.01,14,25360,买盘
13:30:20,18.1,-0.02,140,253526,卖盘
13:30:23,18.12,0.02,22,39854,买盘
13:30:26,18.11,-0.01,7,12677,中性盘
13:30:29,18.11,0.0,1,1811,卖盘
13:30:32,18.1,-0.01,37,66997,卖盘
13:30:35,18.11,0.01,10,18110,买盘
13:30:38,18.11,0.0,14,25356,买盘
13:30:41,18.1,-0.01,288,521280,卖盘
13:30:44,18.1,0.0,67,121275,卖盘
13:30:47,18.11,0.01,41,74219,中性盘
13:30:50,18.11,0.0,19,34393,买盘
13:30:53,18.1,-0.01,21,38025,卖盘
13:30:56,18.1,0.0,74,133952,卖盘
13:30:59,18.1,0.0,49,89107,卖盘
13:31:02,18.09,-0.01,17,30755,卖盘
13:31:05,18.09,0.0,12,21708,卖盘
13:31:08,18.09,0.0,15,27121,买盘
13:31:11,18.08,-0.01,119,215192,卖盘
13:31:14,18.07,-0.01,36,65053,卖盘
13:31:17,18.07,0.0,11,19877,卖盘
13:31:20,18.08,0.01,22,39772,买盘
13:31:23,18.06,-0.02,97,175197,卖盘
13:31:26,18.07,0.01,16,28912,买盘
13:31:29,18.07,0.0,11,19868,买盘
13:31:32,18.06,-0.01,53,95750,卖盘
13:31:35,18.06,0.0,61,110172,卖盘
13:31:38,18.06,0.0,28,50564,买盘
13:31:41,18.05,-0.01,6,10834,卖盘
13:31:44,18.05,0.0,25,45125,卖盘
13:31:47,18.05,0.0,3,5415,买盘
13:31:50,18.04,-0.01,21,37903,卖盘
13:31:53,18.03,-0.01,24,43271,卖盘
13:31:56,18.02,-0.01,19,34240,卖盘
13:31:59,18.03,0.01,5,9015,买盘
13:32:02,18.04,0.01,95,171280,买盘
13:32:05,18.02,-0.02,77,138759,卖盘
13:32:08,18.02,0.0,21,37842,买盘
13:32:11,18.03,0.01,15,27035,买盘
13:32:14,18.02,-0.01,20,36050,卖盘
13:32:17,18.02,0.0,67,120735,卖盘
13:32:20,18.01,-0.01,120,216211,卖盘
13:32:23,18.01,0.0,379,682591,卖盘
13:32:26,18.01,0.0,145,261153,卖盘
13:32:29,18.01,0.0,302,544067,卖盘
13:32:32,18.01,0.0,82,147682,卖盘
13:32:35,18.01,0.0,75,135084,卖盘
13:32:38,18.0,-0.01,49,88251,卖盘
13:32:41,18.01,0.01,32,57632,买盘
13:32:44,18.01,0.0,167,300766,买盘
13:32:47,18.01,0.0,22,39617,买盘
13:32:50,18.01,0.0,31,55831,买盘
13:32:53,18.01,0.0,87,156612,买盘
13:32:56,18.01,0.0,296,532805,买盘
13:32:59,18.0,-0.01,63,114117,卖盘
13:33:02,18.01,0.01,4,7204,买盘
13:33:05,18.01,0.0,4,7204,卖盘
13:33:08,18.02,0.01,15,27028,买盘
13:33:11,18.02,0.0,227,408995,买盘
13:33:14,18.02,0.0,20,36040,买盘
13:33:17,18.02,0.0,76,136946,买盘
13:33:20,18.01,-0.01,200,360385,卖盘
13:33:23,18.03,0.02,3,5409,买盘
13:33:26,18.03,0.0,63,113557,买盘
13:33:29,18.03,0.0,38,68514,买盘
13:33:32,18.02,-0.01,44,79297,卖盘
13:33:35,18.03,0.01,689,1241521,卖盘
13:33:38,18.02,-0.01,23,41446,卖盘
13:33:41,18.03,0.01,6,10816,买盘
13:33:44,18.02,-0.01,6,10812,卖盘
13:33:47,18.05,0.03,505,911347,买盘
