成交时间,成交价格,价格变动,成交量,成交金额,性质
09:25:03,25.51,0.0,885,2257635,卖盘
09:30:00,25.53,0.02,8,20418,买盘
09:30:03,25.52,-0.01,123,313987,卖盘
09:30:06,25.52,0.0,640,1637351,卖盘
09:30:09,25.5,-0.02,124,316619,卖盘
09:30:12,25.55,0.05,159,405669,买盘
09:30:15,25.52,-0.03,295,753877,卖盘
09:30:18,25.5,-0.02,324,826780,卖盘
09:30:21,25.48,-0.02,110,280292,卖盘
09:30:24,25.47,-0.01,330,837934,中性盘
09:30:27,25.35,-0.12,86,218665,卖盘
09:30:30,25.4,0.05,93,236200,中性盘
09:30:33,25.3,-0.1,216,547257,卖盘
09:30:36,25.29,-0.01,115,290895,卖盘
09:30:39,25.26,-0.03,170,429473,卖盘
09:30:42,25.25,-0.01,74,186798,卖盘
09:30:45,25.23,-0.02,185,466774,卖盘
09:30:48,25.19,-0.04,238,600381,卖盘
09:30:51,25.1,-0.09,66,166241,卖盘
09:30:54,25.1,0.0,41,102957,卖盘
09:30:57,25.03,-0.07,63,157978,卖盘
09:31:00,25.08,0.05,56,140148,买盘
09:31:03,25.08,0.0,154,385644,买盘
09:31:06,25.08,0.0,58,145141,中性盘
09:31:09,25.03,-0.05,152,380599,中性盘
09:31:12,25.09,0.06,21,52658,买盘
09:31:15,25.03,-0.06,88,220569,卖盘
09:31:18,25.13,0.1,81,203046,买盘
09:31:21,25.13,0.0,350,876907,买盘
09:31:24,25.1,-0.03,7,17570,买盘
09:31:27,25.1,0.0,86,215818,买盘
09:31:30,25.29,0.19,62,157513,买盘
09:31:33,25.14,-0.15,17,41760,卖盘
09:31:36,25.14,0.0,61,153335,卖盘
09:31:39,25.08,-0.06,112,281499,卖盘
09:31:42,25.15,0.07,19,47714,买盘
09:31:45,25.04,-0.11,161,404116,卖盘
09:31:48,25.04,0.0,27,67700,卖盘
09:31:51,25.03,-0.01,162,405773,卖盘
09:31:54,25.01,-0.02,220,550939,卖盘
09:31:57,24.88,-0.13,973,2432155,卖盘
09:32:00,24.85,-0.03,49,121668,卖盘
09:32:03,24.75,-0.1,130,322421,卖盘
09:32:06,24.74,-0.01,105,259801,卖盘
09:32:09,24.66,-0.08,102,251748,卖盘
09:32:12,24.58,-0.08,204,502809,卖盘
09:32:15,24.59,0.01,24,59023,中性盘
09:32:18,24.37,-0.22,516,1261726,卖盘
09:32:21,24.4,0.03,133,324503,买盘
09:32:24,24.36,-0.04,226,551410,卖盘
09:32:27,24.37,0.01,38,92460,买盘
09:32:30,24.35,-0.02,219,533809,卖盘
09:32:33,24.33,-0.02,294,716779,卖盘
09:32:36,24.31,-0.02,120,291976,卖盘
09:32:39,24.3,-0.01,124,301628,卖盘
09:32:42,24.25,-0.05,226,549102,卖盘
09:32:45,24.25,0.0,148,359390,卖盘
09:32:48,24.31,0.06,92,223456,买盘
09:32:51,24.3,-0.01,116,281216,卖盘
09:32:54,24.06,-0.24,449,1085788,卖盘
09:32:57,24.22,0.16,175,421874,中性盘
09:33:00,24.0,-0.22,120,289064,卖盘
09:33:03,24.22,0.22,51,122890,买盘
09:33:06,24.07,-0.15,235,564263,中性盘
09:33:09,24.02,-0.05,67,160913,中性盘
09:33:12,24.01,-0.01,104,249802,卖盘
09:33:15,24.22,0.21,107,258085,买盘
09:33:18,24.08,-0.14,105,252962,卖盘
09:33:21,24.24,0.16,111,268379,买盘
09:33:24,24.22,-0.02,206,499279,中性盘
09:33:27,24.24,0.02,138,334671,中性盘
09:33:30,24.39,0.15,87,212272,买盘
09:33:33,24.3,-0.09,35,85051,卖盘
09:33:36,24.3,0.0,104,254102,卖盘
09:33:39,24.31,0.01,57,138495,买盘
09:33:42,24.31,0.0,133,323343,卖盘
09:33:45,24.43,0.12,225,548396,买盘
09:33:48,24.45,0.02,420,1019797,买盘
09:33:51,24.41,-0.04,150,366373,中性盘
09:33:54,24.37,-0.04,53,129160,卖盘
09:33:57,24.36,-0.01,205,498515,中性盘
09:34:00,24.4,0.04,147,357904,买盘
09:34:03,24.4,0.0,187,456095,卖盘
09:34:06,24.39,-0.01,209,510212,卖盘
09:34:09,24.45,0.06,302,737891,买盘
09:34:12,24.45,0.0,248,606365,卖盘
09:34:15,24.52,0.07,83,203346,买盘
09:34:18,24.5,-0.02,209,512068,卖盘
09:34:21,24.74,0.24,81,198870,买盘
09:34:24,24.51,-0.23,83,203911,卖盘
09:34:27,24.74,0.23,357,876933,买盘
09:34:30,24.51,-0.23,684,1690679,卖盘
09:34:33,24.56,0.05,137,335610,中性盘
09:34:36,24.59,0.03,162,398028,中性盘
09:34:39,24.49,-0.1,143,350474,卖盘
09:34:42,24.59,0.1,527,1292834,买盘
09:34:45,24.56,-0.03,45,110653,卖盘
09:34:48,24.6,0.04,40,98292,买盘
09:34:51,24.59,-0.01,66,161769,中性盘
09:34:54,24.61,0.02,41,100807,买盘
09:34:57,24.6,-0.01,61,150021,卖盘
09:35:00,24.63,0.03,321,790239,买盘
09:35:03,24.7,0.07,60,148157,买盘
09:35:06,24.8,0.1,60,148686,买盘
09:35:09,24.85,0.05,19,47207,中性盘
09:35:12,24.97,0.12,68,169715,买盘
09:35:15,24.99,0.02,85,212385,买盘
09:35:18,25.01,0.02,27,67471,中性盘
09:35:21,25.07,0.06,86,215417,买盘
09:35:24,24.86,-0.21,322,805108,卖盘
09:35:27,24.9,0.04,48,120158,中性盘
09:35:30,24.9,0.0,33,82233,卖盘
09:35:33,24.9,0.0,17,42359,卖盘
09:35:36,25.04,0.14,57,142739,买盘
09:35:39,24.92,-0.12,61,152419,中性盘
09:35:42,25.04,0.12,37,92356,中性盘
09:35:45,25.01,-0.03,178,444577,中性盘
09:35:48,25.03,0.02,27,67548,买盘
09:35:51,25.02,-0.01,112,280243,卖盘
09:35:54,25.0,-0.02,51,127580,卖盘
09:35:57,25.0,0.0,732,1828839,买盘
09:36:00,25.04,0.04,1287,3215004,买盘
09:36:03,25.15,0.11,116,290889,买盘
09:36:06,25.2,0.05,55,138544,买盘
09:36:09,25.17,-0.03,29,73052,卖盘
09:36:12,25.09,-0.08,14,35142,卖盘
09:36:15,24.92,-0.17,285,712001,卖盘
09:36:18,25.0,0.08,5,12492,买盘
09:36:21,24.92,-0.08,18,44874,卖盘
09:36:24,24.9,-0.02,33,82199,卖盘
09:36:27,24.86,-0.04,105,261186,卖盘
09:36:30,24.9,0.04,10,24900,买盘
09:36:33,24.86,-0.04,57,141730,卖盘
09:36:36,24.83,-0.03,10,24830,买盘
09:36:39,24.9,0.07,131,326002,买盘
09:36:42,24.95,0.05,2,4990,中性盘
09:36:45,25.03,0.08,36,89827,买盘
09:36:48,25.02,-0.01,42,104865,中性盘
09:36:51,24.93,-0.09,7,17503,卖盘
09:36:54,24.92,-0.01,65,162042,卖盘
09:36:57,24.93,0.01,27,67386,卖盘
09:37:00,24.94,0.01,4,9985,卖盘
09:37:03,24.94,0.0,5,12470,卖盘
09:37:06,24.94,0.0,15,37410,卖盘
09:37:09,24.94,0.0,40,99777,卖盘
09:37:12,24.9,-0.04,110,274127,卖盘
09:37:15,25.01,0.11,68,169833,买盘
09:37:18,24.9,-0.11,1,2490,卖盘
09:37:21,24.91,0.01,22,54813,中性盘
09:37:24,24.88,-0.03,16,39821,卖盘
09:37:27,24.87,-0.01,122,303628,卖盘
09:37:30,24.87,0.0,13,32359,卖盘
09:37:33,24.88,0.01,37,91940,买盘
09:37:36,24.89,0.01,3,7467,卖盘
09:37:39,24.88,-0.01,45,111986,卖盘
09:37:42,24.9,0.02,12,29870,买盘
09:37:45,24.9,0.0,43,107090,卖盘
09:37:48,24.88,-0.02,26,64704,卖盘
09:37:51,24.89,0.01,15,37335,卖盘
09:37:54,24.9,0.01,13,32360,买盘
09:37:57,24.89,-0.01,31,77176,卖盘
09:38:00,24.71,-0.18,592,1468843,卖盘
09:38:03,24.71,0.0,128,316283,买盘
09:38:06,24.7,-0.01,9,22231,卖盘
09:38:09,24.69,-0.01,7,17283,卖盘
09:38:12,24.69,0.0,30,74070,卖盘
09:38:15,24.68,-0.01,59,145634,卖盘
09:38:18,24.67,-0.01,20,49365,卖盘
09:38:21,24.69,0.02,7,17270,买盘
09:38:24,24.7,0.01,50,123483,买盘
09:38:27,24.78,0.08,13,32178,中性盘
09:38:30,24.72,-0.06,21,51965,卖盘
09:38:33,24.72,0.0,24,59451,卖盘
09:38:39,24.72,0.0,8,19776,卖盘
09:38:42,24.72,0.0,12,29697,卖盘
09:38:45,24.73,0.01,13,32144,买盘
09:38:48,24.71,-0.02,53,130944,卖盘
09:38:51,24.73,0.02,31,76663,卖盘
09:38:54,24.69,-0.04,82,202720,卖盘
09:38:57,24.69,0.0,14,34566,卖盘
09:39:00,24.69,0.0,8,19752,买盘
09:39:03,24.69,0.0,21,51844,买盘
09:39:06,24.71,0.02,118,291648,中性盘
09:39:09,24.71,0.0,3,7415,卖盘
09:39:15,24.71,0.0,12,29667,卖盘
09:39:18,24.72,0.01,5,12360,买盘
09:39:21,24.72,0.0,13,32131,买盘
09:39:24,24.72,0.0,17,42024,买盘
09:39:27,24.71,-0.01,66,163130,卖盘
09:39:30,24.7,-0.01,32,79041,卖盘
09:39:33,24.69,-0.01,11,27162,卖盘
09:39:36,24.72,0.03,26,64227,买盘
09:39:39,24.68,-0.04,25,61706,卖盘
09:39:42,24.72,0.04,107,264496,买盘
09:39:45,24.69,-0.03,19,46920,卖盘
09:39:48,24.69,0.0,1,2469,卖盘
09:39:51,24.69,0.0,47,115999,卖盘
09:39:54,24.69,0.0,101,249282,买盘
09:39:57,24.71,0.02,223,550360,买盘
09:40:00,24.67,-0.04,23,56770,卖盘
09:40:03,24.69,0.02,17,41962,买盘
09:40:06,24.62,-0.07,167,411609,卖盘
09:40:09,24.63,0.01,12,29546,买盘
09:40:12,24.63,0.0,6,14778,买盘
09:40:15,24.67,0.04,13,32043,买盘
09:40:18,24.63,-0.04,27,66525,卖盘
09:40:21,24.64,0.01,6,14779,中性盘
09:40:24,24.66,0.02,62,152945,中性盘
09:40:27,24.63,-0.03,338,832310,卖盘
09:40:30,24.67,0.04,8,19736,买盘
09:40:33,24.63,-0.04,9,22167,卖盘
09:40:36,24.63,0.0,40,98464,卖盘
09:40:39,24.58,-0.05,285,701017,卖盘
09:40:42,24.56,-0.02,20,49127,卖盘
09:40:45,24.59,0.03,47,115309,买盘
09:40:48,24.56,-0.03,1,2456,中性盘
09:40:51,24.56,0.0,48,117852,买盘
09:40:54,24.53,-0.03,76,186535,卖盘
09:40:57,24.5,-0.03,408,1000190,卖盘
09:41:00,24.5,0.0,236,577866,买盘
09:41:03,24.5,0.0,25,61228,买盘
09:41:06,24.46,-0.04,11,26930,卖盘
09:41:09,24.45,-0.01,13,31785,卖盘
09:41:12,24.45,0.0,76,186342,卖盘
09:41:15,24.44,-0.01,35,85070,卖盘
09:41:18,24.59,0.15,298,730592,买盘
09:41:21,24.63,0.04,580,1425512,买盘
09:41:24,24.65,0.02,21,51741,买盘
09:41:27,24.69,0.04,168,414214,买盘
09:41:33,24.63,-0.06,24,59204,卖盘
09:41:36,24.68,0.05,2,4936,中性盘
09:41:39,24.64,-0.04,5,12320,卖盘
09:41:42,24.66,0.02,10,24660,卖盘
09:41:45,24.7,0.04,18,44410,买盘
09:41:48,24.64,-0.06,188,463844,卖盘
09:41:51,24.64,0.0,16,39418,买盘
09:41:54,24.64,0.0,25,61600,买盘
09:41:57,24.64,0.0,7,17243,买盘
09:42:00,24.64,0.0,158,389124,买盘
09:42:03,24.63,-0.01,20,49175,中性盘
09:42:06,24.63,0.0,13,32027,卖盘
09:42:09,24.6,-0.03,21,51711,卖盘
09:42:12,24.5,-0.1,17,41676,卖盘
09:42:15,24.47,-0.03,5,12236,卖盘
09:42:18,24.5,0.03,91,222911,买盘
09:42:21,24.51,0.01,5,12255,卖盘
09:42:24,24.51,0.0,2,4902,卖盘
09:42:27,24.51,0.0,6,14706,卖盘
09:42:30,24.51,0.0,10,24510,卖盘
09:42:33,24.49,-0.02,30,73501,卖盘
09:42:36,24.49,0.0,13,31881,卖盘
09:42:39,24.49,0.0,17,41633,卖盘
09:42:42,24.51,0.02,11,26951,买盘
09:42:45,24.51,0.0,11,26948,买盘
09:42:51,24.64,0.13,161,397119,买盘
09:42:54,24.64,0.0,26,64064,卖盘
09:42:57,24.64,0.0,6,14784,卖盘
09:43:00,24.64,0.0,4,9856,卖盘
09:43:03,24.66,0.02,15,36980,买盘
09:43:06,24.64,-0.02,31,76404,卖盘
09:43:09,24.66,0.02,13,32045,中性盘
09:43:12,24.7,0.04,23,56808,买盘
09:43:15,24.7,0.0,6,14820,卖盘
09:43:21,24.66,-0.04,35,86310,卖盘
09:43:24,24.64,-0.02,6,14295,卖盘
09:43:27,24.64,0.0,5,12758,买盘
09:43:30,24.53,-0.11,10,24539,卖盘
09:43:33,24.65,0.12,43,106055,中性盘
09:43:39,24.66,0.01,5,12330,卖盘
09:43:45,24.69,0.03,25,61614,买盘
09:43:48,24.7,0.01,3,7406,买盘
09:43:51,24.54,-0.16,5,12270,卖盘
09:43:54,24.54,0.0,10,24540,卖盘
09:43:57,24.77,0.23,81,200497,买盘
09:44:00,24.77,0.0,130,322003,买盘
09:44:03,24.7,-0.07,1,2470,卖盘
09:44:06,24.69,-0.01,1,2469,买盘
09:44:09,24.7,0.01,14,34508,买盘
09:44:12,24.6,-0.1,105,258470,卖盘
09:44:15,24.6,0.0,39,95934,买盘
09:44:18,24.7,0.1,301,740580,买盘
09:44:21,24.69,-0.01,29,71621,卖盘
09:44:24,24.7,0.01,15,37051,卖盘
09:44:27,24.7,0.0,9,22230,卖盘
09:44:30,24.69,-0.01,1,2469,卖盘
09:44:33,24.7,0.01,10,24695,买盘
09:44:36,24.81,0.11,23,56929,买盘
09:44:39,24.81,0.0,12,29772,卖盘
09:44:42,24.81,0.0,16,39700,卖盘
09:44:45,24.81,0.0,7,17367,卖盘
09:44:48,24.82,0.01,1,2482,中性盘
09:44:51,24.82,0.0,42,104209,买盘
09:44:54,24.81,-0.01,3,7445,卖盘
09:44:57,24.8,-0.01,45,111620,卖盘
09:45:00,24.8,0.0,1,2480,买盘
09:45:03,24.71,-0.09,52,128514,卖盘
09:45:06,24.85,0.14,96,238113,买盘
09:45:09,24.88,0.03,48,119323,买盘
09:45:12,25.0,0.12,194,484865,买盘
09:45:15,25.08,0.08,56,140352,买盘
09:45:18,25.12,0.04,51,128112,中性盘
09:45:21,25.15,0.03,47,118187,买盘
09:45:24,25.12,-0.03,165,414496,卖盘
09:45:27,25.14,0.02,46,115663,卖盘
09:45:30,25.15,0.01,80,201206,买盘
09:45:33,25.1,-0.05,1957,4947566,卖盘
09:45:36,25.15,0.05,5,12575,买盘
09:45:39,24.96,-0.19,525,1311678,卖盘
09:45:45,25.14,0.18,14,35101,买盘
09:45:48,25.14,0.0,89,223741,买盘
09:45:51,25.0,-0.14,5,12500,卖盘
09:45:54,25.14,0.14,32,80422,买盘
09:45:57,25.14,0.0,7,17531,买盘
09:46:00,25.15,0.01,5,12573,买盘
09:46:03,25.0,-0.15,5,12504,卖盘
09:46:06,25.13,0.13,2,5019,买盘
09:46:09,25.1,-0.03,9,22540,中性盘
09:46:12,25.15,0.05,162,407315,买盘
09:46:15,25.15,0.0,275,691625,卖盘
09:46:18,25.15,0.0,68,171042,卖盘
09:46:21,25.16,0.01,37,93089,卖盘
09:46:24,25.16,0.0,12,30200,卖盘
09:46:27,25.0,-0.16,6,15047,卖盘
09:46:30,25.14,0.14,5,12544,买盘
09:46:33,25.01,-0.13,46,115046,卖盘
09:46:36,25.04,0.03,1,2504,中性盘
09:46:39,25.04,0.0,5,12520,卖盘
09:46:42,25.13,0.09,2,5026,买盘
09:46:45,25.13,0.0,44,110500,买盘
09:46:51,25.04,-0.09,6,15024,卖盘
09:46:57,25.02,-0.02,15,37530,卖盘
09:47:00,25.02,0.0,8,20016,卖盘
09:47:03,25.04,0.02,15,37536,买盘
09:47:06,25.02,-0.02,30,75104,卖盘
09:47:09,25.02,0.0,15,37560,卖盘
09:47:12,25.0,-0.02,5,12504,卖盘
09:47:15,25.02,0.02,36,90004,中性盘
09:47:18,25.0,-0.02,12,30012,卖盘
09:47:21,25.0,0.0,15,37470,买盘
09:47:27,24.91,-0.09,5,12455,卖盘
09:47:30,24.8,-0.11,241,600325,卖盘
09:47:33,24.91,0.11,33,81884,中性盘
09:47:36,24.96,0.05,6,14976,卖盘
09:47:39,25.02,0.06,74,184858,买盘
09:47:42,25.01,-0.01,16,40016,卖盘
09:47:45,24.9,-0.11,19,47400,卖盘
09:47:51,24.9,0.0,7,17430,卖盘
09:47:54,24.91,0.01,8,19923,买盘
09:47:57,24.91,0.0,6,14946,卖盘
09:48:03,25.0,0.09,22,54950,买盘
09:48:06,24.95,-0.05,3,7495,卖盘
09:48:09,24.95,0.0,6,14970,卖盘
09:48:12,25.01,0.06,42,105042,买盘
09:48:15,25.01,0.0,25,62499,买盘
09:48:18,25.0,-0.01,6,15000,中性盘
09:48:21,24.96,-0.04,19,47448,卖盘
09:48:27,25.01,0.05,49,122369,买盘
09:48:33,25.01,0.0,5,12505,卖盘
09:48:36,25.02,0.01,16,40019,买盘
09:48:39,25.01,-0.01,5,12505,卖盘
09:48:42,25.02,0.01,199,497288,买盘
09:48:45,24.95,-0.07,5,12475,卖盘
09:48:51,24.95,0.0,8,19960,卖盘
09:48:54,24.95,0.0,39,97323,卖盘
09:48:57,24.97,0.02,27,67390,中性盘
09:49:00,24.97,0.0,4,9988,卖盘
09:49:03,24.95,-0.02,6,14955,买盘
09:49:06,24.9,-0.05,103,256503,卖盘
09:49:09,24.89,-0.01,5,12445,卖盘
09:49:12,24.89,0.0,1,2489,中性盘
09:49:15,24.9,0.01,32,79664,买盘
09:49:21,24.82,-0.08,25,62153,卖盘
09:49:24,24.82,0.0,8,19856,买盘
09:49:27,24.81,-0.01,5,12405,卖盘
09:49:30,24.81,0.0,43,106699,卖盘
09:49:33,24.8,-0.01,13,32241,卖盘
09:49:36,24.88,0.08,20,49657,买盘
09:49:39,24.81,-0.07,10,24807,中性盘
09:49:45,24.88,0.07,6,14889,买盘
09:49:48,24.81,-0.07,12,29772,卖盘
09:49:51,24.81,0.0,15,37215,卖盘
09:49:57,24.81,0.0,5,12405,卖盘
09:50:00,24.9,0.09,1,2490,买盘
09:50:03,24.81,-0.09,12,29772,卖盘
09:50:06,24.82,0.01,1,2482,中性盘
09:50:09,24.82,0.0,6,14892,卖盘
09:50:12,24.82,0.0,2,4964,卖盘
09:50:15,24.82,0.0,8,19856,卖盘
09:50:18,24.82,0.0,4,9928,卖盘
09:50:21,24.82,0.0,16,39712,卖盘
09:50:24,24.76,-0.06,122,302521,卖盘
09:50:27,24.76,0.0,6,14846,买盘
09:50:30,24.76,0.0,3,7428,买盘
09:50:33,24.76,0.0,6,14844,买盘
09:50:39,24.74,-0.02,38,94007,买盘
09:50:45,24.73,-0.01,17,42041,卖盘
09:50:48,24.74,0.01,5,12370,买盘
09:50:51,24.72,-0.02,6,14837,卖盘
09:50:54,24.73,0.01,3,7419,中性盘
09:50:57,24.71,-0.02,5,12355,卖盘
09:51:00,24.71,0.0,9,22239,卖盘
09:51:03,24.71,0.0,14,34589,买盘
09:51:09,24.72,0.01,7,17292,买盘
09:51:12,24.71,-0.01,4,9884,卖盘
09:51:15,24.72,0.01,12,29658,买盘
09:51:18,24.74,0.02,14,34636,买盘
09:51:21,24.77,0.03,12,29709,中性盘
09:51:27,24.82,0.05,170,421909,买盘
09:51:33,24.83,0.01,8,19864,卖盘
09:51:36,24.83,0.0,1,2483,卖盘
09:51:39,24.83,0.0,36,89388,卖盘
09:51:42,24.87,0.04,21,52155,买盘
09:51:45,24.82,-0.05,20,49654,卖盘
09:51:48,24.82,0.0,18,44686,卖盘
09:51:51,24.8,-0.02,6,14882,卖盘
09:51:54,24.83,0.03,48,119132,买盘
09:51:57,24.8,-0.03,47,116560,卖盘
09:52:00,24.78,-0.02,2,4957,卖盘
09:52:03,24.8,0.02,11,27270,买盘
09:52:06,24.78,-0.02,2,4956,卖盘
09:52:09,24.79,0.01,12,29742,中性盘
09:52:15,24.78,-0.01,161,398972,卖盘
09:52:18,24.78,0.0,5,12390,卖盘
09:52:21,24.78,0.0,9,22302,卖盘
09:52:24,24.79,0.01,45,111537,买盘
09:52:27,24.79,0.0,5,12395,卖盘
09:52:33,24.79,0.0,7,17353,卖盘
09:52:36,24.79,0.0,8,19832,卖盘
09:52:39,24.79,0.0,9,22311,卖盘
09:52:42,24.8,0.01,10,24800,买盘
09:52:45,24.8,0.0,12,29751,买盘
09:52:48,24.78,-0.02,121,299929,卖盘
09:52:51,24.79,0.01,11,27260,买盘
09:52:54,24.79,0.0,5,12395,买盘
09:52:57,24.78,-0.01,50,123900,卖盘
09:53:00,24.78,0.0,3,7434,卖盘
09:53:03,24.76,-0.02,130,322166,卖盘
09:53:06,24.76,0.0,1,2476,卖盘
09:53:09,24.8,0.04,15,37173,买盘
09:53:12,24.79,-0.01,13,32227,买盘
09:53:15,24.79,0.0,6,14874,卖盘
09:53:18,24.87,0.08,122,302853,买盘
09:53:21,24.87,0.0,40,99513,卖盘
09:53:24,24.89,0.02,3,7465,买盘
09:53:27,24.89,0.0,7,17418,买盘
09:53:33,24.89,0.0,9,22395,买盘
09:53:39,24.89,0.0,6,14934,卖盘
09:53:42,25.01,0.12,100,250008,买盘
09:53:45,24.89,-0.12,15,37335,卖盘
09:53:48,25.02,0.13,20,50024,买盘
09:53:51,24.89,-0.13,5,12445,卖盘
09:53:57,24.89,0.0,5,12446,卖盘
09:54:03,24.91,0.02,5,12455,卖盘
09:54:06,24.91,0.0,1,2491,卖盘
09:54:09,25.01,0.1,8,19948,买盘
09:54:15,24.9,-0.11,5,12452,卖盘
09:54:18,25.01,0.11,44,109994,买盘
09:54:21,24.91,-0.1,195,487655,卖盘
09:54:24,25.02,0.11,60,150106,买盘
09:54:27,24.91,-0.11,5,12455,卖盘
09:54:30,25.02,0.11,5,12504,买盘
09:54:33,25.0,-0.02,3,7500,卖盘
09:54:36,24.92,-0.08,1,2492,中性盘
09:54:39,24.92,0.0,5,12460,卖盘
09:54:45,24.92,0.0,5,12460,卖盘
09:54:48,24.92,0.0,2,4984,卖盘
09:54:51,25.05,0.13,14,34945,买盘
09:54:54,25.0,-0.05,7,17500,中性盘
09:54:57,24.92,-0.08,17,42366,卖盘
09:55:00,25.05,0.13,22,55010,买盘
09:55:03,24.92,-0.13,7,17444,卖盘
09:55:09,24.99,0.07,7,17451,买盘
09:55:12,24.99,0.0,13,32477,买盘
09:55:15,25.0,0.01,16,39979,买盘
09:55:21,25.01,0.01,19,47515,中性盘
09:55:27,25.0,-0.01,5,12504,卖盘
09:55:33,25.0,0.0,9,22501,卖盘
09:55:39,25.0,0.0,7,17500,卖盘
09:55:42,24.99,-0.01,75,187487,卖盘
09:55:45,25.0,0.01,9,22484,买盘
09:55:51,24.97,-0.03,1,2497,卖盘
09:55:54,24.96,-0.01,4,9984,买盘
09:55:57,24.98,0.02,30,74911,买盘
09:56:03,24.97,-0.01,208,519067,中性盘
09:56:06,24.79,-0.18,713,1770615,卖盘
09:56:09,24.78,-0.01,10,24770,中性盘
09:56:12,24.79,0.01,23,57011,买盘
09:56:15,24.78,-0.01,5,12390,卖盘
09:56:18,24.79,0.01,5,12395,买盘
09:56:21,24.78,-0.01,15,37170,卖盘
09:56:24,24.78,0.0,17,42126,卖盘
09:56:27,24.78,0.0,709,1752508,买盘
09:56:30,24.78,0.0,8,19824,买盘
09:56:33,24.78,0.0,13,32202,买盘
09:56:36,24.71,-0.07,2,4947,卖盘
09:56:39,24.79,0.08,105,260042,买盘
09:56:42,24.71,-0.08,21,51897,卖盘
09:56:45,24.79,0.08,448,1110421,买盘
09:56:48,24.66,-0.13,406,1002374,卖盘
09:56:51,24.67,0.01,5,12335,卖盘
09:56:54,24.77,0.1,10,24770,买盘
09:56:57,24.77,0.0,12,29645,买盘
09:57:00,24.7,-0.07,100,247679,卖盘
09:57:03,24.76,0.06,10,24725,买盘
09:57:06,24.7,-0.06,4,9880,中性盘
09:57:09,24.76,0.06,13,32134,买盘
09:57:15,24.7,-0.06,6,14820,卖盘
09:57:18,24.7,0.0,4,9880,卖盘
09:57:21,24.75,0.05,9,22250,中性盘
09:57:24,24.7,-0.05,65,160873,卖盘
09:57:27,24.71,0.01,6,14819,中性盘
09:57:33,24.7,-0.01,6,14824,卖盘
09:57:36,24.7,0.0,7,17290,卖盘
09:57:39,24.7,0.0,9,22230,卖盘
09:57:42,24.67,-0.03,385,950200,卖盘
09:57:45,24.66,-0.01,109,268794,卖盘
09:57:48,24.66,0.0,58,143028,卖盘
09:57:51,24.67,0.01,8,19729,买盘
09:57:54,24.66,-0.01,1,2466,卖盘
09:57:57,24.68,0.02,108,266528,买盘
09:58:00,24.68,0.0,1,2468,买盘
09:58:03,24.66,-0.02,8,19729,卖盘
09:58:06,24.68,0.02,20,49360,买盘
09:58:09,24.66,-0.02,64,157881,卖盘
09:58:12,24.6,-0.06,598,1472046,卖盘
09:58:15,24.58,-0.02,5,12292,卖盘
09:58:18,24.59,0.01,47,115535,买盘
09:58:21,24.55,-0.04,5,12276,卖盘
09:58:27,24.58,0.03,27,66367,卖盘
09:58:30,24.59,0.01,1,2459,买盘
09:58:33,24.58,-0.01,24,58992,卖盘
09:58:36,24.58,0.0,10,24577,买盘
09:58:39,24.58,0.0,7,17196,买盘
09:58:42,24.56,-0.02,71,174323,卖盘
09:58:45,24.55,-0.01,10,24557,卖盘
09:58:51,24.58,0.03,34,83541,买盘
09:58:54,24.59,0.01,2,4918,买盘
09:58:57,24.59,0.0,5,12295,卖盘
09:59:00,24.59,0.0,2,4918,卖盘
09:59:03,24.59,0.0,6,14753,卖盘
09:59:06,24.64,0.05,33,81157,买盘
09:59:09,24.6,-0.04,5,12300,卖盘
09:59:12,24.64,0.04,20,49280,买盘
09:59:15,24.6,-0.04,11,27055,卖盘
09:59:18,24.6,0.0,5,12300,卖盘
09:59:21,24.6,0.0,11,27055,买盘
09:59:27,24.58,-0.02,181,444900,卖盘
09:59:30,24.59,0.01,66,162235,买盘
09:59:33,24.64,0.05,27,66409,买盘
09:59:39,24.64,0.0,16,39325,买盘
09:59:42,24.58,-0.06,50,122900,卖盘
09:59:45,24.59,0.01,13,31948,买盘
09:59:48,24.64,0.05,9,22155,买盘
09:59:51,24.59,-0.05,7,17213,卖盘
09:59:54,24.59,0.0,1,2459,卖盘
09:59:57,24.63,0.04,95,233745,买盘
10:00:03,24.58,-0.05,57,140255,卖盘
10:00:06,24.54,-0.04,101,247915,卖盘
10:00:09,24.52,-0.02,101,247840,卖盘
10:00:12,24.56,0.04,60,147360,买盘
10:00:15,24.52,-0.04,61,149933,卖盘
10:00:21,24.52,0.0,27,66255,卖盘
10:00:24,24.42,-0.1,873,2137474,卖盘
10:00:27,24.4,-0.02,404,985760,卖盘
10:00:30,24.38,-0.02,12,29260,卖盘
10:00:33,24.4,0.02,25,60980,买盘
10:00:36,24.4,0.0,5,12200,买盘
10:00:39,24.4,0.0,58,141520,卖盘
10:00:42,24.37,-0.03,38,92663,卖盘
10:00:45,24.41,0.04,14,34143,买盘
10:00:48,24.42,0.01,53,129407,买盘
10:00:51,24.41,-0.01,70,170658,卖盘
10:00:54,24.36,-0.05,3,7313,卖盘
10:00:57,24.33,-0.03,75,182521,卖盘
10:01:03,24.31,-0.02,140,340522,卖盘
10:01:06,24.28,-0.03,300,728995,卖盘
10:01:09,24.26,-0.02,62,150441,卖盘
10:01:12,24.28,0.02,23,55822,买盘
10:01:15,24.28,0.0,46,111587,买盘
10:01:18,24.28,0.0,53,128638,买盘
10:01:21,24.28,0.0,57,138421,卖盘
10:01:24,24.29,0.01,66,160311,买盘
10:01:27,24.29,0.0,30,72873,卖盘
10:01:30,24.31,0.02,2,4862,买盘
10:01:33,24.31,0.0,6,14581,买盘
10:01:36,24.32,0.01,10,24325,中性盘
10:01:39,24.32,0.0,20,48640,卖盘
10:01:42,24.34,0.02,108,263839,买盘
10:01:45,24.34,0.0,9,21902,卖盘
10:01:48,24.33,-0.01,153,372543,卖盘
10:01:51,24.35,0.02,38,92495,买盘
10:01:54,24.35,0.0,58,141138,买盘
10:01:57,24.34,-0.01,104,253096,买盘
10:02:00,24.35,0.01,106,256924,买盘
10:02:03,24.34,-0.01,102,248262,买盘
10:02:06,24.34,0.0,206,500829,买盘
10:02:09,24.26,-0.08,56,136164,卖盘
10:02:12,24.27,0.01,25,60680,中性盘
10:02:15,24.25,-0.02,5,12126,卖盘
10:02:18,24.26,0.01,5,12130,买盘
10:02:21,24.26,0.0,98,237641,买盘
10:02:24,24.23,-0.03,16,38784,卖盘
10:02:27,24.23,0.0,38,92099,卖盘
10:02:30,24.2,-0.03,238,576373,卖盘
10:02:33,24.2,0.0,82,198480,卖盘
10:02:39,24.2,0.0,224,542143,卖盘
10:02:42,24.19,-0.01,7,16934,中性盘
10:02:45,24.2,0.01,16,38702,买盘
10:02:48,24.11,-0.09,145,350209,卖盘
10:02:51,24.23,0.12,97,234482,买盘
10:02:54,24.23,0.0,5,12097,买盘
10:02:57,24.23,0.0,25,60506,买盘
10:03:00,24.11,-0.12,45,108822,卖盘
10:03:03,24.23,0.12,25,60515,买盘
10:03:06,24.23,0.0,2,4846,买盘
10:03:09,24.22,-0.01,35,84605,中性盘
10:03:12,24.21,-0.01,36,86942,买盘
10:03:15,24.21,0.0,106,255845,买盘
10:03:18,24.21,0.0,37,89519,买盘
10:03:21,24.21,0.0,21,50777,买盘
10:03:24,24.21,0.0,22,53262,卖盘
10:03:27,24.2,-0.01,9,21784,卖盘
10:03:30,24.12,-0.08,201,484883,卖盘
10:03:33,24.12,0.0,61,147125,买盘
10:03:36,24.12,0.0,38,91656,买盘
10:03:39,24.12,0.0,44,106110,买盘
10:03:42,24.1,-0.02,54,130170,卖盘
10:03:45,24.12,0.02,67,161515,买盘
10:03:48,24.12,0.0,117,282026,买盘
10:03:51,24.12,0.0,33,79596,卖盘
10:03:54,24.11,-0.01,154,371393,卖盘
10:03:57,24.12,0.01,14,33756,中性盘
10:04:00,24.12,0.0,30,72358,买盘
10:04:03,24.11,-0.01,6,14466,卖盘
10:04:06,24.12,0.01,78,188136,买盘
10:04:09,24.1,-0.02,64,154286,卖盘
10:04:12,24.01,-0.09,1316,3164498,卖盘
10:04:15,24.01,0.0,21,50520,卖盘
10:04:18,24.01,0.0,74,177894,卖盘
10:04:21,24.06,0.05,20,48058,买盘
10:04:27,24.06,0.0,109,262003,卖盘
10:04:30,24.08,0.02,69,166152,买盘
10:04:33,24.09,0.01,15,36132,中性盘
10:04:39,24.2,0.11,15,36200,买盘
10:04:42,24.09,-0.11,56,134999,卖盘
10:04:45,24.09,0.0,60,144551,卖盘
10:04:48,24.09,0.0,32,77088,买盘
10:04:51,24.09,0.0,134,322801,买盘
10:04:54,24.2,0.11,162,391498,买盘
10:04:57,24.2,0.0,31,74970,中性盘
10:05:00,24.1,-0.1,9,21690,卖盘
10:05:03,24.09,-0.01,165,397590,卖盘
10:05:06,24.16,0.07,109,263535,中性盘
10:05:09,24.08,-0.08,207,498641,卖盘
10:05:12,24.08,0.0,79,190228,卖盘
10:05:15,24.1,0.02,25,60201,买盘
10:05:18,24.09,-0.01,89,214432,卖盘
10:05:21,24.1,0.01,17,40965,中性盘
10:05:24,24.1,0.0,3,7230,卖盘
10:05:27,24.16,0.06,242,584564,买盘
10:05:30,24.16,0.0,80,193280,卖盘
10:05:33,24.19,0.03,36,87066,买盘
10:05:36,24.1,-0.09,198,478197,卖盘
10:05:39,24.16,0.06,48,115944,买盘
10:05:42,24.16,0.0,73,175975,买盘
10:05:45,24.16,0.0,35,84530,买盘
10:05:48,24.14,-0.02,37,89283,中性盘
10:05:51,24.16,0.02,12,28982,中性盘
10:05:54,24.18,0.02,81,195776,买盘
10:05:57,24.16,-0.02,65,157164,卖盘
10:06:00,24.15,-0.01,21,50716,卖盘
10:06:03,24.18,0.03,20,48341,买盘
10:06:06,24.18,0.0,7,16926,卖盘
10:06:09,24.19,0.01,8,19347,买盘
10:06:12,24.2,0.01,1,2420,中性盘
10:06:15,24.2,0.0,6,14520,卖盘
10:06:18,24.21,0.01,2,5810,买盘
10:06:21,24.24,0.03,36,87216,买盘
10:06:24,24.26,0.02,1,2426,买盘
10:06:27,24.26,0.0,14,33939,买盘
10:06:30,24.26,0.0,54,131284,卖盘
10:06:33,24.21,-0.05,69,167235,卖盘
10:06:36,24.33,0.12,56,136248,中性盘
10:06:39,24.26,-0.07,100,242721,卖盘
10:06:42,24.27,0.01,67,162654,买盘
10:06:45,24.27,0.0,6,14532,中性盘
10:06:48,24.27,0.0,102,247329,买盘
10:06:51,24.28,0.01,98,237930,中性盘
10:06:54,24.26,-0.02,10,24269,卖盘
10:06:57,24.2,-0.06,64,155041,卖盘
10:07:00,24.2,0.0,16,38739,卖盘
10:07:03,24.2,0.0,5,12100,卖盘
10:07:06,24.2,0.0,25,60566,卖盘
10:07:09,24.27,0.07,167,404605,买盘
10:07:12,24.27,0.0,19,46113,卖盘
10:07:15,24.26,-0.01,6,14556,卖盘
10:07:18,24.23,-0.03,7,16961,卖盘
10:07:21,24.23,0.0,11,26653,卖盘
10:07:24,24.27,0.04,223,541281,买盘
10:07:27,24.25,-0.02,32,77624,中性盘
10:07:30,24.24,-0.01,10,24243,卖盘
10:07:33,24.25,0.01,13,31516,买盘
10:07:36,24.25,0.0,64,155200,卖盘
10:07:39,24.27,0.02,41,99463,买盘
10:07:42,24.27,0.0,20,48541,卖盘
10:07:45,24.27,0.0,135,327470,卖盘
10:07:48,24.28,0.01,14,33495,买盘
10:07:51,24.28,0.0,24,58250,买盘
10:07:54,24.28,0.0,2,4856,卖盘
10:07:57,24.3,0.02,34,82554,买盘
10:08:00,24.28,-0.02,26,63146,中性盘
10:08:03,24.31,0.03,44,106924,买盘
10:08:06,24.27,-0.04,100,242801,卖盘
10:08:09,24.32,0.05,55,133740,中性盘
10:08:12,24.3,-0.02,2,4860,卖盘
10:08:15,24.27,-0.03,8,19420,卖盘
10:08:18,24.25,-0.02,231,560190,卖盘
10:08:21,24.2,-0.05,29,70722,卖盘
10:08:27,24.2,0.0,21,50820,卖盘
10:08:30,24.22,0.02,7,16949,买盘
10:08:33,24.22,0.0,7,16947,买盘
10:08:36,24.23,0.01,4,9692,中性盘
10:08:39,24.25,0.02,20,48443,买盘
10:08:42,24.25,0.0,3,7275,买盘
10:08:45,24.25,0.0,7,16960,买盘
10:08:48,24.25,0.0,4,9700,买盘
10:08:51,24.25,0.0,21,50910,买盘
10:08:54,24.25,0.0,18,43650,买盘
10:08:57,24.22,-0.03,11,26654,卖盘
10:09:00,24.25,0.03,15,36360,买盘
10:09:03,24.25,0.0,20,48465,买盘
10:09:06,24.25,0.0,4,9700,买盘
10:09:09,24.24,-0.01,8,19392,卖盘
10:09:12,24.23,-0.01,18,43623,卖盘
10:09:15,24.23,0.0,5,12115,卖盘
10:09:21,24.25,0.02,256,620357,买盘
10:09:24,24.25,0.0,14,33946,买盘
10:09:27,24.25,0.0,8,19400,卖盘
10:09:33,24.29,0.04,6,14554,买盘
10:09:36,24.25,-0.04,36,87300,卖盘
10:09:39,24.29,0.04,11,26673,买盘
10:09:42,24.29,0.0,1,2429,卖盘
10:09:45,24.31,0.02,12,29116,买盘
10:09:48,24.31,0.0,1,2431,卖盘
10:09:51,24.25,-0.06,12,29117,卖盘
10:09:54,24.27,0.02,2,4854,买盘
10:09:57,24.27,0.0,10,24260,买盘
10:10:00,24.27,0.0,38,92174,买盘
10:10:03,24.23,-0.04,16,38768,卖盘
10:10:06,24.23,0.0,27,65429,卖盘
10:10:09,24.23,0.0,50,121108,中性盘
10:10:12,24.23,0.0,6,14538,卖盘
10:10:15,24.24,0.01,19,46052,买盘
10:10:21,24.24,0.0,5,12120,卖盘
10:10:27,24.24,0.0,3,7273,卖盘
10:10:30,24.31,0.07,46,111672,买盘
10:10:36,24.24,-0.07,5,12122,卖盘
10:10:42,24.25,0.01,5,12125,卖盘
10:10:45,24.25,0.0,1,2425,卖盘
10:10:48,24.25,0.0,5,12125,卖盘
10:10:51,24.24,-0.01,3,7274,卖盘
10:10:54,24.24,0.0,5,12120,卖盘
10:10:57,24.25,0.01,54,130948,买盘
10:11:00,24.25,0.0,17,41220,买盘
10:11:06,24.25,0.0,6,14545,买盘
10:11:12,24.25,0.0,5,12125,卖盘
10:11:18,24.25,0.0,5,12125,卖盘
10:11:21,24.25,0.0,12,29121,卖盘
10:11:24,24.24,-0.01,96,232779,卖盘
10:11:27,24.24,0.0,33,79977,买盘
10:11:30,24.24,0.0,7,16958,中性盘
10:11:36,24.22,-0.02,12,29071,卖盘
10:11:39,24.23,0.01,23,55709,买盘
10:11:42,24.23,0.0,6,14533,买盘
10:11:45,24.23,0.0,52,125946,买盘
10:11:48,24.23,0.0,20,48450,买盘
10:11:51,24.23,0.0,7,16955,买盘
10:11:54,24.22,-0.01,12,29066,卖盘
10:11:57,24.22,0.0,4,9688,卖盘
10:12:00,24.25,0.03,7,16960,买盘
10:12:03,24.23,-0.02,10,24248,卖盘
10:12:06,24.21,-0.02,81,196174,卖盘
10:12:09,24.2,-0.01,95,229999,卖盘
10:12:12,24.21,0.01,9,21781,中性盘
10:12:18,24.22,0.01,11,26637,买盘
10:12:24,24.21,-0.01,38,91998,卖盘
10:12:30,24.24,0.03,237,573846,买盘
10:12:36,24.2,-0.04,110,266295,卖盘
10:12:42,24.21,0.01,8,19368,卖盘
10:12:45,24.23,0.02,502,1216271,中性盘
10:12:48,24.21,-0.02,21,50831,买盘
10:12:54,24.21,0.0,5,12105,卖盘
10:12:57,24.21,0.0,50,121077,卖盘
10:13:00,24.19,-0.02,15,36303,卖盘
10:13:03,24.2,0.01,14,33878,买盘
10:13:06,24.18,-0.02,354,857151,卖盘
10:13:09,24.18,0.0,4,9672,卖盘
10:13:12,24.18,0.0,25,60450,卖盘
10:13:15,24.18,0.0,73,176529,卖盘
10:13:18,24.18,0.0,273,660889,卖盘
10:13:21,24.19,0.01,1,2419,中性盘
10:13:24,24.2,0.01,5,12100,卖盘
10:13:27,24.19,-0.01,21,50814,卖盘
10:13:30,24.19,0.0,5,12095,卖盘
10:13:33,24.2,0.01,1,2420,卖盘
10:13:36,24.2,0.0,157,379785,买盘
10:13:39,24.2,0.0,2,4840,买盘
10:13:42,24.2,0.0,6,14520,卖盘
10:13:48,24.19,-0.01,5,12097,卖盘
10:13:54,24.2,0.01,5,12100,卖盘
10:13:57,24.21,0.01,3,7263,卖盘
10:14:00,24.21,0.0,7,16947,卖盘
10:14:03,24.21,0.0,6,14526,买盘
10:14:06,24.18,-0.03,36,87109,卖盘
10:14:09,24.16,-0.02,15,36261,卖盘
10:14:12,24.17,0.01,14,33842,中性盘
10:14:15,24.17,0.0,216,521619,买盘
10:14:18,24.15,-0.02,8,19313,中性盘
10:14:21,24.14,-0.01,11,26556,卖盘
10:14:24,24.13,-0.01,49,118246,卖盘
10:14:27,24.13,0.0,2,4826,卖盘
10:14:30,24.13,0.0,14,33782,卖盘
10:14:33,24.13,0.0,5,12065,卖盘
10:14:36,24.11,-0.02,5,12055,卖盘
10:14:39,24.13,0.02,2,4826,中性盘
10:14:42,24.1,-0.03,10,24106,卖盘
10:14:45,24.12,0.02,2,4825,卖盘
10:14:48,24.1,-0.02,30,72300,卖盘
10:14:51,24.1,0.0,2,4820,卖盘
10:14:54,24.1,0.0,67,161557,卖盘
10:14:57,24.1,0.0,8,19280,卖盘
10:15:00,24.11,0.01,94,226561,买盘
10:15:03,24.11,0.0,35,84355,买盘
10:15:06,24.11,0.0,14,33742,卖盘
10:15:09,24.12,0.01,35,84354,买盘
10:15:12,24.1,-0.02,5,12050,卖盘
10:15:15,24.1,0.0,116,279612,卖盘
10:15:18,24.1,0.0,4,9640,卖盘
10:15:24,24.1,0.0,99,238631,卖盘
10:15:27,24.1,0.0,11,26510,买盘
10:15:30,24.1,0.0,37,89165,买盘
10:15:36,24.12,0.02,19,45820,中性盘
10:15:39,24.11,-0.01,25,60270,买盘
10:15:42,24.11,0.0,6,14461,买盘
10:15:45,24.11,0.0,25,60275,买盘
10:15:48,24.11,0.0,14,33747,买盘
10:15:54,24.11,0.0,5,12055,卖盘
10:15:57,24.11,0.0,6,14466,卖盘
10:16:00,24.1,-0.01,5,12053,卖盘
10:16:06,24.12,0.02,5,12060,卖盘
10:16:09,24.11,-0.01,7,16883,卖盘
10:16:12,24.12,0.01,9,21703,中性盘
10:16:15,24.13,0.01,5,12065,买盘
10:16:18,24.12,-0.01,19,45834,中性盘
10:16:24,24.12,0.0,5,12061,卖盘
10:16:30,24.12,0.0,10,24115,卖盘
10:16:33,24.1,-0.02,478,1152052,卖盘
10:16:36,24.09,-0.01,33,79519,卖盘
10:16:39,24.09,0.0,35,84373,卖盘
10:16:42,24.09,0.0,7,16863,卖盘
10:16:45,24.09,0.0,4,9636,卖盘
10:16:48,24.1,0.01,5,12050,卖盘
10:16:51,24.09,-0.01,2,4818,卖盘
10:16:54,24.11,0.02,36,86761,买盘
10:16:57,24.11,0.0,213,512695,卖盘
10:17:00,24.09,-0.02,4,9640,卖盘
10:17:03,24.1,0.01,9,21688,买盘
10:17:06,24.1,0.0,52,125273,买盘
10:17:09,24.07,-0.03,3,7221,买盘
10:17:12,24.01,-0.06,14,33640,卖盘
10:17:15,24.01,0.0,3,7203,卖盘
10:17:18,24.01,0.0,6,14406,卖盘
10:17:21,24.01,0.0,13,31213,卖盘
10:17:24,24.02,0.01,520,1248208,买盘
10:17:27,24.02,0.0,7,16813,买盘
10:17:30,24.02,0.0,5,12010,卖盘
10:17:33,24.03,0.01,6,14415,买盘
10:17:36,24.02,-0.01,4,9610,卖盘
10:17:39,24.03,0.01,14,33631,卖盘
10:17:42,24.03,0.0,13,31235,买盘
10:17:45,24.02,-0.01,1,2402,卖盘
10:17:48,24.02,0.0,19,45638,卖盘
10:17:51,24.03,0.01,10,24025,买盘
10:17:54,24.02,-0.01,11,26427,卖盘
10:17:57,24.0,-0.02,500,1200191,卖盘
10:18:00,24.03,0.03,31,74461,买盘
10:18:03,24.03,0.0,45,108130,买盘
10:18:06,24.03,0.0,5,12015,卖盘
10:18:09,24.0,-0.03,224,537645,卖盘
10:18:12,24.02,0.02,26,62499,买盘
10:18:15,24.02,0.0,53,127682,卖盘
10:18:18,24.0,-0.02,60,144014,卖盘
10:18:21,23.94,-0.06,427,1024388,卖盘
10:18:24,23.93,-0.01,16,38288,卖盘
10:18:27,23.94,0.01,94,225040,买盘
10:18:30,23.95,0.01,22,52685,中性盘
10:18:33,23.96,0.01,56,134140,中性盘
10:18:36,24.01,0.05,7,16777,买盘
10:18:39,23.9,-0.11,533,1274879,卖盘
10:18:42,23.89,-0.01,188,449010,卖盘
10:18:45,24.01,0.12,22,52726,买盘
10:18:48,23.95,-0.06,5,11975,卖盘
10:18:51,23.97,0.02,5,11985,买盘
10:18:54,23.95,-0.02,21,50338,卖盘
10:19:00,23.93,-0.02,201,481195,卖盘
10:19:06,23.93,0.0,45,107640,买盘
10:19:09,23.95,0.02,353,843567,买盘
10:19:12,23.93,-0.02,9,21537,卖盘
10:19:15,23.88,-0.05,187,446800,卖盘
10:19:18,23.88,0.0,14,33428,买盘
10:19:21,23.86,-0.02,12,28639,卖盘
10:19:24,23.88,0.02,93,221950,买盘
10:19:27,23.84,-0.04,71,169475,卖盘
10:19:30,23.84,0.0,49,116882,卖盘
10:19:33,23.83,-0.01,43,102534,卖盘
10:19:36,23.86,0.03,24,57214,买盘
10:19:39,23.87,0.01,28,66733,买盘
10:19:42,23.84,-0.03,40,95378,卖盘
10:19:48,23.83,-0.01,89,212092,卖盘
10:19:51,23.83,0.0,2,4766,买盘
10:19:54,23.83,0.0,110,262156,买盘
10:19:57,23.84,0.01,23,54832,买盘
10:20:00,23.83,-0.01,48,114401,卖盘
10:20:03,23.84,0.01,22,52450,卖盘
10:20:06,23.84,0.0,22,52445,卖盘
10:20:09,23.85,0.01,14,33400,卖盘
10:20:12,23.85,0.0,5,11925,卖盘
10:20:15,23.85,0.0,4,9540,卖盘
10:20:18,23.85,0.0,132,314820,卖盘
10:20:21,23.85,0.0,82,195570,买盘
10:20:24,23.87,0.02,15,35795,买盘
10:20:27,23.84,-0.03,59,140667,卖盘
10:20:30,23.84,0.0,304,724731,买盘
10:20:36,23.88,0.04,31,73492,买盘
10:20:42,23.88,0.0,5,12418,卖盘
10:20:45,23.88,0.0,10,23901,买盘
10:20:48,23.88,0.0,8,18614,买盘
10:20:51,23.93,0.05,82,196122,买盘
10:20:54,23.92,-0.01,4,9568,卖盘
10:20:57,23.93,0.01,20,47850,买盘
10:21:00,23.93,0.0,14,33497,买盘
10:21:03,23.93,0.0,10,23930,买盘
10:21:06,23.93,0.0,31,74159,买盘
10:21:09,23.93,0.0,8,19144,买盘
10:21:12,23.93,0.0,10,23926,买盘
10:21:15,23.93,0.0,3,7179,买盘
10:21:18,23.93,0.0,5,11965,卖盘
10:21:21,23.95,0.02,32,76720,买盘
10:21:24,23.95,0.0,5,11975,卖盘
10:21:27,23.95,0.0,44,105476,卖盘
10:21:30,24.0,0.05,19,45570,买盘
10:21:33,24.0,0.0,10,24000,买盘
10:21:36,24.0,0.0,5,12000,卖盘
10:21:42,24.0,0.0,5,12000,卖盘
10:21:45,24.09,0.09,10,24054,买盘
10:21:48,24.07,-0.02,6,14450,卖盘
10:21:51,24.07,0.0,7,16847,买盘
10:21:54,24.02,-0.05,20,48040,卖盘
10:21:57,24.02,0.0,5,12010,卖盘
10:22:00,24.03,0.01,6,14408,买盘
10:22:03,24.02,-0.01,21,50444,卖盘
10:22:06,24.02,0.0,13,31226,卖盘
10:22:09,24.02,0.0,95,228223,卖盘
10:22:12,24.0,-0.02,59,141683,卖盘
10:22:15,24.0,0.0,32,76822,卖盘
10:22:18,24.0,0.0,10,24002,卖盘
10:22:21,24.0,0.0,404,970080,卖盘
10:22:24,24.0,0.0,59,141601,卖盘
10:22:27,24.0,0.0,4,9601,卖盘
10:22:30,24.01,0.01,16,38412,买盘
10:22:33,24.01,0.0,29,69602,买盘
10:22:36,24.0,-0.01,4,9600,卖盘
10:22:39,24.01,0.01,1,2401,买盘
10:22:42,24.0,-0.01,6,14400,卖盘
10:22:48,24.0,0.0,5,12000,卖盘
10:22:54,24.0,0.0,12,28802,卖盘
10:22:57,24.0,0.0,415,996005,卖盘
10:23:00,24.0,0.0,5,12000,卖盘
10:23:03,24.0,0.0,20,48000,卖盘
10:23:06,23.95,-0.05,147,352145,卖盘
10:23:09,24.04,0.09,206,495442,买盘
10:23:12,24.01,-0.03,11,25943,卖盘
10:23:15,23.9,-0.11,114,272718,卖盘
10:23:18,23.91,0.01,14,33464,中性盘
10:23:21,23.9,-0.01,9,21518,卖盘
10:23:24,23.89,-0.01,4,9558,卖盘
10:23:27,23.9,0.01,12,28679,买盘
10:23:30,23.88,-0.02,10,23884,卖盘
10:23:33,23.88,0.0,38,90744,卖盘
10:23:36,23.89,0.01,13,31045,买盘
10:23:39,23.86,-0.03,112,267360,卖盘
10:23:42,23.88,0.02,8,19096,中性盘
10:23:45,23.88,0.0,10,23880,买盘
10:23:48,23.86,-0.02,17,40584,卖盘
10:23:51,23.86,0.0,4,9544,买盘
10:23:54,23.88,0.02,95,226669,中性盘
10:23:57,23.88,0.0,12,28656,卖盘
10:24:00,23.88,0.0,3,7164,卖盘
10:24:03,23.9,0.02,27,64483,买盘
10:24:06,23.87,-0.03,5,11936,卖盘
10:24:09,23.9,0.03,9,21510,买盘
10:24:12,23.9,0.0,25,59746,买盘
10:24:15,23.86,-0.04,39,93640,卖盘
10:24:18,23.88,0.02,5,11932,买盘
10:24:21,23.88,0.0,5,11934,买盘
10:24:24,23.84,-0.04,151,360224,卖盘
10:24:27,23.83,-0.01,43,102511,卖盘
10:24:30,23.83,0.0,18,42894,卖盘
10:24:36,23.83,0.0,4,9532,卖盘
10:24:39,23.84,0.01,7,16688,卖盘
10:24:42,23.83,-0.01,48,114399,卖盘
10:24:48,23.84,0.01,302,719553,买盘
10:24:51,23.8,-0.04,873,2077480,卖盘
10:24:54,23.78,-0.02,52,123696,卖盘
10:24:57,23.79,0.01,26,61843,买盘
10:25:00,23.77,-0.02,72,171168,卖盘
10:25:03,23.78,0.01,10,23776,买盘
10:25:06,23.78,0.0,15,35656,买盘
10:25:09,23.78,0.0,22,52299,买盘
10:25:12,23.77,-0.01,5,11885,卖盘
10:25:15,23.74,-0.03,10,23749,卖盘
10:25:18,23.69,-0.05,48,113755,卖盘
10:25:21,23.66,-0.03,44,104192,卖盘
10:25:24,23.68,0.02,41,97037,中性盘
10:25:27,23.65,-0.03,30,70971,卖盘
10:25:30,23.65,0.0,44,104061,卖盘
10:25:33,23.69,0.04,71,168121,买盘
10:25:36,23.58,-0.11,753,1782743,卖盘
10:25:39,23.68,0.1,18,42624,中性盘
10:25:42,23.68,0.0,51,120720,买盘
10:25:45,23.68,0.0,24,56800,买盘
10:25:48,23.51,-0.17,304,715451,卖盘
10:25:51,23.6,0.09,25,59036,买盘
10:25:54,23.6,0.0,15,35388,买盘
10:25:57,23.51,-0.09,303,712906,卖盘
10:26:00,23.53,0.02,14,32983,卖盘
10:26:03,23.6,0.07,57,134439,买盘
10:26:06,23.53,-0.07,22,51782,卖盘
10:26:09,23.6,0.07,632,1485273,买盘
10:26:12,23.67,0.07,158,373162,买盘
10:26:15,23.68,0.01,68,160696,买盘
10:26:18,23.77,0.09,51,120855,买盘
10:26:21,23.69,-0.08,2,4738,卖盘
10:26:24,23.78,0.09,9,21366,中性盘
10:26:30,23.79,0.01,17,40434,买盘
10:26:33,23.79,0.0,2,4758,卖盘
10:26:36,23.79,0.0,4,9516,卖盘
10:26:39,23.83,0.04,5,11915,买盘
10:26:42,23.83,0.0,43,102361,买盘
10:26:45,23.83,0.0,8,19064,卖盘
10:26:48,23.82,-0.01,4,9529,卖盘
10:26:51,23.89,0.07,26,62114,买盘
10:26:54,23.84,-0.05,11,26224,卖盘
10:26:57,23.98,0.14,10,23980,买盘
10:27:00,23.84,-0.14,205,491887,卖盘
10:27:06,23.97,0.13,5,11933,中性盘
10:27:09,23.84,-0.13,4,9537,卖盘
10:27:12,23.81,-0.03,60,142987,卖盘
10:27:15,23.8,-0.01,35,83335,卖盘
10:27:18,23.8,0.0,4,9520,卖盘
10:27:24,23.81,0.01,18,42842,买盘
10:27:30,23.81,0.0,16,38092,买盘
10:27:36,23.81,0.0,4,9524,卖盘
10:27:42,23.82,0.01,8,19056,卖盘
10:27:45,23.76,-0.06,531,1263834,卖盘
10:27:48,23.73,-0.03,5,11849,买盘
10:27:51,23.73,0.0,1,2373,买盘
10:27:54,23.73,0.0,4,9492,卖盘
10:28:00,23.73,0.0,4,9492,卖盘
10:28:06,23.69,-0.04,26,61710,卖盘
10:28:09,23.73,0.04,1,2373,买盘
10:28:12,23.73,0.0,5,11837,买盘
10:28:15,23.66,-0.07,6,14205,卖盘
10:28:18,23.66,0.0,4,9464,卖盘
10:28:21,23.76,0.1,3,7113,买盘
10:28:24,23.76,0.0,4,9504,卖盘
10:28:27,23.76,0.0,20,47548,卖盘
10:28:30,23.76,0.0,44,104544,卖盘
10:28:33,23.76,0.0,4,9504,买盘
10:28:36,23.68,-0.08,4,9472,卖盘
10:28:42,23.68,0.0,7,16580,卖盘
10:28:48,23.74,0.06,7,16588,买盘
10:28:51,23.74,0.0,2,4748,买盘
10:28:54,23.74,0.0,11,26094,买盘
10:28:57,23.74,0.0,5,11870,买盘
10:29:00,23.69,-0.05,4,9476,卖盘
10:29:03,23.7,0.01,6,14220,卖盘
10:29:06,23.74,0.04,9,21347,买盘
10:29:09,23.75,0.01,1,2375,买盘
10:29:12,23.75,0.0,4,9500,卖盘
10:29:15,23.75,0.0,3,7125,卖盘
10:29:18,23.75,0.0,15,35635,卖盘
10:29:21,23.75,0.0,17,40388,卖盘
10:29:24,23.76,0.01,43,102146,买盘
10:29:27,23.76,0.0,10,23760,买盘
10:29:30,23.75,-0.01,14,33257,卖盘
10:29:33,23.75,0.0,11,26128,卖盘
10:29:36,23.74,-0.01,3,7122,卖盘
10:29:39,23.75,0.01,8,18998,买盘
10:29:42,23.74,-0.01,3,7122,卖盘
10:29:48,23.74,0.0,2,4748,卖盘
10:29:54,23.75,0.01,12,28497,买盘
10:30:00,23.74,-0.01,2,4273,卖盘
10:30:03,23.74,0.0,3,7123,卖盘
10:30:06,23.74,0.0,18,43207,卖盘
10:30:09,23.72,-0.02,1,2372,卖盘
10:30:15,23.7,-0.02,8,18960,卖盘
10:30:18,23.7,0.0,2,4740,卖盘
10:30:24,23.7,0.0,37,87699,卖盘
10:30:33,23.74,0.04,8,18972,买盘
10:30:39,23.71,-0.03,6,14228,卖盘
10:30:42,23.72,0.01,9,21348,卖盘
10:30:45,23.73,0.01,6,14238,买盘
10:30:48,23.73,0.0,27,64071,中性盘
10:30:54,23.74,0.01,1,2374,买盘
10:30:57,23.74,0.0,54,128192,买盘
10:31:00,23.73,-0.01,34,80702,卖盘
10:31:03,23.74,0.01,19,44631,买盘
10:31:06,23.67,-0.07,1028,2435715,卖盘
10:31:09,23.66,-0.01,60,141975,卖盘
10:31:12,23.66,0.0,11,26026,卖盘
10:31:15,23.66,0.0,32,75741,卖盘
10:31:18,23.67,0.01,22,52074,买盘
10:31:21,23.67,0.0,31,73325,买盘
10:31:24,23.67,0.0,20,47340,买盘
10:31:30,23.67,0.0,25,59175,买盘
10:31:33,23.67,0.0,2,4261,买盘
10:31:36,23.67,0.0,29,68643,卖盘
10:31:39,23.68,0.01,4,9472,卖盘
10:31:42,23.75,0.07,10,23695,买盘
10:31:48,23.75,0.0,2,4750,买盘
10:31:51,23.68,-0.07,1,2368,卖盘
10:31:57,23.68,0.0,129,306244,买盘
10:32:00,23.68,0.0,5,11840,卖盘
10:32:03,23.68,0.0,15,35520,卖盘
10:32:06,23.68,0.0,2,4736,买盘
10:32:09,23.66,-0.02,13,30758,卖盘
10:32:12,23.68,0.02,28,66272,买盘
10:32:15,23.68,0.0,2,4736,买盘
10:32:18,23.7,0.02,7,16568,买盘
10:32:30,23.69,-0.01,10,23690,中性盘
10:32:33,23.69,0.0,5,11842,买盘
10:32:39,23.68,-0.01,83,196390,卖盘
10:32:42,23.65,-0.03,11,26015,卖盘
10:32:45,23.65,0.0,6,13717,卖盘
10:32:48,23.68,0.03,9,21761,买盘
10:32:54,23.61,-0.07,99,233335,卖盘
10:32:57,23.6,-0.01,72,170679,卖盘
10:33:03,23.6,0.0,55,129821,卖盘
10:33:09,23.6,0.0,12,28320,卖盘
10:33:12,23.62,0.02,29,68498,卖盘
10:33:18,23.62,0.0,6,14184,卖盘
10:33:24,23.62,0.0,46,108652,卖盘
10:33:27,23.62,0.0,4,9448,买盘
10:33:30,23.62,0.0,8,18896,买盘
10:33:36,23.62,0.0,3,7086,买盘
10:33:42,23.61,-0.01,41,96830,卖盘
10:33:45,23.62,0.01,15,35430,买盘
10:33:48,23.62,0.0,60,141708,买盘
10:33:51,23.62,0.0,4,9448,卖盘
10:33:54,23.62,0.0,36,85034,卖盘
10:34:06,23.68,0.06,7,16556,买盘
10:34:09,23.68,0.0,2,4736,卖盘
10:34:12,23.69,0.01,10,23690,买盘
10:34:15,23.71,0.02,71,168301,买盘
10:34:18,23.63,-0.08,78,184649,卖盘
10:34:21,23.63,0.0,3,7089,买盘
10:34:24,23.73,0.1,59,140162,买盘
10:34:27,23.73,0.0,6,14238,卖盘
10:34:30,23.73,0.0,25,59325,卖盘
10:34:33,23.75,0.02,11,26125,买盘
10:34:36,23.8,0.05,184,436841,买盘
10:34:45,23.8,0.0,15,35700,卖盘
10:34:51,23.74,-0.06,33,77989,卖盘
10:34:54,23.74,0.0,6,14244,买盘
10:35:06,23.74,0.0,34,80716,买盘
10:35:18,23.71,-0.03,8,18989,中性盘
10:35:21,23.71,0.0,1,2371,买盘
10:35:24,23.7,-0.01,11,26570,卖盘
10:35:27,23.71,0.01,1,2371,卖盘
10:35:39,23.74,0.03,2,4748,买盘
10:35:42,23.74,0.0,6,14244,卖盘
10:35:45,23.71,-0.03,31,73501,卖盘
10:35:48,23.74,0.03,5,11870,卖盘
10:35:51,23.75,0.01,2,4750,买盘
10:35:57,23.71,-0.04,3,7113,卖盘
10:36:00,23.72,0.01,3,7116,买盘
10:36:06,23.74,0.02,3,7122,买盘
10:36:15,23.77,0.03,5,11885,买盘
10:36:24,23.77,0.0,5,11885,买盘
10:36:27,23.74,-0.03,5,11878,卖盘
10:36:30,23.77,0.03,15,35643,买盘
10:36:36,23.77,0.0,23,54655,买盘
10:36:39,23.77,0.0,18,42786,卖盘
10:36:42,23.77,0.0,1,2377,卖盘
10:36:45,23.77,0.0,12,28498,买盘
10:36:48,23.78,0.01,11,26150,买盘
10:36:51,23.77,-0.01,1,2377,卖盘
10:36:54,23.74,-0.03,9,21366,卖盘
10:37:00,23.76,0.02,1,2376,买盘
10:37:06,23.72,-0.04,50,118607,卖盘
10:37:09,23.73,0.01,1,2373,中性盘
10:37:12,23.73,0.0,47,111503,中性盘
10:37:15,23.72,-0.01,36,85395,卖盘
10:37:18,23.71,-0.01,17,40323,卖盘
10:37:21,23.71,0.0,43,101955,卖盘
10:37:24,23.71,0.0,22,52162,卖盘
10:37:27,23.71,0.0,49,116179,卖盘
10:37:30,23.71,0.0,7,16598,卖盘
10:37:33,23.71,0.0,33,78243,卖盘
10:37:36,23.71,0.0,6,14222,卖盘
10:37:39,23.62,-0.09,108,255534,卖盘
10:37:45,23.63,0.01,8,18904,卖盘
10:37:48,23.63,0.0,14,33152,卖盘
10:37:54,23.62,-0.01,6,14176,卖盘
10:37:57,23.63,0.01,10,23630,买盘
10:38:00,23.63,0.0,14,33082,买盘
10:38:06,23.63,0.0,4,9452,卖盘
10:38:15,23.63,0.0,10,23630,卖盘
10:38:21,23.64,0.01,22,52008,中性盘
10:38:27,23.64,0.0,25,59100,卖盘
10:38:33,23.67,0.03,29,68577,买盘
10:38:36,23.64,-0.03,12,28398,卖盘
10:38:42,23.65,0.01,6,14186,中性盘
10:38:45,23.65,0.0,5,11825,买盘
10:38:48,23.63,-0.02,24,56737,卖盘
10:38:51,23.7,0.07,52,123240,买盘
10:38:54,23.7,0.0,2,4740,卖盘
10:39:03,23.7,0.0,2,4740,卖盘
10:39:06,23.7,0.0,7,16596,卖盘
10:39:09,23.78,0.08,53,125700,买盘
10:39:15,23.8,0.02,1,2380,卖盘
10:39:18,23.8,0.0,4,9520,卖盘
10:39:21,23.8,0.0,12,28560,卖盘
10:39:24,23.83,0.03,32,76237,买盘
10:39:27,23.83,0.0,4,9532,卖盘
10:39:30,23.86,0.03,20,47699,买盘
10:39:33,23.83,-0.03,4,9532,卖盘
10:39:39,23.65,-0.18,434,1029734,卖盘
10:39:42,23.69,0.04,11,26059,买盘
10:39:48,23.65,-0.04,237,560508,卖盘
10:39:54,23.65,0.0,34,80410,卖盘
10:39:57,23.66,0.01,58,137220,买盘
10:40:00,23.65,-0.01,17,40217,卖盘
10:40:03,23.66,0.01,3,7098,买盘
10:40:06,23.66,0.0,6,14196,中性盘
10:40:09,23.66,0.0,50,118255,买盘
10:40:12,23.65,-0.01,3,7095,卖盘
10:40:15,23.66,0.01,54,127718,买盘
10:40:18,23.65,-0.01,15,35476,卖盘
10:40:24,23.65,0.0,5,11825,买盘
10:40:27,23.66,0.01,32,75701,买盘
10:40:33,23.69,0.03,10,23690,买盘
10:40:36,23.64,-0.05,108,255450,卖盘
10:40:39,23.64,0.0,48,113472,买盘
10:40:45,23.63,-0.01,5,11815,卖盘
10:40:48,23.63,0.0,18,42534,卖盘
10:40:51,23.64,0.01,36,85098,买盘
10:40:57,23.64,0.0,2,4728,买盘
10:41:00,23.64,0.0,6,14184,卖盘
10:41:06,23.63,-0.01,153,361573,卖盘
10:41:09,23.69,0.06,54,127630,买盘
10:41:18,23.65,-0.04,10,23650,卖盘
10:41:21,23.69,0.04,7,16575,买盘
10:41:27,23.66,-0.03,6,14202,卖盘
10:41:45,23.67,0.01,20,47340,卖盘
10:41:57,23.67,0.0,115,272529,卖盘
10:42:03,23.68,0.01,1,2368,卖盘
10:42:24,23.86,0.18,77,183647,买盘
10:42:33,23.86,0.0,2,4772,买盘
10:42:36,23.86,0.0,26,62036,卖盘
10:42:39,23.86,0.0,12,28632,卖盘
10:42:42,23.87,0.01,49,116911,买盘
10:42:45,23.87,0.0,12,28644,卖盘
10:42:48,23.87,0.0,13,31035,卖盘
10:42:51,23.87,0.0,25,59677,卖盘
10:42:54,23.87,0.0,9,21483,卖盘
10:43:00,23.87,0.0,7,16709,买盘
10:43:03,23.87,0.0,10,23870,买盘
10:43:06,23.89,0.02,20,47770,买盘
10:43:09,23.81,-0.08,3,7142,中性盘
10:43:12,23.82,0.01,2,4764,中性盘
10:43:15,23.87,0.05,2,4774,买盘
10:43:18,23.84,-0.03,1,2384,中性盘
10:43:21,23.88,0.04,7,16709,买盘
10:43:24,23.84,-0.04,1,2384,中性盘
10:43:27,23.84,0.0,3,7152,中性盘
10:43:33,23.9,0.06,12,28680,买盘
10:43:48,23.98,0.08,21,50305,买盘
10:43:54,23.99,0.01,4,9594,买盘
10:43:57,23.98,-0.01,1,2398,中性盘
10:44:00,23.99,0.01,2,4798,买盘
10:44:03,23.98,-0.01,44,105551,卖盘
10:44:06,23.98,0.0,21,50353,买盘
10:44:09,23.94,-0.04,26,62284,卖盘
10:44:12,23.9,-0.04,35,83679,卖盘
10:44:15,23.85,-0.05,2,4770,卖盘
10:44:18,23.83,-0.02,1,2383,卖盘
10:44:21,23.85,0.02,5,11925,买盘
10:44:27,23.85,0.0,9,21465,卖盘
10:44:30,23.85,0.0,7,16695,卖盘
10:44:33,23.85,0.0,104,248040,买盘
10:44:36,23.85,0.0,4,9540,买盘
10:44:51,23.85,0.0,14,33390,卖盘
10:44:54,23.86,0.01,14,33404,中性盘
10:45:00,23.87,0.01,2,4774,中性盘
10:45:03,23.86,-0.01,13,31029,卖盘
10:45:06,23.86,0.0,5,11930,卖盘
10:45:15,23.87,0.01,27,64449,买盘
10:45:21,23.87,0.0,3,7161,卖盘
10:45:27,23.98,0.11,110,263369,买盘
10:45:30,23.88,-0.1,1,2388,中性盘
10:45:36,23.98,0.1,3,7194,买盘
10:45:45,23.98,0.0,2,4796,卖盘
10:45:51,23.96,-0.02,6,14386,卖盘
10:45:54,23.98,0.02,2,4796,买盘
10:45:57,23.89,-0.09,4,9574,卖盘
10:46:03,23.89,0.0,15,35880,卖盘
10:46:06,23.98,0.09,7,16786,买盘
10:46:09,23.86,-0.12,44,104998,卖盘
10:46:15,23.87,0.01,2,4774,卖盘
10:46:21,23.88,0.01,2,4776,卖盘
10:46:24,23.88,0.0,4,9552,卖盘
10:46:27,23.89,0.01,2,4778,卖盘
10:46:30,23.88,-0.01,1,2388,卖盘
10:46:33,23.88,0.0,10,23881,卖盘
10:46:36,23.86,-0.02,9,21490,卖盘
10:46:39,23.87,0.01,14,33410,买盘
10:46:42,23.86,-0.01,3,7158,卖盘
10:46:45,23.86,0.0,1,2386,卖盘
10:46:48,23.86,0.0,13,31018,卖盘
10:46:51,23.86,0.0,7,16702,卖盘
10:46:54,23.85,-0.01,2,4771,卖盘
10:47:00,23.85,0.0,3,7155,卖盘
10:47:03,23.85,0.0,8,19080,卖盘
10:47:06,23.84,-0.01,4,9536,卖盘
10:47:09,23.84,0.0,16,38144,卖盘
10:47:12,23.83,-0.01,6,14299,卖盘
10:47:18,23.83,0.0,1,2383,卖盘
10:47:21,23.83,0.0,1,2383,卖盘
10:47:24,23.8,-0.03,3,7140,卖盘
10:47:30,23.83,0.03,4,9532,买盘
10:47:36,23.83,0.0,2,4766,买盘
10:47:42,23.7,-0.13,44,104674,卖盘
10:47:48,23.82,0.12,6,14292,买盘
10:47:57,23.7,-0.12,77,182491,卖盘
10:48:03,23.7,0.0,10,23700,卖盘
10:48:06,23.7,0.0,9,21330,卖盘
10:48:09,23.81,0.11,2,4751,买盘
10:48:18,23.7,-0.11,78,184854,卖盘
10:48:27,23.7,0.0,5,11850,卖盘
10:48:30,23.7,0.0,1,2370,卖盘
10:48:33,23.81,0.11,1,2381,买盘
10:49:03,23.72,-0.09,3,7116,卖盘
10:49:06,23.8,0.08,7,16660,买盘
10:49:09,23.8,0.0,3,7140,卖盘
10:49:21,23.71,-0.09,2,4742,卖盘
10:49:27,23.71,0.0,7,16597,卖盘
10:49:36,23.71,0.0,9,21339,卖盘
10:49:45,23.79,0.08,5,11895,买盘
10:49:51,23.79,0.0,4,9516,买盘
10:50:00,23.79,0.0,19,45204,卖盘
10:50:18,23.79,0.0,35,83265,卖盘
10:50:24,23.79,0.0,13,30927,卖盘
10:50:27,23.79,0.0,12,28548,卖盘
10:50:30,23.79,0.0,9,21411,卖盘
10:50:39,23.78,-0.01,8,19019,买盘
10:50:54,23.78,0.0,12,28536,买盘
10:51:06,23.78,0.0,5,11886,买盘
10:51:09,23.78,0.0,6,14268,买盘
10:51:12,23.78,0.0,14,33292,买盘
10:51:15,23.74,-0.04,8,18992,卖盘
10:51:21,23.77,0.03,1,2377,买盘
10:51:24,23.74,-0.03,36,85464,卖盘
10:51:30,23.74,0.0,5,11870,买盘
10:51:33,23.78,0.04,3,7126,买盘
10:51:45,23.78,0.0,7,16646,买盘
10:51:51,23.78,0.0,100,237800,买盘
10:51:54,23.78,0.0,1,2378,买盘
10:52:09,23.78,0.0,44,104632,买盘
10:52:12,23.78,0.0,7,16646,买盘
10:52:15,23.79,0.01,50,118950,买盘
10:52:24,23.79,0.0,6,14274,买盘
10:52:27,23.79,0.0,6,14274,买盘
10:52:33,23.79,0.0,6,14274,买盘
10:52:36,23.78,-0.01,2,4756,卖盘
10:52:39,23.79,0.01,10,23790,买盘
10:52:48,23.79,0.0,1,2379,买盘
10:52:51,23.78,-0.01,4,9512,卖盘
10:52:54,23.78,0.0,2,4756,卖盘
10:53:03,23.79,0.01,14,33301,买盘
10:53:09,23.79,0.0,15,35685,卖盘
10:53:21,23.8,0.01,2,4760,买盘
10:53:27,23.8,0.0,22,52360,买盘
10:53:30,23.8,0.0,2,4760,卖盘
10:53:33,23.8,0.0,6,14280,卖盘
10:53:36,23.8,0.0,10,23800,买盘
10:53:39,23.8,0.0,5,11900,买盘
10:53:42,23.8,0.0,10,23800,买盘
10:53:45,23.8,0.0,13,30940,卖盘
10:53:48,23.8,0.0,2,4760,买盘
10:53:54,23.81,0.01,3,7143,买盘
10:54:00,23.8,-0.01,4,9520,卖盘
10:54:09,23.8,0.0,15,35700,卖盘
10:54:21,23.8,0.0,15,35700,卖盘
10:54:24,23.83,0.03,5,11915,买盘
10:54:27,23.8,-0.03,3,7140,卖盘
10:54:30,23.8,0.0,8,19040,卖盘
10:54:33,23.81,0.01,1,2381,卖盘
10:54:39,23.81,0.0,2,4762,卖盘
10:54:42,23.81,0.0,5,11905,买盘
10:54:45,23.81,0.0,1,2381,买盘
10:54:48,23.81,0.0,5,11905,买盘
10:54:51,23.81,0.0,9,21429,买盘
10:54:54,23.81,0.0,2,4762,买盘
10:55:00,23.81,0.0,15,35715,卖盘
10:55:09,23.81,0.0,15,35720,卖盘
10:55:15,23.8,-0.01,9,21428,卖盘
10:55:21,23.8,0.0,6,14288,卖盘
10:55:27,23.81,0.01,2,4762,买盘
10:55:30,23.8,-0.01,4,9520,卖盘
10:55:33,23.8,0.0,52,123760,卖盘
10:55:36,23.81,0.01,20,47620,买盘
10:55:48,23.81,0.0,1,2381,卖盘
10:55:51,23.81,0.0,108,257119,卖盘
10:55:54,23.8,-0.01,1,2380,中性盘
10:55:57,23.81,0.01,7,16667,买盘
10:56:09,23.78,-0.03,91,216476,卖盘
10:56:12,23.78,0.0,15,35670,卖盘
10:56:15,23.77,-0.01,2,4754,卖盘
10:56:21,23.76,-0.01,10,23760,卖盘
10:56:27,23.76,0.0,4,9507,卖盘
10:56:30,23.76,0.0,15,35640,卖盘
10:56:33,23.74,-0.02,115,273110,卖盘
10:56:36,23.74,0.0,1,2374,卖盘
10:56:39,23.74,0.0,14,33236,卖盘
10:56:48,23.74,0.0,8,18992,买盘
10:56:51,23.74,0.0,1,2374,卖盘
10:56:54,23.74,0.0,10,23740,卖盘
10:57:00,23.78,0.04,209,495685,买盘
10:57:03,23.7,-0.08,44,104540,卖盘
10:57:09,23.7,0.0,9,21350,卖盘
10:57:15,23.7,0.0,15,35550,卖盘
10:57:21,23.68,-0.02,77,182461,卖盘
10:57:27,23.75,0.07,2,4750,买盘
10:57:36,23.75,0.0,1,2375,卖盘
10:57:42,23.75,0.0,1,2375,买盘
10:57:45,23.75,0.0,9,21367,买盘
10:57:51,23.75,0.0,1,2375,买盘
10:58:09,23.73,-0.02,8,18984,中性盘
10:58:12,23.75,0.02,4,9500,买盘
10:58:21,23.75,0.0,1,2375,买盘
10:58:27,23.73,-0.02,6,14238,卖盘
10:58:30,23.76,0.03,6,14249,买盘
10:58:36,23.76,0.0,4,9504,买盘
10:58:42,23.76,0.0,3,7128,买盘
10:58:45,23.76,0.0,13,30888,买盘
10:58:54,23.76,0.0,120,285124,卖盘
10:59:06,23.77,0.01,2,4754,卖盘
10:59:09,23.81,0.04,3,7143,买盘
10:59:18,23.83,0.02,19,45247,买盘
10:59:30,23.83,0.0,16,38128,卖盘
10:59:39,23.83,0.0,1,2383,买盘
10:59:48,23.81,-0.02,28,66708,卖盘
10:59:54,23.83,0.02,23,54779,买盘
10:59:57,23.83,0.0,5,11915,买盘
11:00:00,23.83,0.0,4,9532,买盘
11:00:03,23.93,0.1,20,47671,买盘
11:00:12,23.86,-0.07,3,7158,中性盘
11:00:21,23.85,-0.01,10,23853,卖盘
11:00:24,23.83,-0.02,1,2383,卖盘
11:00:27,23.83,0.0,2,4767,卖盘
11:00:42,23.84,0.01,22,52468,中性盘
11:00:51,23.85,0.01,7,16695,买盘
11:01:09,23.85,0.0,46,109710,卖盘
11:01:12,23.86,0.01,31,73927,买盘
11:01:21,23.86,0.0,7,16702,买盘
11:01:30,23.86,0.0,1,2386,卖盘
11:01:33,23.86,0.0,2,4772,买盘
11:01:42,23.86,0.0,14,33402,买盘
11:01:51,23.91,0.05,4,9564,买盘
11:01:57,23.91,0.0,15,35865,卖盘
11:02:03,23.92,0.01,2,4784,买盘
11:02:06,23.91,-0.01,380,908583,卖盘
11:02:09,23.9,-0.01,18,43069,卖盘
11:02:12,23.9,0.0,1,2390,卖盘
11:02:18,23.81,-0.09,482,1148149,卖盘
11:02:21,23.84,0.03,17,40528,中性盘
11:02:24,23.84,0.0,1,2384,卖盘
11:02:27,23.84,0.0,2,4768,卖盘
11:02:30,23.84,0.0,10,23840,买盘
11:02:33,23.84,0.0,9,21456,买盘
11:02:36,23.88,0.04,2,4776,买盘
11:02:51,23.85,-0.03,8,19080,卖盘
11:02:54,23.85,0.0,11,26241,卖盘
11:02:57,23.88,0.03,7,16716,买盘
11:03:00,23.85,-0.03,3,7158,卖盘
11:03:06,23.84,-0.01,81,193184,卖盘
11:03:15,23.84,0.0,1,2384,卖盘
11:03:18,23.8,-0.04,7,16664,卖盘
11:03:45,23.8,0.0,10,23800,卖盘
11:03:48,23.8,0.0,16,38080,卖盘
11:03:54,23.8,0.0,1,2380,卖盘
11:03:57,23.8,0.0,15,35700,卖盘
11:04:03,23.8,0.0,2,4760,卖盘
11:04:06,23.83,0.03,5,11915,买盘
11:04:21,23.8,-0.03,3,7140,卖盘
11:04:27,23.8,0.0,17,40460,卖盘
11:04:30,23.81,0.01,5,11905,买盘
11:04:33,23.8,-0.01,8,19040,卖盘
11:04:39,23.8,0.0,5,11900,卖盘
11:04:45,23.8,0.0,4,9520,卖盘
11:04:48,23.8,0.0,1,2380,卖盘
11:04:51,23.8,0.0,6,14280,卖盘
11:04:54,23.73,-0.07,422,1002083,卖盘
11:05:00,23.81,0.08,27,64265,买盘
11:05:03,23.81,0.0,3,7143,卖盘
11:05:06,23.8,-0.01,24,57140,卖盘
11:05:09,23.8,0.0,18,42840,卖盘
11:05:12,23.73,-0.07,4,9492,卖盘
11:05:15,23.81,0.08,51,121322,买盘
11:05:18,23.73,-0.08,53,125797,卖盘
11:05:21,23.79,0.06,19,45198,买盘
11:05:24,23.78,-0.01,141,334249,中性盘
11:05:27,23.78,0.0,9,21402,卖盘
11:05:33,23.78,0.0,116,274698,买盘
11:05:42,23.78,0.0,14,33292,买盘
11:05:51,23.78,0.0,19,45182,卖盘
11:05:57,23.78,0.0,4,9512,卖盘
11:06:00,23.79,0.01,8,19032,买盘
11:06:12,23.74,-0.05,77,183111,卖盘
11:06:18,23.74,0.0,8,19010,卖盘
11:06:30,23.74,0.0,3,7124,卖盘
11:06:33,23.74,0.0,7,16618,卖盘
11:06:36,23.77,0.03,2,4754,买盘
11:06:39,23.77,0.0,1,2377,买盘
11:06:54,23.8,0.03,27,64246,买盘
11:07:09,23.77,-0.03,5,11885,卖盘
11:07:15,23.75,-0.02,2,4750,卖盘
11:07:24,23.75,0.0,2,4750,买盘
11:07:30,23.8,0.05,16,38074,买盘
11:07:51,23.75,-0.05,1,2375,卖盘
11:07:57,23.76,0.01,1,2376,卖盘
11:08:21,23.8,0.04,2,4760,买盘
11:08:33,23.82,0.02,2,4764,买盘
11:08:45,23.76,-0.06,1,2376,买盘
11:08:57,23.82,0.06,2,4763,中性盘
11:09:12,23.78,-0.04,101,239860,卖盘
11:09:21,23.78,0.0,16,38038,买盘
11:09:24,23.78,0.0,4,9512,卖盘
11:09:27,23.7,-0.08,100,237175,卖盘
11:09:36,23.7,0.0,8,18960,卖盘
11:09:48,23.77,0.07,1,2377,买盘
11:10:03,23.77,0.0,5,11885,买盘
11:10:18,23.74,-0.03,5,11870,买盘
11:10:30,23.75,0.01,8,19000,中性盘
11:10:36,23.76,0.01,2,4752,买盘
11:10:39,23.77,0.01,4,9508,买盘
11:10:48,23.77,0.0,5,11887,卖盘
11:11:03,23.77,0.0,1,2377,中性盘
11:11:06,23.76,-0.01,99,235225,卖盘
11:11:09,23.75,-0.01,13,30875,卖盘
11:11:12,23.75,0.0,1,2375,卖盘
11:11:15,23.73,-0.02,1,2373,卖盘
11:11:24,23.73,0.0,3,7119,买盘
11:11:42,23.71,-0.02,16,37936,卖盘
11:11:45,23.71,0.0,5,11855,买盘
11:11:51,23.71,0.0,12,28452,买盘
11:11:57,23.71,0.0,5,11855,卖盘
11:12:00,23.71,0.0,20,47420,卖盘
11:12:03,23.71,0.0,22,52162,卖盘
11:12:06,23.71,0.0,6,14226,卖盘
11:12:24,23.71,0.0,80,189685,卖盘
11:12:27,23.72,0.01,2,4744,卖盘
11:12:48,23.73,0.01,2,4746,买盘
11:13:00,23.73,0.0,14,33223,卖盘
11:13:03,23.74,0.01,1,2374,买盘
11:13:06,23.73,-0.01,3,7119,卖盘
11:13:09,23.73,0.0,2,4746,卖盘
11:13:12,23.73,0.0,2,4746,卖盘
11:13:15,23.73,0.0,1,2373,卖盘
11:13:18,23.73,0.0,2,4746,买盘
11:13:27,23.72,-0.01,2,4744,卖盘
11:13:33,23.72,0.0,2,4744,卖盘
11:13:51,23.72,0.0,1,2372,卖盘
11:13:54,23.73,0.01,3,7119,买盘
11:13:57,23.72,-0.01,20,47441,卖盘
11:14:00,23.73,0.01,1,2373,中性盘
11:14:03,23.73,0.0,10,23730,卖盘
11:14:06,23.73,0.0,1,2373,买盘
11:14:12,23.73,0.0,1,2373,买盘
11:14:18,23.72,-0.01,40,94880,卖盘
11:14:21,23.73,0.01,8,18983,买盘
11:14:27,23.73,0.0,3,7119,买盘
11:14:42,23.72,-0.01,3,7116,卖盘
11:14:48,23.72,0.0,8,18976,卖盘
11:14:51,23.79,0.07,145,344576,买盘
11:14:54,23.79,0.0,20,47580,卖盘
11:15:03,23.79,0.0,335,796965,卖盘
11:15:09,23.78,-0.01,5,11889,买盘
11:15:18,23.79,0.01,1,2379,买盘
11:15:30,23.78,-0.01,9,21402,卖盘
11:15:33,23.78,0.0,1,2378,卖盘
11:15:42,23.79,0.01,2,4758,买盘
11:15:45,23.79,0.0,1,2379,买盘
11:15:51,23.73,-0.06,2,4746,卖盘
11:16:15,23.77,0.04,1,2377,卖盘
11:16:24,23.77,0.0,2,4754,卖盘
11:16:27,23.77,0.0,7,16639,卖盘
11:16:30,23.78,0.01,8,19024,买盘
11:16:39,23.78,0.0,2,4756,卖盘
11:16:45,23.77,-0.01,7,16639,卖盘
11:16:48,23.8,0.03,96,228356,买盘
11:16:54,23.81,0.01,23,54763,买盘
11:17:03,23.81,0.0,2,4762,买盘
11:17:09,23.8,-0.01,1,2380,卖盘
11:17:27,23.81,0.01,2,4762,买盘
11:17:33,23.8,-0.01,263,625948,卖盘
11:17:36,23.8,0.0,3,7140,买盘
11:17:42,23.79,-0.01,4,9516,卖盘
11:17:45,23.8,0.01,54,128520,买盘
11:17:51,23.8,0.0,53,126140,买盘
11:17:54,23.8,0.0,3,7140,卖盘
11:17:57,23.81,0.01,1,2381,买盘
11:18:03,23.8,-0.01,4,9520,卖盘
11:18:09,23.8,0.0,5,11900,买盘
11:18:15,23.79,-0.01,4,9516,卖盘
11:18:18,23.79,0.0,2,4758,卖盘
11:18:21,23.79,0.0,9,21411,卖盘
11:18:24,23.79,0.0,5,11895,卖盘
11:18:33,23.75,-0.04,4,9504,卖盘
11:19:06,23.79,0.04,8,19032,买盘
11:19:18,23.78,-0.01,4,9512,买盘
11:19:21,23.72,-0.06,96,227954,卖盘
11:19:24,23.78,0.06,2,4756,买盘
11:19:27,23.76,-0.02,5,11880,卖盘
11:19:30,23.72,-0.04,52,123344,卖盘
11:19:36,23.73,0.01,2,4746,卖盘
11:19:39,23.7,-0.03,287,680428,卖盘
11:19:57,23.65,-0.05,626,1481377,卖盘
11:20:06,23.75,0.1,1,2375,买盘
11:20:09,23.65,-0.1,50,118319,卖盘
11:20:15,23.75,0.1,26,61635,买盘
11:20:18,23.75,0.0,3,7125,卖盘
11:20:21,23.75,0.0,2,4750,卖盘
11:20:30,23.74,-0.01,1,2374,卖盘
11:20:33,23.68,-0.06,1,2368,卖盘
11:20:39,23.68,0.0,1,2368,买盘
11:20:42,23.7,0.02,21,49770,中性盘
11:20:51,23.7,0.0,6,14220,卖盘
11:20:57,23.7,0.0,1,2370,买盘
11:21:00,23.68,-0.02,20,47370,卖盘
11:21:06,23.7,0.02,4,9474,买盘
11:21:09,23.7,0.0,3,7110,买盘
11:22:09,23.71,0.01,30,71132,卖盘
11:22:15,23.72,0.01,7,16604,卖盘
11:22:24,23.74,0.02,63,149444,买盘
11:22:27,23.74,0.0,5,11870,卖盘
11:22:30,23.74,0.0,2,4748,卖盘
11:22:36,23.77,0.03,45,106878,买盘
11:22:42,23.77,0.0,1,2377,卖盘
11:22:57,23.78,0.01,19,45182,买盘
11:23:06,23.77,-0.01,6,14262,卖盘
11:23:09,23.68,-0.09,132,312642,卖盘
11:23:12,23.78,0.1,11,26117,买盘
11:23:15,23.66,-0.12,1,2366,卖盘
11:23:18,23.72,0.06,2,4745,中性盘
11:23:27,23.73,0.01,3,7119,买盘
11:23:30,23.73,0.0,2,4746,卖盘
11:23:51,23.65,-0.08,288,681284,卖盘
11:24:09,23.69,0.04,8,18952,卖盘
11:24:15,23.69,0.0,6,14214,卖盘
11:24:21,23.69,0.0,1,2369,卖盘
11:24:24,23.7,0.01,5,11850,买盘
11:24:33,23.7,0.0,1,2370,买盘
11:24:51,23.69,-0.01,2,4738,买盘
11:24:57,23.68,-0.01,2,4736,中性盘
11:25:00,23.69,0.01,4,9475,买盘
11:25:06,23.67,-0.02,10,23685,卖盘
11:25:09,23.67,0.0,9,21303,卖盘
11:25:12,23.67,0.0,6,14202,卖盘
11:25:15,23.67,0.0,2,4734,卖盘
11:25:18,23.66,-0.01,3,7099,卖盘
11:25:24,23.67,0.01,1,2367,买盘
11:25:30,23.67,0.0,4,9468,买盘
11:25:39,23.69,0.02,2,4738,买盘
11:25:45,23.67,-0.02,1,2367,卖盘
11:25:57,23.67,0.0,36,85217,卖盘
11:26:03,23.69,0.02,5,11845,买盘
11:26:06,23.67,-0.02,37,87609,卖盘
11:26:09,23.68,0.01,31,73383,中性盘
11:26:15,23.67,-0.01,88,208274,卖盘
11:26:21,23.67,0.0,3,7101,卖盘
11:26:24,23.67,0.0,2,4734,卖盘
11:26:27,23.67,0.0,1,2367,卖盘
11:26:30,23.67,0.0,2,4734,卖盘
11:26:33,23.66,-0.01,14,33135,卖盘
11:26:42,23.66,0.0,16,37860,卖盘
11:26:48,23.67,0.01,1,2367,买盘
11:26:51,23.67,0.0,1,2367,卖盘
11:27:00,23.67,0.0,40,94680,卖盘
11:27:03,23.67,0.0,1,2367,卖盘
11:27:15,23.68,0.01,11,26048,买盘
11:27:18,23.67,-0.01,1,2367,卖盘
11:27:21,23.68,0.01,5,11840,买盘
11:27:24,23.68,0.0,3,7104,买盘
11:27:27,23.68,0.0,5,11840,买盘
11:27:39,23.69,0.01,1,2369,买盘
11:27:48,23.69,0.0,2,4738,卖盘
11:27:51,23.65,-0.04,288,682148,卖盘
11:27:54,23.68,0.03,2,4736,中性盘
11:28:00,23.65,-0.03,3,7096,卖盘
11:28:12,23.65,0.0,51,120618,卖盘
11:28:15,23.66,0.01,5,11826,买盘
11:28:18,23.65,-0.01,9,20812,卖盘
11:28:21,23.65,0.0,10,23650,买盘
11:28:24,23.65,0.0,6,14663,买盘
11:28:30,23.65,0.0,10,23177,卖盘
11:28:33,23.65,0.0,8,18920,买盘
11:28:36,23.64,-0.01,1,2364,卖盘
11:28:42,23.64,0.0,57,134748,卖盘
11:28:48,23.65,0.01,7,17028,买盘
11:28:54,23.65,0.0,11,26018,卖盘
11:29:00,23.65,0.0,9,20812,卖盘
11:29:06,23.65,0.0,1,2365,买盘
11:29:09,23.64,-0.01,3,7092,卖盘
11:29:15,23.65,0.01,1,2365,买盘
11:29:18,23.64,-0.01,14,33096,卖盘
11:29:24,23.64,0.0,4,9458,卖盘
11:29:30,23.65,0.01,1,2838,买盘
11:29:42,23.66,0.01,10,23660,买盘
11:29:48,23.66,0.0,7,16562,买盘
11:29:51,23.65,-0.01,4,9460,卖盘
11:29:54,23.66,0.01,9,21294,买盘
11:29:57,23.66,0.0,2,4732,买盘
11:30:00,23.66,0.0,1,2366,买盘
13:00:00,23.65,-0.01,36,85145,卖盘
13:00:03,23.68,0.03,87,205803,中性盘
13:00:06,23.67,-0.01,24,56787,中性盘
13:00:09,23.66,-0.01,83,196437,卖盘
13:00:12,23.66,0.0,22,52066,卖盘
13:00:15,23.67,0.01,14,33138,买盘
13:00:24,23.68,0.01,2,4736,买盘
13:00:27,23.67,-0.01,19,44978,卖盘
13:00:36,23.68,0.01,27,63926,买盘
13:00:48,23.67,-0.01,12,28404,卖盘
13:00:51,23.68,0.01,11,26037,买盘
13:01:03,23.67,-0.01,2,4734,买盘
13:01:06,23.66,-0.01,8,18928,卖盘
13:01:09,23.67,0.01,118,279204,买盘
13:01:12,23.66,-0.01,15,35489,卖盘
13:01:15,23.66,0.0,9,21294,买盘
13:01:18,23.65,-0.01,4,9460,卖盘
13:01:27,23.65,0.0,19,44951,卖盘
13:01:30,23.65,0.0,6,14190,卖盘
13:01:36,23.63,-0.02,299,706961,卖盘
13:01:39,23.61,-0.02,234,552732,卖盘
13:01:42,23.6,-0.01,34,80253,卖盘
13:01:45,23.6,0.0,25,59000,卖盘
13:01:48,23.6,0.0,17,40120,卖盘
13:01:51,23.58,-0.02,52,122701,卖盘
13:01:54,23.62,0.04,48,113328,买盘
13:02:00,23.63,0.01,5,11815,买盘
13:02:03,23.63,0.0,30,70890,卖盘
13:02:06,23.63,0.0,2,4726,卖盘
13:02:09,23.64,0.01,124,293014,买盘
13:02:12,23.63,-0.01,3,7089,卖盘
13:02:18,23.63,0.0,64,151232,卖盘
13:02:21,23.63,0.0,301,711263,卖盘
13:02:24,23.62,-0.01,47,111014,卖盘
13:02:27,23.62,0.0,3,7086,卖盘
13:02:30,23.62,0.0,3,7086,卖盘
13:02:33,23.62,0.0,13,30714,卖盘
13:02:36,23.61,-0.01,4,9443,卖盘
13:02:39,23.58,-0.03,33,77832,卖盘
13:02:48,23.58,0.0,5,11790,卖盘
13:02:51,23.58,0.0,38,89614,卖盘
13:02:54,23.61,0.03,5,11801,买盘
13:02:57,23.59,-0.02,42,99078,卖盘
13:03:00,23.59,0.0,2,4718,卖盘
13:03:03,23.6,0.01,10,23600,中性盘
13:03:06,23.6,0.0,2,4720,卖盘
13:03:12,23.61,0.01,95,224232,买盘
13:03:18,23.61,0.0,3,7083,卖盘
13:03:21,23.61,0.0,23,54320,卖盘
13:03:24,23.62,0.01,5,11810,买盘
13:03:30,23.62,0.0,5,11810,卖盘
13:03:39,23.62,0.0,2,4724,买盘
13:03:42,23.62,0.0,3,7086,卖盘
13:03:54,23.62,0.0,6,14172,卖盘
13:03:57,23.63,0.01,2,4726,买盘
13:04:00,23.62,-0.01,10,23620,卖盘
13:04:03,23.62,0.0,5,11810,卖盘
13:04:06,23.62,0.0,3,7086,卖盘
13:04:18,23.61,-0.01,2,4722,卖盘
13:04:24,23.6,-0.01,6,14162,卖盘
13:04:27,23.61,0.01,2,4722,买盘
13:04:33,23.61,0.0,3,7084,卖盘
13:04:39,23.64,0.03,40,94546,买盘
13:04:42,23.64,0.0,5,11820,卖盘
13:04:45,23.64,0.0,5,11820,卖盘
13:04:48,23.64,0.0,10,23640,卖盘
13:04:54,23.64,0.0,53,125302,卖盘
13:05:00,23.64,0.0,35,82740,买盘
13:05:03,23.64,0.0,11,26004,买盘
13:05:06,23.65,0.01,1,2365,卖盘
13:05:09,23.65,0.0,2,4730,卖盘
13:05:15,23.65,0.0,5,11825,卖盘
13:05:18,23.65,0.0,3,7095,卖盘
13:05:21,23.63,-0.02,6,14178,卖盘
13:05:24,23.66,0.03,17,40201,买盘
13:05:33,23.65,-0.01,12,28380,卖盘
13:05:36,23.65,0.0,5,11825,卖盘
13:05:39,23.65,0.0,2,4730,卖盘
13:05:45,23.65,0.0,10,23650,卖盘
13:05:48,23.66,0.01,8,18923,买盘
13:05:51,23.65,-0.01,8,18920,卖盘
13:05:57,23.65,0.0,7,16555,卖盘
13:06:00,23.65,0.0,16,37840,卖盘
13:06:12,23.63,-0.02,7,16543,卖盘
13:06:21,23.63,0.0,4,9452,卖盘
13:06:24,23.63,0.0,11,25993,卖盘
13:06:27,23.63,0.0,5,11815,卖盘
13:06:36,23.63,0.0,5,11815,买盘
13:06:51,23.63,0.0,20,47260,买盘
13:06:54,23.62,-0.01,5,11810,卖盘
13:06:57,23.62,0.0,2,4724,卖盘
13:07:00,23.63,0.01,5,11815,买盘
13:07:06,23.63,0.0,22,51986,买盘
13:07:12,23.62,-0.01,19,44878,卖盘
13:07:21,23.63,0.01,1,2363,买盘
13:07:24,23.62,-0.01,24,56691,卖盘
13:07:27,23.63,0.01,41,96847,中性盘
13:07:33,23.63,0.0,19,44897,买盘
13:07:39,23.63,0.0,4,9452,买盘
13:07:42,23.62,-0.01,7,16534,卖盘
13:07:45,23.63,0.01,6,14178,买盘
13:07:51,23.63,0.0,1,2363,卖盘
13:08:00,23.63,0.0,19,44897,卖盘
13:08:03,23.62,-0.01,10,23623,卖盘
13:08:18,23.62,0.0,23,54326,卖盘
13:08:21,23.62,0.0,15,35430,卖盘
13:08:24,23.63,0.01,1,2363,买盘
13:08:27,23.63,0.0,10,23630,买盘
13:08:36,23.64,0.01,30,70893,买盘
13:08:39,23.64,0.0,6,14184,卖盘
13:08:42,23.66,0.02,68,160861,买盘
13:08:57,23.66,0.0,1,2366,买盘
13:09:03,23.63,-0.03,202,477431,卖盘
13:09:06,23.62,-0.01,6,14172,卖盘
13:09:09,23.63,0.01,5,11815,买盘
13:09:12,23.63,0.0,49,115787,买盘
13:09:21,23.63,0.0,3,7089,卖盘
13:09:24,23.63,0.0,21,49603,买盘
13:09:33,23.63,0.0,7,16535,中性盘
13:09:36,23.63,0.0,10,23630,卖盘
13:09:39,23.63,0.0,3,7089,卖盘
13:09:45,23.64,0.01,31,73272,买盘
13:09:51,23.62,-0.02,20,47241,卖盘
13:09:54,23.62,0.0,5,11810,卖盘
13:09:57,23.64,0.02,20,47264,买盘
13:10:06,23.65,0.01,2,4729,买盘
13:10:09,23.63,-0.02,6,14178,卖盘
13:10:12,23.63,0.0,28,66164,卖盘
13:10:15,23.62,-0.01,33,77949,卖盘
13:10:18,23.62,0.0,14,33069,卖盘
13:10:21,23.63,0.01,5,11813,买盘
13:10:27,23.62,-0.01,47,111014,卖盘
13:10:30,23.63,0.01,24,56698,买盘
13:10:33,23.63,0.0,10,23627,买盘
13:10:36,23.62,-0.01,2,4724,卖盘
13:10:42,23.62,0.0,24,56688,卖盘
13:10:45,23.62,0.0,8,18896,卖盘
13:10:48,23.62,0.0,8,18899,卖盘
13:10:54,23.62,0.0,21,49602,卖盘
13:10:57,23.62,0.0,10,23620,卖盘
13:11:06,23.62,0.0,29,68498,卖盘
13:11:09,23.63,0.01,31,73242,买盘
13:11:15,23.62,-0.01,7,16534,卖盘
13:11:18,23.63,0.01,4,9449,买盘
13:11:21,23.63,0.0,5,11815,卖盘
13:11:24,23.63,0.0,1,2363,卖盘
13:11:33,23.63,0.0,10,23630,买盘
13:11:36,23.62,-0.01,6,14172,卖盘
13:11:39,23.62,0.0,4,9448,卖盘
13:11:48,23.61,-0.01,1,2361,卖盘
13:11:51,23.61,0.0,10,23612,卖盘
13:11:54,23.61,0.0,5,11805,卖盘
13:11:57,23.61,0.0,19,44859,卖盘
13:12:00,23.62,0.01,15,35420,买盘
13:12:15,23.62,0.0,6,14167,买盘
13:12:18,23.61,-0.01,16,37776,卖盘
13:12:21,23.61,0.0,16,37776,卖盘
13:12:24,23.61,0.0,23,54303,卖盘
13:12:27,23.61,0.0,12,28322,买盘
13:12:33,23.6,-0.01,17,40120,卖盘
13:12:36,23.6,0.0,2,4720,卖盘
13:12:39,23.61,0.01,6,14162,买盘
13:12:45,23.6,-0.01,2,4720,卖盘
13:12:48,23.6,0.0,3,7080,卖盘
13:12:54,23.6,0.0,2,4720,卖盘
13:13:00,23.6,0.0,76,179360,卖盘
13:13:03,23.6,0.0,12,28320,卖盘
13:13:06,23.61,0.01,30,70830,买盘
13:13:15,23.6,-0.01,8,18882,卖盘
13:13:33,23.6,0.0,4,9440,卖盘
13:13:36,23.61,0.01,6,14166,买盘
13:13:39,23.6,-0.01,5,11800,卖盘
13:13:42,23.6,0.0,14,33040,卖盘
13:13:48,23.61,0.01,18,42498,买盘
13:13:51,23.6,-0.01,111,261980,卖盘
13:13:57,23.61,0.01,1,2361,卖盘
13:14:03,23.6,-0.01,43,101493,卖盘
13:14:06,23.6,0.0,5,11800,买盘
13:14:09,23.58,-0.02,183,431170,卖盘
13:14:21,23.57,-0.01,15,35355,卖盘
13:14:30,23.56,-0.01,24,56544,卖盘
13:14:33,23.57,0.01,3,7071,买盘
13:14:39,23.57,0.0,15,35355,买盘
13:14:45,23.57,0.0,54,127278,买盘
13:15:00,23.58,0.01,5,11790,买盘
13:15:03,23.57,-0.01,28,66002,卖盘
13:15:06,23.55,-0.02,175,412176,卖盘
13:15:12,23.55,0.0,1,2355,买盘
13:15:15,23.55,0.0,76,178974,买盘
13:15:18,23.55,0.0,1,2355,买盘
13:15:21,23.54,-0.01,7,16483,卖盘
13:15:24,23.55,0.01,1,2355,买盘
13:15:30,23.55,0.0,8,18840,卖盘
13:15:33,23.56,0.01,3,7066,买盘
13:15:36,23.55,-0.01,22,51819,卖盘
13:15:39,23.56,0.01,563,1323760,买盘
13:15:45,23.55,-0.01,9,21199,卖盘
13:15:48,23.56,0.01,31,73024,买盘
13:15:51,23.56,0.0,64,150784,卖盘
13:15:54,23.58,0.02,19,44777,买盘
13:15:57,23.56,-0.02,99,233244,卖盘
13:16:03,23.55,-0.01,1,2355,买盘
13:16:09,23.54,-0.01,10,23540,卖盘
13:16:15,23.54,0.0,1,2354,中性盘
13:16:18,23.53,-0.01,4,9412,卖盘
13:16:21,23.53,0.0,7,16471,卖盘
13:16:24,23.52,-0.01,7,16464,卖盘
13:16:27,23.53,0.01,2,4706,买盘
13:16:33,23.53,0.0,5,11765,买盘
13:16:36,23.53,0.0,12,28236,买盘
13:16:42,23.52,-0.01,40,94102,卖盘
13:16:45,23.52,0.0,10,23520,买盘
13:16:48,23.49,-0.03,738,1734111,卖盘
13:16:51,23.49,0.0,38,89243,买盘
13:16:54,23.49,0.0,72,169062,买盘
13:16:57,23.49,0.0,11,25838,买盘
13:17:03,23.48,-0.01,89,208972,卖盘
13:17:06,23.47,-0.01,3,7043,卖盘
13:17:09,23.47,0.0,5,11738,卖盘
13:17:12,23.48,0.01,7,16430,买盘
13:17:15,23.47,-0.01,42,98574,卖盘
13:17:18,23.48,0.01,277,649691,买盘
13:17:21,23.48,0.0,12,28173,买盘
13:17:27,23.48,0.0,65,152593,买盘
13:17:30,23.49,0.01,784,1840410,买盘
13:17:39,23.47,-0.02,10,23470,中性盘
13:17:42,23.47,0.0,9,21123,买盘
13:17:45,23.45,-0.02,286,670703,卖盘
13:17:48,23.44,-0.01,823,1928647,卖盘
13:17:51,23.44,0.0,1236,2897201,卖盘
13:17:54,23.44,0.0,10,23444,卖盘
13:17:57,23.44,0.0,10,23440,卖盘
13:18:00,23.44,0.0,10,23446,卖盘
13:18:03,23.45,0.01,1464,3431623,买盘
13:18:06,23.44,-0.01,34,79700,卖盘
13:18:09,23.45,0.01,33,77357,买盘
13:18:12,23.45,0.0,46,107849,买盘
13:18:15,23.44,-0.01,16,37510,卖盘
13:18:18,23.44,0.0,728,1706904,卖盘
13:18:21,23.44,0.0,15,35160,买盘
13:18:24,23.44,0.0,178,417232,买盘
13:18:27,23.44,0.0,18,42192,买盘
13:18:30,23.44,0.0,495,1160280,买盘
13:18:33,23.44,0.0,15,35160,买盘
13:18:36,23.44,0.0,16,37504,买盘
13:18:39,23.44,0.0,4,9376,买盘
13:18:42,23.44,0.0,66,154704,买盘
13:18:45,23.44,0.0,68,159392,买盘
13:18:48,23.44,0.0,7,16408,买盘
13:18:51,23.44,0.0,29,67976,买盘
13:18:54,23.44,0.0,80,187520,买盘
13:18:57,23.44,0.0,49,114856,买盘
13:19:00,23.44,0.0,1,2344,买盘
13:19:03,23.44,0.0,106,248464,买盘
13:19:06,23.44,0.0,14,32816,买盘
13:19:09,23.44,0.0,24,56256,买盘
13:19:12,23.44,0.0,59,138296,买盘
13:19:15,23.44,0.0,21,49224,买盘
13:19:18,23.44,0.0,31,72664,买盘
13:19:21,23.44,0.0,11,25784,买盘
13:19:27,23.44,0.0,5,11720,买盘
13:19:30,23.44,0.0,6,14064,买盘
13:19:33,23.44,0.0,18,42192,买盘
13:19:36,23.44,0.0,41,96104,买盘
13:19:39,23.44,0.0,49,114856,买盘
13:19:42,23.44,0.0,2,4688,买盘
13:19:45,23.44,0.0,7,16408,买盘
13:19:48,23.44,0.0,10,23440,买盘
13:19:51,23.44,0.0,43,100792,买盘
13:19:54,23.44,0.0,57,133608,买盘
13:19:57,23.44,0.0,2,4688,买盘
13:20:00,23.44,0.0,44,103136,买盘
13:20:03,23.44,0.0,3,7032,买盘
13:20:06,23.44,0.0,15,35160,买盘
13:20:09,23.44,0.0,45,105480,买盘
13:20:12,23.44,0.0,40,93760,买盘
13:20:15,23.44,0.0,12,28128,买盘
13:20:21,23.44,0.0,21,49224,买盘
13:20:24,23.44,0.0,86,201584,买盘
13:20:27,23.44,0.0,9,21096,买盘
13:20:30,23.44,0.0,33,77352,买盘
13:20:33,23.44,0.0,3,7032,买盘
13:20:36,23.44,0.0,31,72664,买盘
13:20:39,23.44,0.0,24,56256,买盘
13:20:48,23.44,0.0,10,23440,买盘
13:20:54,23.44,0.0,1,2344,买盘
13:20:57,23.44,0.0,18,42192,买盘
13:21:03,23.44,0.0,12,28128,买盘
13:21:06,23.44,0.0,12,28128,买盘
13:21:09,23.44,0.0,5,11720,买盘
13:21:12,23.44,0.0,18,42192,买盘
13:21:15,23.44,0.0,30,70320,买盘
13:21:21,23.44,0.0,5,11720,买盘
13:21:24,23.44,0.0,10,23440,买盘
13:21:27,23.44,0.0,69,161736,买盘
13:21:30,23.44,0.0,20,46880,买盘
13:21:39,23.44,0.0,10,23440,买盘
13:21:48,23.44,0.0,10,23440,买盘
13:21:57,23.44,0.0,100,234400,买盘
13:22:00,23.44,0.0,1,2344,买盘
13:22:03,23.44,0.0,16,37504,买盘
13:22:06,23.44,0.0,5,11720,买盘
13:22:09,23.44,0.0,101,236744,买盘
13:22:12,23.44,0.0,1,2344,买盘
13:22:18,23.44,0.0,32,75008,买盘
13:22:24,23.44,0.0,4,9376,买盘
13:22:39,23.44,0.0,27,63288,买盘
13:22:48,23.44,0.0,7,16408,买盘
13:22:51,23.44,0.0,19,44536,买盘
13:22:54,23.44,0.0,4,9376,买盘
13:22:57,23.44,0.0,1,2344,买盘
13:23:00,23.44,0.0,2,4688,买盘
13:23:03,23.44,0.0,1,2344,买盘
13:23:06,23.44,0.0,2,4688,买盘
13:23:09,23.44,0.0,39,91416,买盘
13:23:15,23.44,0.0,2,4688,买盘
13:23:18,23.44,0.0,4,9376,买盘
13:23:30,23.44,0.0,105,246120,买盘
13:23:33,23.44,0.0,1,2344,买盘
13:23:39,23.44,0.0,6,14064,买盘
13:23:45,23.44,0.0,8,18752,买盘
13:23:51,23.44,0.0,4,9376,买盘
13:23:54,23.44,0.0,25,58600,买盘
13:23:57,23.44,0.0,17,39848,买盘
13:24:00,23.44,0.0,41,96104,买盘
13:24:21,23.44,0.0,1,2344,买盘
13:24:27,23.44,0.0,20,46880,买盘
13:24:42,23.44,0.0,2,4688,买盘
13:24:51,23.44,0.0,1,2344,买盘
13:24:54,23.44,0.0,9,21096,买盘
13:24:57,23.44,0.0,1,2344,买盘
13:25:06,23.44,0.0,5,11720,买盘
13:25:12,23.44,0.0,6,14064,买盘
13:25:21,23.44,0.0,17,39848,买盘
13:25:27,23.44,0.0,4,9376,买盘
13:25:30,23.44,0.0,4,9376,买盘
13:25:33,23.44,0.0,1,2344,买盘
13:25:39,23.44,0.0,9,21096,买盘
13:25:42,23.44,0.0,4,9376,买盘
13:25:48,23.44,0.0,6,14064,买盘
13:25:57,23.44,0.0,1,2344,买盘
13:26:00,23.44,0.0,3,7032,买盘
13:26:06,23.44,0.0,5,11720,买盘
13:26:09,23.44,0.0,3,7032,买盘
13:26:12,23.44,0.0,4,9376,买盘
13:26:18,23.44,0.0,11,25784,买盘
13:26:24,23.44,0.0,20,46880,买盘
13:26:30,23.44,0.0,6,14064,买盘
13:26:36,23.44,0.0,4,9376,买盘
13:26:42,23.44,0.0,65,152360,买盘
13:26:51,23.44,0.0,2,4688,买盘
13:26:57,23.44,0.0,1,2344,买盘
13:27:00,23.44,0.0,5,11720,买盘
13:27:03,23.44,0.0,2,4688,买盘
13:27:09,23.44,0.0,1,2344,买盘
13:27:18,23.44,0.0,2,4688,买盘
13:27:30,23.44,0.0,40,93760,买盘
13:27:33,23.44,0.0,1,2344,买盘
13:27:36,23.44,0.0,2,4688,买盘
13:27:42,23.44,0.0,2,4688,买盘
13:28:03,23.44,0.0,1,2344,买盘
13:28:21,23.44,0.0,5,11720,买盘
13:28:36,23.44,0.0,7,16408,买盘
13:28:39,23.44,0.0,9,21096,买盘
13:28:45,23.44,0.0,1,2344,买盘
13:28:48,23.44,0.0,6,14064,买盘
13:28:51,23.44,0.0,1,2344,买盘
13:29:24,23.44,0.0,1,2344,买盘
13:29:33,23.44,0.0,2,4688,买盘
13:29:36,23.44,0.0,5,11720,买盘
13:29:39,23.44,0.0,40,93760,买盘
13:29:42,23.44,0.0,13,30472,买盘
13:29:54,23.44,0.0,5,11720,买盘
13:30:00,23.44,0.0,9,21096,买盘
13:30:06,23.44,0.0,20,46880,买盘
13:30:09,23.44,0.0,3,7032,买盘
13:30:12,23.44,0.0,7,16408,买盘
13:30:15,23.44,0.0,26,60944,买盘
13:30:21,23.44,0.0,16,37504,买盘
13:30:24,23.44,0.0,12,28128,买盘
13:30:30,23.44,0.0,5,11720,买盘
13:30:45,23.44,0.0,3,7032,买盘
13:30:48,23.44,0.0,1,2344,买盘
13:30:51,23.44,0.0,10,23440,买盘
13:30:54,23.44,0.0,22,51568,买盘
13:30:57,23.44,0.0,11,25784,买盘
13:31:00,23.44,0.0,2,4688,买盘
13:31:03,23.44,0.0,13,30472,买盘
13:31:09,23.44,0.0,2,4688,买盘
13:31:12,23.44,0.0,10,23440,买盘
13:31:15,23.44,0.0,4,9376,买盘
13:31:27,23.44,0.0,24,56256,买盘
13:31:30,23.44,0.0,39,91416,买盘
13:31:33,23.44,0.0,12,28128,买盘
13:31:36,23.44,0.0,20,46880,买盘
13:31:39,23.44,0.0,13,30472,买盘
13:31:45,23.44,0.0,2,4688,买盘
13:31:48,23.44,0.0,3,7032,买盘
13:31:51,23.44,0.0,42,98448,买盘
13:32:15,23.44,0.0,32,75008,买盘
13:32:21,23.44,0.0,3,7032,买盘
13:32:27,23.44,0.0,42,98448,买盘
13:32:33,23.44,0.0,1,2344,买盘
13:32:42,23.44,0.0,54,126576,买盘
13:32:45,23.44,0.0,5,11720,买盘
13:32:48,23.44,0.0,1,2344,买盘
13:33:30,23.44,0.0,2,4688,买盘
13:33:39,23.44,0.0,4,9376,买盘
13:33:45,23.44,0.0,1,2344,买盘
13:33:57,23.44,0.0,1,2344,买盘
13:34:00,23.44,0.0,1,2344,买盘
13:34:03,23.44,0.0,3,7032,买盘
13:34:06,23.44,0.0,1,2344,买盘
13:34:18,23.44,0.0,224,525056,买盘
13:34:21,23.44,0.0,3,7032,买盘
13:34:30,23.44,0.0,9,21096,买盘
13:34:33,23.44,0.0,31,72664,买盘
13:34:48,23.44,0.0,25,58600,买盘
13:34:54,23.44,0.0,25,58600,买盘
13:34:57,23.44,0.0,2,4688,买盘
13:35:12,23.44,0.0,2,4688,买盘
13:35:30,23.44,0.0,10,23440,买盘
13:35:51,23.44,0.0,2,4688,买盘
13:36:03,23.44,0.0,5,11720,买盘
13:36:06,23.44,0.0,19,44536,买盘
13:36:15,23.44,0.0,10,23440,买盘
13:36:42,23.44,0.0,25,58600,买盘
13:36:45,23.44,0.0,130,304720,买盘
13:36:51,23.44,0.0,3,7032,买盘
13:36:57,23.44,0.0,21,49224,买盘
13:37:00,23.44,0.0,52,121888,买盘
13:37:03,23.44,0.0,30,70320,买盘
13:37:09,23.44,0.0,12,28128,买盘
13:37:12,23.44,0.0,1,2344,买盘
13:37:39,23.44,0.0,5,11720,买盘
13:37:45,23.44,0.0,6,14064,买盘
13:37:54,23.44,0.0,14,32816,买盘
13:38:12,23.44,0.0,10,23440,买盘
13:38:15,23.44,0.0,10,23440,买盘
13:38:18,23.44,0.0,4,9376,买盘
13:38:24,23.44,0.0,2,4688,买盘
13:38:39,23.44,0.0,7,16408,买盘
13:38:42,23.44,0.0,1,2344,买盘
13:38:48,23.44,0.0,1,2344,买盘
13:38:57,23.44,0.0,2,4688,买盘
13:39:03,23.44,0.0,2,4688,买盘
13:39:06,23.44,0.0,1,2344,买盘
13:39:15,23.44,0.0,1,2344,买盘
13:39:54,23.44,0.0,31,72664,买盘
13:40:03,23.44,0.0,1,2344,买盘
13:40:09,23.44,0.0,10,23440,买盘
13:40:21,23.44,0.0,10,23440,买盘
13:40:30,23.44,0.0,1,2344,买盘
13:40:33,23.44,0.0,1,2344,买盘
13:41:06,23.44,0.0,4,9376,买盘
13:41:09,23.44,0.0,2,4688,买盘
13:41:21,23.44,0.0,2,4688,买盘
13:41:24,23.44,0.0,3,7032,买盘
13:41:45,23.44,0.0,2,4688,买盘
13:41:54,23.44,0.0,2,4688,买盘
13:42:33,23.44,0.0,14,32816,买盘
13:43:00,23.44,0.0,19,44536,买盘
13:43:03,23.44,0.0,1,2344,买盘
13:43:06,23.44,0.0,1,2344,买盘
13:43:36,23.44,0.0,53,124232,买盘
13:43:39,23.44,0.0,11,25784,买盘
13:43:42,23.44,0.0,2,4688,买盘
13:44:00,23.44,0.0,2,4688,买盘
13:44:09,23.44,0.0,1,2344,买盘
13:44:15,23.44,0.0,10,23440,买盘
13:44:27,23.44,0.0,7,16408,买盘
13:44:30,23.44,0.0,1,2344,买盘
13:44:33,23.44,0.0,4,9376,买盘
13:44:36,23.44,0.0,7,16408,买盘
13:44:57,23.44,0.0,5,11720,买盘
13:45:00,23.44,0.0,16,37504,买盘
13:45:12,23.44,0.0,10,23440,买盘
13:45:21,23.44,0.0,10,23440,买盘
13:45:45,23.44,0.0,1,2344,买盘
13:45:51,23.44,0.0,12,28128,买盘
13:45:57,23.44,0.0,40,93760,买盘
13:46:03,23.44,0.0,5,11720,买盘
13:46:06,23.44,0.0,6,14064,买盘
13:46:09,23.44,0.0,5,11720,买盘
13:46:15,23.44,0.0,5,11720,买盘
13:46:18,23.44,0.0,5,11720,买盘
13:46:24,23.44,0.0,1,2344,买盘
13:46:30,23.44,0.0,13,30472,买盘
13:46:36,23.44,0.0,7,16408,买盘
13:46:39,23.44,0.0,1,2344,买盘
13:46:51,23.44,0.0,1,2344,买盘
13:46:54,23.44,0.0,2,4688,买盘
13:47:00,23.44,0.0,2,4688,买盘
13:47:09,23.44,0.0,11,25784,买盘
13:47:18,23.44,0.0,25,58600,买盘
13:47:30,23.44,0.0,19,44536,买盘
13:47:33,23.44,0.0,6,14064,买盘
13:47:36,23.44,0.0,5,11720,买盘
13:47:51,23.44,0.0,1,2344,买盘
13:47:54,23.44,0.0,1,2344,买盘
13:48:00,23.44,0.0,12,28128,买盘
13:48:18,23.44,0.0,1,2344,买盘
13:48:24,23.44,0.0,2,4688,买盘
13:48:30,23.44,0.0,11,25784,买盘
13:49:03,23.44,0.0,1,2344,买盘
13:49:09,23.44,0.0,18,42192,买盘
13:49:18,23.44,0.0,2,4688,买盘
13:49:21,23.44,0.0,10,23440,买盘
13:49:24,23.44,0.0,6,14064,买盘
13:49:45,23.44,0.0,10,23440,买盘
13:49:48,23.44,0.0,2,4688,买盘
13:49:51,23.44,0.0,9,21096,买盘
13:50:30,23.44,0.0,1,2344,买盘
13:50:39,23.44,0.0,1,2344,买盘
13:50:42,23.44,0.0,1,2344,买盘
13:50:48,23.44,0.0,46,107824,买盘
13:50:51,23.44,0.0,20,46880,买盘
13:50:54,23.44,0.0,6,14064,买盘
13:51:06,23.44,0.0,6,14064,买盘
13:51:15,23.44,0.0,1,2344,买盘
13:51:21,23.44,0.0,1,2344,买盘
13:51:24,23.44,0.0,1,2344,买盘
13:51:27,23.44,0.0,2,4688,买盘
13:51:30,23.44,0.0,4,9376,买盘
13:51:42,23.44,0.0,27,63288,买盘
13:51:51,23.44,0.0,1,2344,买盘
13:51:54,23.44,0.0,1,2344,买盘
13:51:57,23.44,0.0,10,23440,买盘
13:52:00,23.44,0.0,1,2344,买盘
13:52:06,23.44,0.0,4,9376,买盘
13:52:09,23.44,0.0,7,16408,买盘
13:52:15,23.44,0.0,3,7032,买盘
13:52:18,23.44,0.0,2,4688,买盘
13:52:24,23.44,0.0,5,11720,买盘
13:52:48,23.44,0.0,5,11720,买盘
13:52:54,23.44,0.0,3,7032,买盘
13:53:00,23.44,0.0,1,2344,买盘
13:53:09,23.44,0.0,1,2344,买盘
13:53:12,23.44,0.0,1,2344,买盘
13:53:18,23.44,0.0,52,121888,买盘
13:53:39,23.44,0.0,3,7032,买盘
13:53:51,23.44,0.0,2,4688,买盘
13:53:54,23.44,0.0,1,2344,买盘
13:54:00,23.44,0.0,9,21096,买盘
13:54:06,23.44,0.0,1,2344,买盘
13:54:21,23.44,0.0,10,23440,买盘
13:54:24,23.44,0.0,20,46880,买盘
13:54:33,23.44,0.0,100,234400,买盘
13:54:36,23.44,0.0,12,28128,买盘
13:54:39,23.44,0.0,2,4688,买盘
13:54:42,23.44,0.0,5,11720,买盘
13:55:03,23.44,0.0,2,4688,买盘
13:55:21,23.44,0.0,16,37504,买盘
13:55:27,23.44,0.0,2,4688,买盘
13:55:48,23.44,0.0,5,11720,买盘
13:55:51,23.44,0.0,5,11720,买盘
13:55:57,23.44,0.0,51,119544,买盘
13:56:00,23.44,0.0,1,2344,买盘
13:56:03,23.44,0.0,1,2344,买盘
13:56:18,23.44,0.0,2,4688,买盘
13:56:36,23.44,0.0,12,28128,买盘
13:56:42,23.44,0.0,68,159392,买盘
13:56:48,23.44,0.0,4,9376,买盘
13:56:51,23.44,0.0,2,4688,买盘
13:56:54,23.44,0.0,6,14064,买盘
13:56:57,23.44,0.0,13,30472,买盘
13:57:15,23.44,0.0,3,7032,买盘
13:57:18,23.44,0.0,1,2344,买盘
13:57:30,23.44,0.0,10,23440,买盘
13:57:36,23.44,0.0,4,9376,买盘
13:57:39,23.44,0.0,3,7032,买盘
13:57:42,23.44,0.0,5,11720,买盘
13:57:45,23.44,0.0,400,937600,买盘
13:57:48,23.44,0.0,2,4688,买盘
13:57:51,23.44,0.0,17,39848,买盘
13:57:54,23.44,0.0,16,37504,买盘
13:58:00,23.44,0.0,3,7032,买盘
13:58:03,23.44,0.0,5,11720,买盘
13:58:06,23.44,0.0,2,4688,买盘
13:58:09,23.44,0.0,10,23440,买盘
13:58:15,23.44,0.0,4,9376,买盘
13:58:27,23.44,0.0,60,140640,买盘
13:58:30,23.44,0.0,94,220336,买盘
13:58:33,23.44,0.0,13,30472,买盘
13:58:36,23.44,0.0,54,126576,买盘
13:58:39,23.44,0.0,62,145328,买盘
13:58:42,23.44,0.0,2,4688,买盘
13:58:45,23.44,0.0,8,18752,买盘
13:58:51,23.44,0.0,2,4688,买盘
13:58:54,23.44,0.0,2,4688,买盘
13:58:57,23.44,0.0,5,11720,买盘
13:59:00,23.44,0.0,2,4688,买盘
13:59:03,23.44,0.0,6,14064,买盘
13:59:09,23.44,0.0,5,11720,买盘
13:59:12,23.44,0.0,12,28128,买盘
13:59:18,23.44,0.0,3,7032,买盘
13:59:27,23.44,0.0,83,194552,买盘
13:59:33,23.44,0.0,11,25784,买盘
13:59:36,23.44,0.0,10,23440,买盘
13:59:39,23.44,0.0,5,11720,买盘
13:59:42,23.44,0.0,3,7032,买盘
13:59:45,23.44,0.0,5,11720,买盘
13:59:48,23.44,0.0,3,7032,买盘
13:59:51,23.44,0.0,208,487552,买盘
13:59:54,23.44,0.0,49,114856,买盘
13:59:57,23.44,0.0,3,7032,买盘
14:00:00,23.44,0.0,9,21096,买盘
14:00:03,23.44,0.0,2,4688,买盘
14:00:06,23.44,0.0,3,7032,买盘
14:00:09,23.44,0.0,598,1401712,买盘
14:00:12,23.44,0.0,200,468800,买盘
14:00:15,23.44,0.0,41,96104,买盘
14:00:18,23.44,0.0,13,30472,买盘
14:00:21,23.44,0.0,57,133608,买盘
14:00:24,23.44,0.0,58,135952,买盘
14:00:27,23.44,0.0,717,1680648,买盘
14:00:30,23.44,0.0,88,206272,买盘
14:00:33,23.44,0.0,177,414888,买盘
14:00:36,23.44,0.0,153,358632,买盘
14:00:39,23.44,0.0,112,262528,买盘
14:00:42,23.44,0.0,112,262528,买盘
14:00:45,23.44,0.0,189,443016,买盘
14:00:48,23.44,0.0,29,67976,买盘
14:00:51,23.44,0.0,23,53912,买盘
14:00:54,23.44,0.0,139,325816,买盘
14:00:57,23.44,0.0,95,222680,买盘
14:01:00,23.44,0.0,38,89072,买盘
14:01:03,23.44,0.0,170,398480,买盘
14:01:06,23.44,0.0,19,44536,买盘
14:01:09,23.44,0.0,47,110168,买盘
14:01:12,23.44,0.0,15,35160,买盘
14:01:15,23.44,0.0,98,229712,买盘
14:01:18,23.44,0.0,40,93760,买盘
14:01:21,23.44,0.0,27,63288,买盘
14:01:24,23.44,0.0,35,82040,买盘
14:01:27,23.44,0.0,11,25784,买盘
14:01:30,23.44,0.0,18,42192,买盘
14:01:33,23.44,0.0,17,39848,买盘
14:01:36,23.44,0.0,12,28128,买盘
14:01:39,23.44,0.0,150,351600,买盘
14:01:42,23.44,0.0,321,752424,买盘
14:01:45,23.44,0.0,936,2193984,买盘
14:01:48,23.44,0.0,192,450048,买盘
14:01:51,23.44,0.0,214,501616,买盘
14:01:54,23.44,0.0,16,37504,买盘
14:01:57,23.44,0.0,86,201584,买盘
14:02:00,23.44,0.0,256,600064,买盘
14:02:03,23.44,0.0,140,328160,买盘
14:02:06,23.44,0.0,367,860248,买盘
14:02:09,23.44,0.0,688,1612672,买盘
14:02:12,23.44,0.0,1252,2934688,买盘
14:02:15,23.44,0.0,372,871968,买盘
14:02:18,23.44,0.0,887,2079128,买盘
14:02:21,23.44,0.0,591,1385304,买盘
14:02:24,23.44,0.0,636,1490784,买盘
14:02:27,23.49,0.05,103,241134,买盘
14:02:30,23.52,0.03,68,159652,买盘
14:02:33,23.63,0.11,6,14148,买盘
14:02:39,23.67,0.04,15,35481,买盘
14:02:42,23.66,-0.01,21,49686,中性盘
14:02:45,23.67,0.01,37,87550,买盘
14:02:48,23.69,0.02,84,198991,买盘
14:02:51,23.69,0.0,37,87617,买盘
14:02:54,23.7,0.01,8,18960,买盘
14:02:57,23.7,0.0,3,7118,卖盘
14:03:00,23.69,-0.01,71,168390,卖盘
14:03:03,23.7,0.01,28,66374,中性盘
14:03:06,23.74,0.04,335,794641,买盘
14:03:09,23.75,0.01,75,178108,买盘
14:03:12,23.77,0.02,6,14262,卖盘
14:03:15,23.75,-0.02,25,59400,卖盘
14:03:18,23.78,0.03,34,80840,买盘
14:03:21,23.78,0.0,4,9509,卖盘
14:03:24,23.79,0.01,25,59459,买盘
14:03:27,23.78,-0.01,51,121307,卖盘
14:03:30,23.78,0.0,8,19006,买盘
14:03:33,23.77,-0.01,6,14263,中性盘
14:03:36,23.77,0.0,59,140126,买盘
14:03:39,23.81,0.04,219,521936,买盘
14:03:42,23.79,-0.02,16,38087,卖盘
14:03:45,23.81,0.02,26,61906,买盘
14:03:48,23.8,-0.01,19,45220,卖盘
14:03:51,23.81,0.01,12,28569,买盘
14:03:54,23.81,0.0,11,26183,买盘
14:03:57,23.81,0.0,2,4762,买盘
14:04:00,23.8,-0.01,87,207060,卖盘
14:04:03,23.8,0.0,7,16660,卖盘
14:04:06,23.76,-0.04,78,184425,卖盘
14:04:09,23.76,0.0,24,56996,买盘
14:04:12,23.72,-0.04,103,244487,卖盘
14:04:15,23.7,-0.02,5,11850,卖盘
14:04:18,23.7,0.0,4,9480,卖盘
14:04:21,23.7,0.0,4,9480,卖盘
14:04:24,23.66,-0.04,2,4732,卖盘
14:04:30,23.69,0.03,4,9473,买盘
14:04:33,23.66,-0.03,4,9466,卖盘
14:04:36,23.68,0.02,2,4736,买盘
14:04:42,23.68,0.0,2,4736,买盘
14:04:45,23.66,-0.02,2,4732,卖盘
14:04:48,23.66,0.0,11,26026,卖盘
14:04:51,23.66,0.0,65,153809,卖盘
14:04:54,23.66,0.0,8,18919,买盘
14:04:57,23.65,-0.01,6,14190,中性盘
14:05:00,23.63,-0.02,2,4726,卖盘
14:05:09,23.63,0.0,12,28356,卖盘
14:05:12,23.63,0.0,32,75626,卖盘
14:05:15,23.65,0.02,20,47284,买盘
14:05:18,23.65,0.0,2,4728,买盘
14:05:21,23.62,-0.03,1,2362,买盘
14:05:24,23.62,0.0,1,2362,买盘
14:05:27,23.62,0.0,11,25901,买盘
14:05:33,23.62,0.0,3,7086,买盘
14:05:36,23.62,0.0,2,4724,卖盘
14:05:39,23.62,0.0,17,40162,卖盘
14:05:42,23.52,-0.1,9,21224,卖盘
14:05:45,23.51,-0.01,6,14116,卖盘
14:05:48,23.44,-0.07,613,1437881,卖盘
14:05:51,23.44,0.0,23,53912,买盘
14:05:54,23.44,0.0,11,25784,买盘
14:05:57,23.44,0.0,50,117200,买盘
14:06:00,23.44,0.0,37,86728,买盘
14:06:03,23.44,0.0,123,288312,买盘
14:06:06,23.44,0.0,64,150016,买盘
14:06:09,23.44,0.0,7,16408,买盘
14:06:12,23.44,0.0,20,46880,买盘
14:06:15,23.44,0.0,65,152360,买盘
14:06:18,23.44,0.0,29,67976,买盘
14:06:24,23.44,0.0,24,56256,买盘
14:06:27,23.44,0.0,71,166424,买盘
14:06:30,23.44,0.0,18,42192,买盘
14:06:33,23.44,0.0,6,14064,买盘
14:06:36,23.44,0.0,2,4688,买盘
14:06:42,23.44,0.0,68,159392,买盘
14:06:45,23.44,0.0,6,14064,买盘
14:06:48,23.44,0.0,16,37504,买盘
14:06:51,23.44,0.0,81,189864,买盘
14:06:54,23.44,0.0,5,11720,买盘
14:07:00,23.44,0.0,16,37504,买盘
14:07:03,23.44,0.0,15,35160,买盘
14:07:06,23.44,0.0,1,2344,买盘
14:07:09,23.44,0.0,1,2344,买盘
14:07:15,23.44,0.0,1,2344,买盘
14:07:18,23.44,0.0,177,414888,买盘
14:07:24,23.44,0.0,74,173456,买盘
14:07:27,23.44,0.0,7,16408,买盘
14:07:30,23.44,0.0,17,39848,买盘
14:07:33,23.44,0.0,9,21096,买盘
14:07:36,23.44,0.0,239,560216,买盘
14:07:39,23.44,0.0,47,110168,买盘
14:07:42,23.44,0.0,15,35160,买盘
14:07:48,23.44,0.0,44,103136,买盘
14:07:51,23.44,0.0,10,23440,买盘
14:07:54,23.44,0.0,9,21096,买盘
14:07:57,23.44,0.0,3,7032,买盘
14:08:00,23.44,0.0,206,482864,买盘
14:08:03,23.44,0.0,23,53912,买盘
14:08:09,23.44,0.0,4,9376,买盘
14:08:12,23.44,0.0,24,56256,买盘
14:08:15,23.44,0.0,108,253152,买盘
14:08:18,23.44,0.0,78,182832,买盘
14:08:21,23.44,0.0,9,21096,买盘
14:08:24,23.44,0.0,71,166424,买盘
14:08:27,23.44,0.0,5,11720,买盘
14:08:30,23.44,0.0,90,210960,买盘
14:08:33,23.44,0.0,1,2344,买盘
14:08:36,23.44,0.0,5,11720,买盘
14:08:39,23.44,0.0,57,133608,买盘
14:08:42,23.44,0.0,136,318784,买盘
14:08:45,23.44,0.0,56,131264,买盘
14:08:48,23.44,0.0,6,14064,买盘
14:08:51,23.44,0.0,24,56256,买盘
14:08:54,23.44,0.0,43,100792,买盘
14:08:57,23.44,0.0,10,23440,买盘
14:09:00,23.44,0.0,16,37504,买盘
14:09:03,23.44,0.0,74,173456,买盘
14:09:06,23.44,0.0,41,96104,买盘
14:09:09,23.44,0.0,79,185176,买盘
14:09:12,23.44,0.0,41,96104,买盘
14:09:15,23.44,0.0,16,37504,买盘
14:09:18,23.44,0.0,16,37504,买盘
14:09:21,23.44,0.0,53,124232,买盘
14:09:24,23.44,0.0,46,107824,买盘
14:09:27,23.44,0.0,16,37504,买盘
14:09:30,23.44,0.0,47,110168,买盘
14:09:33,23.44,0.0,18,42192,买盘
14:09:36,23.44,0.0,5,11720,买盘
14:09:39,23.44,0.0,20,46880,买盘
14:09:51,23.44,0.0,12,28128,买盘
14:09:54,23.44,0.0,51,119544,买盘
14:09:57,23.44,0.0,169,396136,买盘
14:10:00,23.44,0.0,32,75008,买盘
14:10:03,23.44,0.0,2,4688,买盘
14:10:06,23.44,0.0,31,72664,买盘
14:10:09,23.44,0.0,35,82040,买盘
14:10:12,23.44,0.0,10,23440,买盘
14:10:15,23.44,0.0,137,321128,买盘
14:10:18,23.44,0.0,61,142984,买盘
14:10:21,23.44,0.0,2,4688,买盘
14:10:24,23.44,0.0,31,72664,买盘
14:10:27,23.44,0.0,2,4688,买盘
14:10:30,23.44,0.0,90,210960,买盘
14:10:33,23.44,0.0,2,4688,买盘
14:10:36,23.44,0.0,8,18752,买盘
14:10:39,23.44,0.0,35,82040,买盘
14:10:42,23.44,0.0,16,37504,买盘
14:10:45,23.44,0.0,71,166424,买盘
14:10:48,23.44,0.0,24,56256,买盘
14:10:51,23.44,0.0,31,72664,买盘
14:10:54,23.44,0.0,14,32816,买盘
14:10:57,23.44,0.0,57,133608,买盘
14:11:00,23.44,0.0,103,241432,买盘
14:11:03,23.44,0.0,63,147672,买盘
14:11:06,23.44,0.0,95,222680,买盘
14:11:09,23.44,0.0,46,107824,买盘
14:11:12,23.44,0.0,65,152360,买盘
14:11:15,23.44,0.0,47,110168,买盘
14:11:18,23.44,0.0,6,14064,买盘
14:11:21,23.44,0.0,44,103136,买盘
14:11:24,23.44,0.0,648,1518912,买盘
14:11:27,23.44,0.0,38,88134,买盘
14:11:30,23.44,0.0,104,243776,卖盘
14:11:33,23.45,0.01,1,2345,买盘
14:11:36,23.45,0.0,3,7035,买盘
14:11:39,23.45,0.0,16,37520,卖盘
14:11:42,23.44,-0.01,21,49237,卖盘
14:11:51,23.45,0.01,6,14075,卖盘
14:11:54,23.45,0.0,9,21110,卖盘
14:11:57,23.5,0.05,2,4700,买盘
14:12:00,23.45,-0.05,2,4690,卖盘
14:12:06,23.55,0.1,10,23490,买盘
14:12:09,23.45,-0.1,62,145528,卖盘
14:12:12,23.5,0.05,5,11735,中性盘
14:12:15,23.5,0.0,2,4700,卖盘
14:12:18,23.56,0.06,5,11780,中性盘
14:12:21,23.52,-0.04,9,21176,中性盘
14:12:24,23.52,0.0,12,28218,买盘
14:12:27,23.53,0.01,11,25881,买盘
14:12:30,23.56,0.03,1,2356,卖盘
14:12:33,23.6,0.04,9,21240,买盘
14:12:36,23.56,-0.04,2,4716,卖盘
14:12:39,23.62,0.06,2,4724,买盘
14:12:42,23.62,0.0,3,7084,买盘
14:12:45,23.62,0.0,22,51958,买盘
14:12:48,23.66,0.04,6,14188,买盘
14:12:51,23.62,-0.04,3,7086,卖盘
14:12:54,23.65,0.03,22,52030,买盘
14:12:57,23.66,0.01,14,33110,买盘
14:13:00,23.65,-0.01,7,16555,卖盘
14:13:03,23.65,0.0,42,99301,卖盘
14:13:06,23.6,-0.05,193,455774,卖盘
14:13:09,23.6,0.0,98,231528,卖盘
14:13:12,23.6,0.0,10,23602,卖盘
14:13:15,23.6,0.0,23,54280,卖盘
14:13:18,23.6,0.0,16,37760,买盘
14:13:21,23.6,0.0,3,7080,买盘
14:13:24,23.55,-0.05,48,113232,卖盘
14:13:27,23.6,0.05,56,132160,买盘
14:13:30,23.52,-0.08,22,51759,卖盘
14:13:33,23.6,0.08,2,4720,买盘
14:13:36,23.55,-0.05,2,4710,中性盘
14:13:39,23.55,0.0,1,2355,买盘
14:13:45,23.55,0.0,6,14130,买盘
14:13:51,23.52,-0.03,20,47042,卖盘
14:13:54,23.55,0.03,24,56518,买盘
14:13:57,23.55,0.0,11,25905,卖盘
14:14:03,23.56,0.01,2,4712,买盘
14:14:06,23.56,0.0,2,4712,卖盘
14:14:09,23.56,0.0,2,4712,卖盘
14:14:12,23.56,0.0,15,35341,卖盘
14:14:15,23.57,0.01,2,4714,中性盘
14:14:18,23.56,-0.01,14,32984,卖盘
14:14:21,23.55,-0.01,58,136590,卖盘
14:14:24,23.55,0.0,162,381833,卖盘
14:14:27,23.55,0.0,3,7059,买盘
14:14:33,23.55,0.0,51,120042,买盘
14:14:36,23.55,0.0,15,36277,卖盘
14:14:42,23.55,0.0,2,4710,卖盘
14:14:45,23.55,0.0,2,4710,卖盘
14:14:48,23.55,0.0,1,2355,卖盘
14:14:51,23.55,0.0,2,4710,卖盘
14:14:54,23.56,0.01,1,2356,买盘
14:14:57,23.55,-0.01,2,4710,卖盘
14:15:00,23.56,0.01,3,7066,买盘
14:15:03,23.55,-0.01,2,4710,卖盘
14:15:06,23.56,0.01,4,9424,买盘
14:15:09,23.55,-0.01,5,11775,卖盘
14:15:12,23.55,0.0,4,9421,卖盘
14:15:15,23.56,0.01,79,186102,买盘
14:15:27,23.56,0.0,6,14136,卖盘
14:15:30,23.55,-0.01,24,56534,卖盘
14:15:33,23.55,0.0,1,2355,卖盘
14:15:36,23.55,0.0,37,86193,卖盘
14:15:39,23.54,-0.01,12,28246,买盘
14:15:45,23.53,-0.01,9,21184,卖盘
14:15:48,23.52,-0.01,2,4704,卖盘
14:15:51,23.52,0.0,68,159983,卖盘
14:15:54,23.52,0.0,29,68208,卖盘
14:15:57,23.52,0.0,6,14112,卖盘
14:16:00,23.52,0.0,57,134064,卖盘
14:16:03,23.53,0.01,10,23525,买盘
14:16:06,23.52,-0.01,32,75264,卖盘
14:16:09,23.53,0.01,1,2353,买盘
14:16:12,23.53,0.0,7,16471,买盘
14:16:15,23.53,0.0,2,4705,买盘
14:16:18,23.53,0.0,6,14117,买盘
14:16:21,23.53,0.0,8,18824,买盘
14:16:24,23.52,-0.01,4,9408,卖盘
14:16:27,23.52,0.0,112,263369,卖盘
14:16:30,23.52,0.0,7,16460,买盘
14:16:33,23.52,0.0,2,4704,买盘
14:16:36,23.52,0.0,14,32928,买盘
14:16:39,23.51,-0.01,5,11755,买盘
14:16:42,23.5,-0.01,60,141025,卖盘
14:16:45,23.5,0.0,4,9400,卖盘
14:16:48,23.5,0.0,44,103393,卖盘
14:16:51,23.5,0.0,2,4700,买盘
14:16:54,23.5,0.0,8,18800,卖盘
14:16:57,23.48,-0.02,4,9392,卖盘
14:17:00,23.5,0.02,6,14099,买盘
14:17:06,23.49,-0.01,4,9394,买盘
14:17:09,23.48,-0.01,2,4696,卖盘
14:17:12,23.46,-0.02,6,14076,卖盘
14:17:18,23.46,0.0,40,93840,卖盘
14:17:21,23.48,0.02,31,72739,买盘
14:17:27,23.5,0.02,50,117496,买盘
14:17:30,23.48,-0.02,5,11740,中性盘
14:17:33,23.45,-0.03,29,68005,卖盘
14:17:42,23.46,0.01,4,9384,卖盘
14:17:48,23.46,0.0,1,2346,买盘
14:17:51,23.46,0.0,17,39868,买盘
14:17:57,23.45,-0.01,5,11728,卖盘
14:18:00,23.45,0.0,44,103185,卖盘
14:18:03,23.46,0.01,12,28152,买盘
14:18:09,23.48,0.02,3,7044,买盘
14:18:18,23.5,0.02,1,2350,买盘
14:18:21,23.5,0.0,755,1770001,买盘
14:18:24,23.46,-0.04,3,7034,中性盘
14:18:27,23.5,0.04,85,199626,买盘
14:18:30,23.5,0.0,8,18800,买盘
14:18:33,23.46,-0.04,6,14084,卖盘
14:18:36,23.5,0.04,2,4699,买盘
14:18:39,23.5,0.0,1,2350,卖盘
14:18:42,23.46,-0.04,1,2346,卖盘
14:18:51,23.5,0.04,20,47000,买盘
14:19:00,23.44,-0.06,543,1273137,卖盘
14:19:03,23.44,0.0,9,21096,买盘
14:19:06,23.44,0.0,3,7032,买盘
14:19:09,23.44,0.0,14,32816,买盘
14:19:12,23.44,0.0,188,440672,买盘
14:19:15,23.44,0.0,2,4688,买盘
14:19:18,23.44,0.0,340,796960,买盘
14:19:21,23.44,0.0,15,35160,买盘
14:19:27,23.44,0.0,28,65632,买盘
14:19:30,23.44,0.0,17,39848,买盘
14:19:33,23.44,0.0,4,9376,买盘
14:19:36,23.44,0.0,10,23440,买盘
14:19:39,23.44,0.0,64,150016,买盘
14:19:51,23.44,0.0,4,9376,买盘
14:19:57,23.44,0.0,10,23440,买盘
14:20:00,23.44,0.0,5,11720,买盘
14:20:03,23.44,0.0,5,11720,买盘
14:20:06,23.44,0.0,6,14064,买盘
14:20:09,23.44,0.0,8,18752,买盘
14:20:15,23.44,0.0,149,349256,买盘
14:20:21,23.44,0.0,6,14064,买盘
14:20:24,23.44,0.0,3,7032,买盘
14:20:27,23.44,0.0,8,18752,买盘
14:20:30,23.44,0.0,1,2344,买盘
14:20:33,23.44,0.0,1,2344,买盘
14:20:36,23.44,0.0,2,4688,买盘
14:20:39,23.44,0.0,32,75008,买盘
14:20:48,23.44,0.0,4,9376,买盘
14:20:51,23.44,0.0,5,11720,买盘
14:20:54,23.44,0.0,240,562560,买盘
14:20:57,23.44,0.0,12,28128,买盘
14:21:00,23.44,0.0,9,21096,买盘
14:21:03,23.44,0.0,17,39848,买盘
14:21:06,23.44,0.0,15,35160,买盘
14:21:09,23.44,0.0,3,7032,买盘
14:21:12,23.44,0.0,60,140640,买盘
14:21:15,23.44,0.0,57,133608,买盘
14:21:18,23.44,0.0,3,7032,买盘
14:21:21,23.44,0.0,30,70320,买盘
14:21:24,23.44,0.0,25,58600,买盘
14:21:27,23.44,0.0,40,93760,买盘
14:21:30,23.44,0.0,19,44536,买盘
14:21:33,23.44,0.0,2,4688,买盘
14:21:36,23.44,0.0,2,4688,买盘
14:21:45,23.44,0.0,12,28128,买盘
14:21:48,23.44,0.0,79,185176,买盘
14:21:51,23.44,0.0,31,72664,买盘
14:21:54,23.44,0.0,18,42192,买盘
14:21:57,23.44,0.0,4,9376,买盘
14:22:00,23.44,0.0,2,4688,买盘
14:22:03,23.44,0.0,6,14064,买盘
14:22:09,23.44,0.0,20,46880,买盘
14:22:12,23.44,0.0,8,18752,买盘
14:22:15,23.44,0.0,275,644600,买盘
14:22:18,23.44,0.0,58,135952,买盘
14:22:21,23.44,0.0,5,11720,买盘
14:22:27,23.44,0.0,1,2344,卖盘
14:22:39,23.44,0.0,10,23443,卖盘
14:22:45,23.44,0.0,40,93763,卖盘
14:22:54,23.49,0.05,2,4698,买盘
14:22:57,23.45,-0.04,6,14070,卖盘
14:23:06,23.5,0.05,27,63452,买盘
14:23:09,23.5,0.0,8,18803,卖盘
14:23:12,23.46,-0.04,8,18788,中性盘
14:23:15,23.51,0.05,9,21154,买盘
14:23:18,23.51,0.0,7,16440,买盘
14:23:21,23.51,0.0,13,30563,买盘
14:23:24,23.51,0.0,25,58752,买盘
14:23:30,23.51,0.0,7,16457,买盘
14:23:36,23.51,0.0,5,11753,买盘
14:23:42,23.51,0.0,2,4702,买盘
14:23:45,23.51,0.0,2,4702,买盘
14:23:48,23.51,0.0,1,2351,买盘
14:23:51,23.45,-0.06,20,46900,卖盘
14:23:57,23.5,0.05,2,4695,买盘
14:24:00,23.45,-0.05,4,9380,卖盘
14:24:24,23.48,0.03,3,7044,买盘
14:24:30,23.49,0.01,7,16438,买盘
14:24:36,23.48,-0.01,22,51673,卖盘
14:24:39,23.46,-0.02,20,46940,卖盘
14:24:42,23.45,-0.01,43,100881,卖盘
14:24:48,23.46,0.01,7,16422,买盘
14:24:51,23.46,0.0,6,14076,买盘
14:24:57,23.48,0.02,14,32868,买盘
14:25:03,23.48,0.0,10,23472,买盘
14:25:09,23.48,0.0,4,9392,买盘
14:25:12,23.48,0.0,3,7044,买盘
14:25:15,23.48,0.0,30,70440,买盘
14:25:21,23.48,0.0,30,70440,卖盘
14:25:24,23.48,0.0,1,2348,卖盘
14:25:33,23.48,0.0,31,72788,卖盘
14:25:36,23.49,0.01,9,21141,买盘
14:25:42,23.48,-0.01,13,30535,卖盘
14:25:51,23.49,0.01,6,14094,卖盘
14:26:06,23.49,0.0,13,30537,卖盘
14:26:12,23.47,-0.02,91,213619,卖盘
14:26:18,23.47,0.0,4,9388,卖盘
14:26:21,23.47,0.0,7,16438,卖盘
14:26:24,23.47,0.0,1,2347,卖盘
14:26:27,23.48,0.01,3,7044,买盘
14:26:30,23.47,-0.01,6,14082,卖盘
14:26:33,23.46,-0.01,3,7040,卖盘
14:26:36,23.47,0.01,1,2347,中性盘
14:27:06,23.47,0.0,18,42256,卖盘
14:27:09,23.46,-0.01,44,103245,卖盘
14:27:12,23.48,0.02,54,126661,买盘
14:27:24,23.47,-0.01,2,4694,买盘
14:27:36,23.48,0.01,14,32872,卖盘
14:27:39,23.47,-0.01,32,75123,卖盘
14:27:42,23.45,-0.02,39,91527,卖盘
14:27:48,23.47,0.02,2,4694,卖盘
14:27:54,23.47,0.0,13,30491,买盘
14:28:00,23.47,0.0,3,7041,买盘
14:28:09,23.47,0.0,1,2347,买盘
14:28:12,23.47,0.0,2,4694,买盘
14:28:15,23.47,0.0,1,2347,买盘
14:28:21,23.47,0.0,30,70401,买盘
14:28:24,23.46,-0.01,1,2346,卖盘
14:28:27,23.46,0.0,20,46936,中性盘
14:28:30,23.46,0.0,7,16422,卖盘
14:28:33,23.47,0.01,19,44593,买盘
14:28:36,23.47,0.0,2,4693,买盘
14:28:45,23.46,-0.01,4,9384,卖盘
14:28:48,23.45,-0.01,11,25805,卖盘
14:28:51,23.45,0.0,8,18760,卖盘
14:28:54,23.47,0.02,3,7041,买盘
14:29:00,23.47,0.0,2,4694,买盘
14:29:03,23.45,-0.02,5,11725,卖盘
14:29:06,23.45,0.0,44,103266,卖盘
14:29:12,23.47,0.02,6,14082,卖盘
14:29:15,23.46,-0.01,261,612114,卖盘
14:29:21,23.45,-0.01,7,16416,卖盘
14:29:24,23.45,0.0,20,46900,买盘
14:29:30,23.45,0.0,8,18760,买盘
14:29:33,23.44,-0.01,57,133631,卖盘
14:29:36,23.45,0.01,20,46900,买盘
14:29:39,23.45,0.0,7,16415,买盘
14:29:42,23.45,0.0,91,213307,买盘
14:29:45,23.45,0.0,5,11725,买盘
14:29:48,23.44,-0.01,530,1242330,卖盘
14:29:51,23.44,0.0,59,138296,卖盘
14:29:54,23.44,0.0,142,332848,卖盘
14:29:57,23.44,0.0,41,96104,买盘
14:30:00,23.44,0.0,10,23440,买盘
14:30:03,23.44,0.0,20,46880,买盘
14:30:09,23.44,0.0,11,25784,买盘
14:30:12,23.44,0.0,23,53912,买盘
14:30:18,23.44,0.0,2,4688,买盘
14:30:21,23.44,0.0,40,93760,买盘
14:30:24,23.44,0.0,2,4688,买盘
14:30:27,23.44,0.0,27,63288,买盘
14:30:30,23.44,0.0,7,16408,买盘
14:30:33,23.44,0.0,25,58600,买盘
14:30:36,23.44,0.0,34,79696,买盘
14:30:39,23.44,0.0,15,35160,买盘
14:30:42,23.44,0.0,5,11720,买盘
14:30:45,23.44,0.0,21,49224,买盘
14:30:48,23.44,0.0,10,23440,买盘
14:30:51,23.44,0.0,11,25784,买盘
14:30:54,23.44,0.0,6,14064,买盘
14:30:57,23.44,0.0,1,2344,买盘
14:31:00,23.44,0.0,2,4688,买盘
14:31:06,23.44,0.0,55,128920,买盘
14:31:12,23.44,0.0,20,46880,买盘
14:31:15,23.44,0.0,8,18752,买盘
14:31:24,23.44,0.0,4,9376,买盘
14:31:30,23.44,0.0,14,32816,买盘
14:31:33,23.44,0.0,2,4688,买盘
14:31:36,23.44,0.0,1,2344,买盘
14:31:39,23.44,0.0,12,28128,买盘
14:31:42,23.44,0.0,6,14064,买盘
14:31:48,23.44,0.0,5,11720,买盘
14:31:54,23.44,0.0,24,56256,买盘
14:31:57,23.44,0.0,16,37504,买盘
14:32:06,23.44,0.0,3,7032,买盘
14:32:09,23.44,0.0,5,11720,买盘
14:32:12,23.44,0.0,4,9376,买盘
14:32:18,23.44,0.0,1,2344,买盘
14:32:21,23.44,0.0,1,2344,买盘
14:32:27,23.44,0.0,14,32816,买盘
14:32:33,23.44,0.0,134,314096,买盘
14:32:39,23.44,0.0,53,124232,买盘
14:32:42,23.44,0.0,3,7032,买盘
14:32:48,23.44,0.0,1,2344,买盘
14:33:00,23.44,0.0,3,7032,买盘
14:33:03,23.44,0.0,7,16408,买盘
14:33:15,23.44,0.0,6,14064,买盘
14:33:21,23.44,0.0,2,4688,买盘
14:33:24,23.44,0.0,14,32816,买盘
14:33:30,23.44,0.0,6,14064,买盘
14:33:33,23.44,0.0,9,21096,买盘
14:33:51,23.44,0.0,1,2344,买盘
14:33:54,23.44,0.0,34,79696,买盘
14:33:57,23.44,0.0,3,7032,买盘
14:34:03,23.44,0.0,111,260184,买盘
14:34:06,23.44,0.0,3,7032,买盘
14:34:21,23.44,0.0,2,4688,买盘
14:34:24,23.44,0.0,15,35160,买盘
14:34:30,23.44,0.0,1,2344,买盘
14:34:33,23.44,0.0,10,23440,买盘
14:34:42,23.44,0.0,2,4688,买盘
14:34:45,23.44,0.0,36,84384,买盘
14:34:48,23.44,0.0,2,4688,买盘
14:34:51,23.44,0.0,1,2344,买盘
14:34:54,23.44,0.0,5,11720,买盘
14:35:00,23.44,0.0,3,7032,买盘
14:35:03,23.44,0.0,2,4688,买盘
14:35:12,23.44,0.0,5,11720,买盘
14:35:27,23.44,0.0,10,23440,买盘
14:35:30,23.44,0.0,58,135952,买盘
14:35:33,23.44,0.0,5,11720,买盘
14:36:06,23.44,0.0,27,63288,买盘
14:36:09,23.44,0.0,4,9376,买盘
14:36:15,23.44,0.0,10,23440,买盘
14:36:18,23.44,0.0,7,16408,买盘
14:36:21,23.44,0.0,13,30472,买盘
14:36:27,23.44,0.0,2,4688,买盘
14:36:30,23.44,0.0,24,56256,买盘
14:36:45,23.44,0.0,1,2344,买盘
14:36:48,23.44,0.0,2,4688,买盘
14:36:51,23.44,0.0,10,23440,买盘
14:36:57,23.44,0.0,25,58600,买盘
14:37:09,23.44,0.0,6,14064,买盘
14:37:21,23.44,0.0,16,37504,买盘
14:37:24,23.44,0.0,6,14064,买盘
14:37:36,23.44,0.0,7,16408,买盘
14:37:42,23.44,0.0,177,414888,买盘
14:37:48,23.44,0.0,5,11720,买盘
14:37:54,23.44,0.0,4,9376,买盘
14:37:57,23.44,0.0,9,21096,买盘
14:38:06,23.44,0.0,1,2344,买盘
14:38:15,23.44,0.0,34,79696,买盘
14:38:18,23.44,0.0,5,11720,买盘
14:38:30,23.44,0.0,1,2344,买盘
14:38:36,23.44,0.0,5,11720,买盘
14:38:39,23.44,0.0,14,32816,买盘
14:38:48,23.44,0.0,43,100792,买盘
14:38:54,23.44,0.0,93,217992,买盘
14:38:57,23.44,0.0,2,4688,买盘
14:39:00,23.44,0.0,39,91416,买盘
14:39:06,23.44,0.0,4,9376,买盘
14:39:12,23.44,0.0,4,9376,买盘
14:39:15,23.44,0.0,3,7032,买盘
14:39:18,23.44,0.0,8,18752,买盘
14:39:21,23.44,0.0,1,2344,买盘
14:39:27,23.44,0.0,1,2344,买盘
14:39:36,23.44,0.0,3,7032,买盘
14:39:39,23.44,0.0,5,11720,买盘
14:39:51,23.44,0.0,10,23440,买盘
14:39:57,23.44,0.0,5,11720,买盘
14:40:00,23.44,0.0,1,2344,买盘
14:40:03,23.44,0.0,146,342224,买盘
14:40:06,23.44,0.0,1,2344,买盘
14:40:09,23.44,0.0,2,4688,买盘
14:40:18,23.44,0.0,2,4688,买盘
14:40:21,23.44,0.0,1,2344,买盘
14:40:24,23.44,0.0,2,4688,买盘
14:40:27,23.44,0.0,1,2344,买盘
14:40:33,23.44,0.0,4,9376,买盘
14:40:36,23.44,0.0,4,9376,买盘
14:40:42,23.44,0.0,1,2344,买盘
14:40:45,23.44,0.0,10,23440,买盘
14:41:00,23.44,0.0,1,2344,买盘
14:41:09,23.44,0.0,1,2344,买盘
14:41:12,23.44,0.0,9,21096,买盘
14:41:18,23.44,0.0,5,11720,买盘
14:41:21,23.44,0.0,51,119544,买盘
14:41:24,23.44,0.0,19,44536,买盘
14:41:30,23.44,0.0,45,105480,买盘
14:41:33,23.44,0.0,1,2344,买盘
14:41:39,23.44,0.0,2,4688,买盘
14:41:45,23.44,0.0,7,16408,买盘
14:41:48,23.44,0.0,1,2344,买盘
14:41:51,23.44,0.0,11,25784,买盘
14:41:57,23.44,0.0,7,16408,买盘
14:42:00,23.44,0.0,6,14064,买盘
14:42:06,23.44,0.0,9,21096,买盘
14:42:09,23.44,0.0,1,2344,买盘
14:42:15,23.44,0.0,11,25784,买盘
14:42:21,23.44,0.0,104,243776,买盘
14:42:24,23.44,0.0,2,4688,买盘
14:42:39,23.44,0.0,38,89072,买盘
14:42:42,23.44,0.0,31,72664,买盘
14:42:45,23.44,0.0,5,11720,买盘
14:42:54,23.44,0.0,3,7032,买盘
14:43:03,23.44,0.0,4,9376,买盘
14:43:15,23.44,0.0,3,7032,买盘
14:43:21,23.44,0.0,1,2344,买盘
14:43:33,23.44,0.0,4,9376,买盘
14:43:36,23.44,0.0,3,7032,买盘
14:43:39,23.44,0.0,2,4688,买盘
14:43:45,23.44,0.0,7,16408,买盘
14:43:51,23.44,0.0,4,9376,买盘
14:44:03,23.44,0.0,1,2344,买盘
14:44:06,23.44,0.0,5,11720,买盘
14:44:09,23.44,0.0,8,18752,买盘
14:44:12,23.44,0.0,1,2344,买盘
14:44:15,23.44,0.0,1,2344,买盘
14:44:18,23.44,0.0,2,4688,买盘
14:44:21,23.44,0.0,101,236744,买盘
14:44:27,23.44,0.0,7,16408,买盘
14:44:33,23.44,0.0,8,18752,买盘
14:44:36,23.44,0.0,7,16408,买盘
14:44:45,23.44,0.0,144,337536,买盘
14:44:48,23.44,0.0,1,2344,买盘
14:44:51,23.44,0.0,3,7032,买盘
14:44:54,23.44,0.0,6,14064,买盘
14:45:00,23.44,0.0,106,248464,买盘
14:45:03,23.44,0.0,4,9376,买盘
14:45:06,23.44,0.0,2,4688,买盘
14:45:09,23.44,0.0,94,220336,买盘
14:45:12,23.44,0.0,69,161736,买盘
14:45:15,23.44,0.0,3,7032,买盘
14:45:18,23.44,0.0,15,35160,买盘
14:45:21,23.44,0.0,9,21096,买盘
14:45:30,23.44,0.0,3,7032,买盘
14:45:33,23.44,0.0,8,18752,买盘
14:45:36,23.44,0.0,17,39848,买盘
14:45:39,23.44,0.0,1,2344,买盘
14:45:42,23.44,0.0,2,4688,买盘
14:45:45,23.44,0.0,4,9376,买盘
14:45:48,23.44,0.0,5,11720,买盘
14:45:54,23.44,0.0,16,37504,买盘
14:46:00,23.44,0.0,10,23440,买盘
14:46:03,23.44,0.0,1,2344,买盘
14:46:09,23.44,0.0,18,42192,买盘
14:46:21,23.44,0.0,4,9376,买盘
14:46:36,23.44,0.0,14,32816,买盘
14:46:39,23.44,0.0,1,2344,买盘
14:46:42,23.44,0.0,13,30472,买盘
14:46:45,23.44,0.0,3,7032,买盘
14:46:51,23.44,0.0,15,35160,买盘
14:46:54,23.44,0.0,20,46880,买盘
14:46:57,23.44,0.0,10,23440,买盘
14:47:00,23.44,0.0,2,4688,买盘
14:47:09,23.44,0.0,18,42192,买盘
14:47:15,23.44,0.0,22,51568,买盘
14:47:18,23.44,0.0,5,11720,买盘
14:47:21,23.44,0.0,40,93760,买盘
14:47:27,23.44,0.0,3,7032,买盘
14:47:30,23.44,0.0,182,426608,买盘
14:47:36,23.44,0.0,9,21096,买盘
14:47:39,23.44,0.0,1,2344,买盘
14:47:42,23.44,0.0,3,7032,买盘
14:47:45,23.44,0.0,6,14064,买盘
14:47:48,23.44,0.0,5,11720,买盘
14:47:51,23.44,0.0,10,23440,买盘
14:47:57,23.44,0.0,7,16408,买盘
14:48:03,23.44,0.0,10,23440,买盘
14:48:09,23.44,0.0,10,23440,买盘
14:48:12,23.44,0.0,4,9376,买盘
14:48:15,23.44,0.0,1,2344,买盘
14:48:21,23.44,0.0,6,14064,买盘
14:48:24,23.44,0.0,3,7032,买盘
14:48:27,23.44,0.0,13,30472,买盘
14:48:36,23.44,0.0,8,18752,买盘
14:48:39,23.44,0.0,9,21096,买盘
14:48:42,23.44,0.0,2,4688,买盘
14:48:48,23.44,0.0,6,14064,买盘
14:48:51,23.44,0.0,36,84384,买盘
14:48:54,23.44,0.0,22,51568,买盘
14:48:57,23.44,0.0,1,2344,买盘
14:49:00,23.44,0.0,5,11720,买盘
14:49:03,23.44,0.0,21,49224,买盘
14:49:06,23.44,0.0,4,9376,买盘
14:49:09,23.44,0.0,25,58600,买盘
14:49:21,23.44,0.0,9,21096,买盘
14:49:27,23.44,0.0,12,28128,买盘
14:49:33,23.44,0.0,10,23440,买盘
14:49:51,23.44,0.0,20,46880,买盘
14:49:54,23.44,0.0,5,11720,买盘
14:50:00,23.44,0.0,2,4688,买盘
14:50:03,23.44,0.0,10,23440,买盘
14:50:06,23.44,0.0,6,14064,买盘
14:50:09,23.44,0.0,1,2344,买盘
14:50:12,23.44,0.0,10,23440,买盘
14:50:18,23.44,0.0,20,46880,买盘
14:50:24,23.44,0.0,50,117200,买盘
14:50:27,23.44,0.0,2,4688,买盘
14:50:33,23.44,0.0,11,25784,买盘
14:50:39,23.44,0.0,2,4688,买盘
14:50:45,23.44,0.0,2,4688,买盘
14:50:48,23.44,0.0,20,46880,买盘
14:50:51,23.44,0.0,49,114856,买盘
14:50:54,23.44,0.0,24,56256,买盘
14:50:57,23.44,0.0,11,25784,买盘
14:51:00,23.44,0.0,3,7032,买盘
14:51:03,23.44,0.0,13,30472,买盘
14:51:06,23.44,0.0,4,9376,买盘
14:51:12,23.44,0.0,22,51568,买盘
14:51:15,23.44,0.0,3,7032,买盘
14:51:18,23.44,0.0,1,2344,买盘
14:51:21,23.44,0.0,48,112512,买盘
14:51:24,23.44,0.0,7,16408,买盘
14:51:27,23.44,0.0,10,23440,买盘
14:51:30,23.44,0.0,49,114856,买盘
14:51:33,23.44,0.0,15,35160,买盘
14:51:36,23.44,0.0,188,440672,买盘
14:51:39,23.44,0.0,3,7032,买盘
14:51:42,23.44,0.0,1,2344,买盘
14:51:45,23.44,0.0,47,110168,买盘
14:51:48,23.44,0.0,9,21096,买盘
14:51:51,23.44,0.0,6,14064,买盘
14:51:57,23.44,0.0,41,96104,买盘
14:52:00,23.44,0.0,32,75008,买盘
14:52:03,23.44,0.0,58,135952,买盘
14:52:06,23.44,0.0,29,67976,买盘
14:52:09,23.44,0.0,2,4688,买盘
14:52:12,23.44,0.0,11,25784,买盘
14:52:18,23.44,0.0,36,84384,买盘
14:52:21,23.44,0.0,3,7032,买盘
14:52:24,23.44,0.0,23,53912,买盘
14:52:27,23.44,0.0,11,25784,买盘
14:52:33,23.44,0.0,14,32816,买盘
14:52:42,23.44,0.0,12,28128,买盘
14:52:45,23.44,0.0,1,2344,买盘
14:52:48,23.44,0.0,15,35160,买盘
14:52:54,23.44,0.0,1,2344,买盘
14:52:57,23.44,0.0,5,11720,买盘
14:53:00,23.44,0.0,53,124232,买盘
14:53:03,23.44,0.0,2,4688,买盘
14:53:06,23.44,0.0,1,2344,买盘
14:53:09,23.44,0.0,5,11720,买盘
14:53:12,23.44,0.0,6,14064,买盘
14:53:18,23.44,0.0,12,28128,买盘
14:53:21,23.44,0.0,48,112512,买盘
14:53:24,23.44,0.0,3,7032,买盘
14:53:27,23.44,0.0,9,21096,买盘
14:53:33,23.44,0.0,1,2344,买盘
14:53:36,23.44,0.0,6,14064,买盘
14:53:39,23.44,0.0,22,51568,买盘
14:53:42,23.44,0.0,1,2344,买盘
14:53:45,23.44,0.0,2,4688,买盘
14:53:51,23.44,0.0,17,39848,买盘
14:53:54,23.44,0.0,36,84384,买盘
14:53:57,23.44,0.0,20,46880,买盘
14:54:00,23.44,0.0,8,18752,买盘
14:54:03,23.44,0.0,5,11720,买盘
14:54:06,23.44,0.0,51,119544,买盘
14:54:09,23.44,0.0,57,133608,买盘
14:54:12,23.44,0.0,5,11720,买盘
14:54:15,23.44,0.0,25,58600,买盘
14:54:18,23.44,0.0,30,70320,买盘
14:54:21,23.44,0.0,25,58600,买盘
14:54:27,23.44,0.0,52,121888,买盘
14:54:30,23.44,0.0,9,21096,买盘
14:54:33,23.44,0.0,15,35160,买盘
14:54:39,23.44,0.0,198,464112,买盘
14:54:42,23.44,0.0,10,23440,买盘
14:54:45,23.44,0.0,21,49224,买盘
14:54:48,23.44,0.0,13,30472,买盘
14:54:51,23.44,0.0,177,414888,买盘
14:54:54,23.44,0.0,30,70320,买盘
14:54:57,23.44,0.0,29,67976,买盘
14:55:00,23.44,0.0,65,152360,买盘
14:55:03,23.44,0.0,28,65632,买盘
14:55:06,23.44,0.0,29,67976,买盘
14:55:09,23.44,0.0,89,208616,买盘
14:55:12,23.44,0.0,97,227368,买盘
14:55:15,23.44,0.0,168,393792,买盘
14:55:18,23.44,0.0,144,337536,买盘
14:55:21,23.44,0.0,175,410200,买盘
14:55:24,23.44,0.0,11,25784,买盘
14:55:27,23.44,0.0,131,307064,买盘
14:55:30,23.44,0.0,213,498803,买盘
14:55:33,23.45,0.01,17,39863,买盘
14:55:36,23.44,-0.01,30,70320,卖盘
14:55:39,23.45,0.01,22,51590,买盘
14:55:42,23.45,0.0,4,9380,买盘
14:55:48,23.45,0.0,22,51590,买盘
14:55:51,23.44,-0.01,12,28128,卖盘
14:55:54,23.45,0.01,510,1195950,买盘
14:56:00,23.46,0.01,94,220400,买盘
14:56:06,23.46,0.0,71,166532,买盘
14:56:09,23.44,-0.02,220,515811,卖盘
14:56:15,23.44,0.0,76,178156,卖盘
14:56:18,23.44,0.0,125,293004,卖盘
14:56:21,23.44,0.0,40,93765,卖盘
14:56:24,23.44,0.0,12,28137,卖盘
14:56:27,23.45,0.01,11,25787,买盘
14:56:30,23.44,-0.01,24,56258,卖盘
14:56:33,23.45,0.01,13,30473,中性盘
14:56:36,23.44,-0.01,114,267277,卖盘
14:56:42,23.44,0.0,29,67976,卖盘
14:56:45,23.44,0.0,7,16408,卖盘
14:56:48,23.44,0.0,6,14064,卖盘
14:56:51,23.44,0.0,158,370822,卖盘
14:56:54,23.44,0.0,40,93760,买盘
14:56:57,23.44,0.0,34,79696,买盘
14:57:00,23.44,0.0,9,21096,买盘
15:00:03,23.44,0.0,552,1293888,买盘
