成交时间,成交价格,价格变动,成交量,成交金额,性质
09:25:02,10.95,0.0,922,1009590,卖盘
09:30:03,10.87,-0.08,78,84972,卖盘
09:30:05,10.88,0.01,56,60917,买盘
09:30:08,10.88,0.0,241,261930,买盘
09:30:12,10.85,-0.03,115,124831,卖盘
09:30:14,10.85,0.0,56,60771,买盘
09:30:17,10.86,0.01,158,171438,买盘
09:30:20,10.82,-0.04,99,107157,卖盘
09:30:23,10.8,-0.02,87,93994,卖盘
09:30:26,10.81,0.01,300,323342,买盘
09:30:29,10.77,-0.04,159,171357,卖盘
09:30:32,10.75,-0.02,54,58052,卖盘
09:30:35,10.75,0.0,16,17181,买盘
09:30:38,10.72,-0.03,15,16080,中性盘
09:30:41,10.71,-0.01,66,70745,卖盘
09:30:44,10.7,-0.01,248,266401,卖盘
09:30:47,10.71,0.01,32,34272,买盘
09:30:50,10.71,0.0,12,12859,卖盘
09:30:53,10.72,0.01,24,25704,买盘
09:30:56,10.71,-0.01,48,51413,卖盘
09:30:59,10.72,0.01,80,85701,买盘
09:31:02,10.72,0.0,6,6432,卖盘
09:31:05,10.72,0.0,4,4288,卖盘
09:31:08,10.75,0.03,58,62361,买盘
09:31:11,10.75,0.0,62,66543,卖盘
09:31:14,10.76,0.01,76,81768,买盘
09:31:17,10.76,0.0,49,52701,卖盘
09:31:23,10.75,-0.01,153,164600,卖盘
09:31:26,10.74,-0.01,6,6444,中性盘
09:31:29,10.75,0.01,144,154754,买盘
09:31:32,10.74,-0.01,9,9661,中性盘
09:31:35,10.72,-0.02,111,119057,卖盘
09:31:38,10.72,0.0,474,508434,卖盘
09:31:41,10.72,0.0,166,177901,卖盘
09:31:44,10.71,-0.01,497,532183,卖盘
09:31:47,10.7,-0.01,238,254582,卖盘
09:31:50,10.65,-0.05,53,56508,卖盘
09:31:53,10.66,0.01,58,61775,买盘
09:31:56,10.65,-0.01,162,172530,卖盘
09:31:59,10.65,0.0,96,102161,买盘
09:32:02,10.61,-0.04,155,164698,卖盘
09:32:05,10.63,0.02,55,58525,中性盘
09:32:08,10.63,0.0,23,24449,卖盘
09:32:11,10.64,0.01,111,118042,买盘
09:32:14,10.64,0.0,273,290860,中性盘
09:32:17,10.64,0.0,19,20232,卖盘
09:32:23,10.64,0.0,31,33001,卖盘
09:32:26,10.65,0.01,18,19170,中性盘
09:32:29,10.65,0.0,46,48981,买盘
09:32:32,10.65,0.0,55,58620,中性盘
09:32:35,10.65,0.0,3,3195,卖盘
09:32:38,10.65,0.0,2,2130,卖盘
09:32:41,10.65,0.0,40,42610,卖盘
09:32:44,10.67,0.02,10,10665,买盘
09:32:47,10.67,0.0,29,30932,买盘
09:32:50,10.67,0.0,28,29854,买盘
09:32:56,10.66,-0.01,36,38377,卖盘
09:32:59,10.67,0.01,106,113005,买盘
09:33:02,10.67,0.0,74,78919,买盘
09:33:05,10.66,-0.01,6,6401,卖盘
09:33:08,10.67,0.01,11,11737,买盘
09:33:11,10.66,-0.01,110,117260,卖盘
09:33:14,10.66,0.0,120,127884,中性盘
09:33:20,10.66,0.0,6,6396,卖盘
09:33:23,10.67,0.01,32,34123,买盘
09:33:26,10.67,0.0,24,25592,买盘
09:33:29,10.66,-0.01,35,37322,买盘
09:33:32,10.65,-0.01,21,22365,卖盘
09:33:35,10.67,0.02,4,4266,买盘
09:33:38,10.67,0.0,6,6402,买盘
09:33:41,10.66,-0.01,10,10671,卖盘
09:33:44,10.67,0.01,8,8536,中性盘
09:33:47,10.67,0.0,5,5335,买盘
09:33:50,10.68,0.01,62,66130,中性盘
09:33:53,10.69,0.01,20,21374,买盘
09:33:56,10.69,0.0,4,4276,买盘
09:33:59,10.67,-0.02,91,97176,卖盘
09:34:02,10.69,0.02,95,101437,买盘
09:34:05,10.68,-0.01,70,74627,中性盘
09:34:08,10.65,-0.03,23,24502,卖盘
09:34:11,10.66,0.01,21,22409,中性盘
09:34:14,10.69,0.03,7,7483,中性盘
09:34:17,10.67,-0.02,10,10672,卖盘
09:34:20,10.69,0.02,12,12807,买盘
09:34:23,10.69,0.0,16,17098,买盘
09:34:26,10.68,-0.01,14,14952,卖盘
09:34:29,10.67,-0.01,1,1067,卖盘
09:34:32,10.67,0.0,14,14938,卖盘
09:34:35,10.66,-0.01,6,6396,卖盘
09:34:38,10.67,0.01,21,22401,买盘
09:34:41,10.67,0.0,24,25600,中性盘
09:34:44,10.67,0.0,50,53350,卖盘
09:34:47,10.67,0.0,8,8536,买盘
09:34:53,10.67,0.0,18,19206,买盘
09:34:56,10.67,0.0,88,93896,卖盘
09:34:59,10.68,0.01,36,38415,买盘
09:35:02,10.67,-0.01,9,9604,卖盘
09:35:05,10.67,0.0,43,45881,卖盘
09:35:08,10.66,-0.01,9,9594,卖盘
09:35:11,10.67,0.01,54,57616,买盘
09:35:23,10.67,0.0,1,1067,卖盘
09:35:26,10.68,0.01,40,42706,买盘
09:35:29,10.68,0.0,26,27749,买盘
09:35:32,10.7,0.02,157,167757,买盘
09:35:35,10.7,0.0,5,5347,买盘
09:35:38,10.7,0.0,85,90950,买盘
09:35:44,10.72,0.02,2,2144,买盘
09:35:47,10.72,0.0,5,5361,卖盘
09:35:50,10.72,0.0,206,220833,卖盘
09:35:53,10.73,0.01,3,3219,中性盘
09:35:56,10.7,-0.03,53,56871,卖盘
09:35:59,10.74,0.04,30,32210,买盘
09:36:02,10.7,-0.04,54,57780,卖盘
09:36:05,10.72,0.02,43,46108,中性盘
09:36:08,10.7,-0.02,311,332706,卖盘
09:36:11,10.7,0.0,6,6421,中性盘
09:36:14,10.71,0.01,92,98502,买盘
09:36:17,10.68,-0.03,9,9612,卖盘
09:36:20,10.7,0.02,47,50286,中性盘
09:36:23,10.7,0.0,45,48071,中性盘
09:36:26,10.69,-0.01,178,190282,中性盘
09:36:32,10.69,0.0,24,25654,买盘
09:36:36,10.69,0.0,78,83382,卖盘
09:36:38,10.68,-0.01,47,50196,卖盘
09:36:41,10.68,0.0,4,4272,卖盘
09:36:44,10.68,0.0,15,16016,买盘
09:36:47,10.67,-0.01,120,128113,卖盘
09:36:50,10.67,0.0,4,4268,卖盘
09:36:53,10.68,0.01,6,6408,买盘
09:36:56,10.67,-0.01,28,29876,卖盘
09:36:59,10.67,0.0,97,103472,卖盘
09:37:02,10.68,0.01,16,17088,买盘
09:37:05,10.67,-0.01,2,2134,卖盘
09:37:08,10.67,0.0,2,2134,卖盘
09:37:11,10.67,0.0,41,43753,买盘
09:37:26,10.68,0.01,21,22421,买盘
09:37:29,10.68,0.0,1,1068,卖盘
09:37:38,10.68,0.0,21,22428,卖盘
09:37:41,10.69,0.01,18,19227,买盘
09:37:44,10.69,0.0,67,71650,卖盘
09:37:47,10.69,0.0,1,1069,卖盘
09:37:50,10.7,0.01,12,12839,买盘
09:37:56,10.7,0.0,18,19260,买盘
09:37:59,10.68,-0.02,17,18161,卖盘
09:38:05,10.7,0.02,37,39556,买盘
09:38:14,10.71,0.01,45,48160,买盘
09:38:20,10.71,0.0,1,1071,买盘
09:38:23,10.71,0.0,10,10710,买盘
09:38:29,10.7,-0.01,2,2141,卖盘
09:38:32,10.71,0.01,9,9639,买盘
09:38:38,10.72,0.01,13,13933,买盘
09:38:41,10.71,-0.01,319,341566,卖盘
09:38:47,10.69,-0.02,66,70564,卖盘
09:38:50,10.68,-0.01,288,307620,卖盘
09:38:53,10.67,-0.01,63,67222,卖盘
09:38:56,10.67,0.0,66,70472,卖盘
09:38:59,10.66,-0.01,157,167485,卖盘
09:39:02,10.66,0.0,85,90601,卖盘
09:39:05,10.66,0.0,11,11726,卖盘
09:39:08,10.65,-0.01,432,460080,卖盘
09:39:11,10.61,-0.04,640,680617,卖盘
09:39:14,10.6,-0.01,259,274586,卖盘
09:39:17,10.6,0.0,22,23320,卖盘
09:39:20,10.6,0.0,31,32860,卖盘
09:39:23,10.61,0.01,33,34990,买盘
09:39:26,10.6,-0.01,1,1060,卖盘
09:39:29,10.6,0.0,10,10600,卖盘
09:39:32,10.61,0.01,28,29691,买盘
09:39:35,10.58,-0.03,103,109139,卖盘
09:39:38,10.6,0.02,106,112391,买盘
09:39:41,10.58,-0.02,17,17995,卖盘
09:39:44,10.58,0.0,1,1058,卖盘
09:39:47,10.59,0.01,57,60363,中性盘
09:39:50,10.63,0.04,230,243972,买盘
09:39:53,10.6,-0.03,27,28629,卖盘
09:39:56,10.6,0.0,1,1060,卖盘
09:39:59,10.6,0.0,19,20140,卖盘
09:40:02,10.6,0.0,51,54060,卖盘
09:40:05,10.6,0.0,10,10600,卖盘
09:40:08,10.63,0.03,14,14852,买盘
09:40:14,10.63,0.0,1,1063,买盘
09:40:17,10.63,0.0,681,720896,买盘
09:40:20,10.61,-0.02,111,117980,卖盘
09:40:26,10.61,0.0,17,18037,买盘
09:40:29,10.61,0.0,2,2122,卖盘
09:40:32,10.61,0.0,1,1061,卖盘
09:40:35,10.62,0.01,28,29711,买盘
09:40:38,10.62,0.0,11,11673,买盘
09:40:41,10.62,0.0,13,13806,买盘
09:40:44,10.62,0.0,32,33979,买盘
09:40:47,10.6,-0.02,501,531309,卖盘
09:40:50,10.61,0.01,1,1061,买盘
09:40:53,10.6,-0.01,4,4240,卖盘
09:40:56,10.6,0.0,4,4240,卖盘
09:40:59,10.6,0.0,7,7420,买盘
09:41:02,10.57,-0.03,154,162969,卖盘
09:41:08,10.59,0.02,3,3177,买盘
09:41:11,10.55,-0.04,644,679907,卖盘
09:41:14,10.54,-0.01,5,5270,卖盘
09:41:17,10.56,0.02,41,43268,买盘
09:41:20,10.53,-0.03,19,20007,卖盘
09:41:23,10.53,0.0,109,114777,卖盘
09:41:26,10.55,0.02,19,20022,买盘
09:41:29,10.53,-0.02,15,15795,卖盘
09:41:32,10.55,0.02,25,26366,买盘
09:41:35,10.54,-0.01,5,5270,卖盘
09:41:41,10.54,0.0,10,10540,卖盘
09:41:44,10.55,0.01,829,873028,买盘
09:41:47,10.54,-0.01,10,10541,卖盘
09:41:50,10.53,-0.01,187,196911,卖盘
09:41:53,10.53,0.0,94,98982,卖盘
09:41:56,10.53,0.0,5,5265,买盘
09:41:59,10.52,-0.01,24,25248,卖盘
09:42:02,10.52,0.0,29,30509,卖盘
09:42:08,10.52,0.0,35,36820,买盘
09:42:11,10.53,0.01,88,92554,买盘
09:42:14,10.53,0.0,73,76869,买盘
09:42:20,10.52,-0.01,26,27352,卖盘
09:42:23,10.52,0.0,53,55772,卖盘
09:42:29,10.53,0.01,9,9477,卖盘
09:42:32,10.55,0.02,12,12660,买盘
09:42:35,10.56,0.01,1,1056,买盘
09:42:38,10.55,-0.01,23,24268,卖盘
09:42:41,10.55,0.0,2,2110,卖盘
09:42:44,10.56,0.01,4,4224,中性盘
09:42:50,10.55,-0.01,62,65411,卖盘
09:42:53,10.55,0.0,10,10550,买盘
09:42:56,10.54,-0.01,11,11593,中性盘
09:42:59,10.55,0.01,3,3163,买盘
09:43:02,10.53,-0.02,18,18964,卖盘
09:43:05,10.53,0.0,29,30565,卖盘
09:43:08,10.53,0.0,101,106365,卖盘
09:43:11,10.53,0.0,27,28431,卖盘
09:43:14,10.53,0.0,2,2106,买盘
09:43:17,10.53,0.0,30,31590,买盘
09:43:20,10.54,0.01,5,5270,买盘
09:43:23,10.53,-0.01,35,36855,卖盘
09:43:26,10.53,0.0,41,43183,卖盘
09:43:32,10.52,-0.01,69,72600,卖盘
09:43:35,10.53,0.01,56,58964,买盘
09:43:38,10.53,0.0,16,16848,卖盘
09:43:41,10.52,-0.01,262,275671,卖盘
09:43:44,10.51,-0.01,11,11565,卖盘
09:43:47,10.5,-0.01,198,208000,卖盘
09:43:50,10.49,-0.01,269,282374,卖盘
09:43:53,10.48,-0.01,51,53448,卖盘
09:43:59,10.46,-0.02,11,11516,卖盘
09:44:02,10.45,-0.01,29,30324,卖盘
09:44:05,10.45,0.0,193,201697,卖盘
09:44:08,10.46,0.01,64,66900,买盘
09:44:11,10.45,-0.01,66,69055,卖盘
09:44:14,10.49,0.04,109,114256,买盘
09:44:17,10.46,-0.03,161,168443,卖盘
09:44:20,10.51,0.05,33,34683,买盘
09:44:23,10.51,0.0,6,6306,卖盘
09:44:26,10.53,0.02,721,753860,买盘
09:44:30,10.52,-0.01,8,8416,买盘
09:44:32,10.49,-0.03,21,22035,买盘
09:44:35,10.49,0.0,8,8392,卖盘
09:44:38,10.51,0.02,18,18917,买盘
09:44:41,10.51,0.0,128,134528,卖盘
09:44:44,10.51,0.0,34,35730,买盘
09:44:47,10.52,0.01,34,35768,买盘
09:44:50,10.52,0.0,1,1052,卖盘
09:44:56,10.52,0.0,8,8426,卖盘
09:44:59,10.54,0.02,2,2108,中性盘
09:45:02,10.52,-0.02,39,41030,卖盘
09:45:05,10.52,0.0,208,218692,卖盘
09:45:08,10.52,0.0,43,45222,买盘
09:45:11,10.52,0.0,13,13676,卖盘
09:45:14,10.51,-0.01,54,56754,中性盘
09:45:17,10.49,-0.02,100,104996,卖盘
09:45:20,10.48,-0.01,15,15726,卖盘
09:45:23,10.47,-0.01,124,129724,卖盘
09:45:26,10.44,-0.03,303,316628,卖盘
09:45:29,10.45,0.01,3,3135,买盘
09:45:32,10.46,0.01,88,91940,买盘
09:45:35,10.43,-0.03,200,208707,卖盘
09:45:38,10.46,0.03,209,218017,买盘
09:45:44,10.45,-0.01,1,1045,买盘
09:45:47,10.45,0.0,52,54293,中性盘
09:45:50,10.45,0.0,24,25080,卖盘
09:45:53,10.45,0.0,1,1045,卖盘
09:45:59,10.46,0.01,53,55407,买盘
09:46:02,10.45,-0.01,17,17777,卖盘
09:46:05,10.43,-0.02,68,70946,卖盘
09:46:08,10.43,0.0,18,18774,买盘
09:46:14,10.45,0.02,30,31349,买盘
09:46:17,10.45,0.0,50,52250,买盘
09:46:20,10.43,-0.02,6,6258,卖盘
09:46:23,10.45,0.02,34,35530,买盘
09:46:26,10.45,0.0,13,13585,卖盘
09:46:29,10.46,0.01,17,17766,买盘
09:46:32,10.46,0.0,2,2092,买盘
09:46:35,10.45,-0.01,216,225741,卖盘
09:46:38,10.44,-0.01,98,102318,卖盘
09:46:41,10.42,-0.02,314,327305,卖盘
09:46:44,10.44,0.02,202,210757,买盘
09:46:47,10.44,0.0,2,2088,买盘
09:46:53,10.44,0.0,32,33406,买盘
09:46:59,10.45,0.01,213,222279,买盘
09:47:02,10.45,0.0,53,55385,买盘
09:47:05,10.42,-0.03,79,82458,卖盘
09:47:08,10.43,0.01,11,11473,买盘
09:47:11,10.42,-0.01,14,14593,卖盘
09:47:14,10.43,0.01,20,20860,买盘
09:47:17,10.43,0.0,8,8344,买盘
09:47:20,10.42,-0.01,11,11471,卖盘
09:47:23,10.43,0.01,10,10430,中性盘
09:47:26,10.42,-0.01,14,14589,卖盘
09:47:32,10.42,0.0,38,39596,卖盘
09:47:35,10.42,0.0,42,43772,卖盘
09:47:38,10.42,0.0,15,15628,买盘
09:47:41,10.42,0.0,22,22924,买盘
09:47:44,10.41,-0.01,4,4165,卖盘
09:47:47,10.41,0.0,235,244645,卖盘
09:47:50,10.41,0.0,19,19779,买盘
09:47:53,10.41,0.0,120,124920,买盘
09:47:56,10.41,0.0,10,10410,买盘
09:47:59,10.4,-0.01,29,30160,卖盘
09:48:02,10.4,0.0,14,14564,卖盘
09:48:05,10.38,-0.02,690,717567,卖盘
09:48:08,10.37,-0.01,95,98616,卖盘
09:48:11,10.38,0.01,45,46679,中性盘
09:48:14,10.37,-0.01,45,46702,卖盘
09:48:17,10.37,0.0,23,23851,买盘
09:48:20,10.37,0.0,24,24901,卖盘
09:48:23,10.37,0.0,50,51898,卖盘
09:48:26,10.37,0.0,34,35268,卖盘
09:48:29,10.37,0.0,1,1037,买盘
09:48:32,10.37,0.0,7,7259,卖盘
09:48:35,10.37,0.0,51,52887,卖盘
09:48:38,10.37,0.0,50,51850,买盘
09:48:41,10.37,0.0,9,9333,卖盘
09:48:44,10.39,0.02,4,4156,买盘
09:48:53,10.39,0.0,87,90229,买盘
09:48:56,10.39,0.0,17,17663,买盘
09:48:59,10.38,-0.01,31,32183,卖盘
09:49:02,10.39,0.01,2,2078,买盘
09:49:05,10.38,-0.01,67,69577,卖盘
09:49:11,10.38,0.0,9,9342,买盘
09:49:14,10.38,0.0,18,18682,买盘
09:49:17,10.37,-0.01,28,29054,卖盘
09:49:20,10.38,0.01,11,11418,买盘
09:49:26,10.38,0.0,9,9342,卖盘
09:49:29,10.39,0.01,12,12463,买盘
09:49:32,10.38,-0.01,9,9345,卖盘
09:49:35,10.39,0.01,5,5195,买盘
09:49:38,10.39,0.0,10,10390,买盘
09:49:41,10.4,0.01,125,130000,买盘
09:49:44,10.4,0.0,5,5200,买盘
09:49:47,10.39,-0.01,99,102871,卖盘
09:49:53,10.4,0.01,10,10392,买盘
09:49:59,10.4,0.0,2,2080,买盘
09:50:02,10.4,0.0,36,37440,买盘
09:50:05,10.4,0.0,2,2080,买盘
09:50:08,10.4,0.0,8,8320,买盘
09:50:11,10.4,0.0,11,11440,买盘
09:50:14,10.35,-0.05,631,654710,卖盘
09:50:17,10.36,0.01,73,75589,买盘
09:50:20,10.35,-0.01,216,223479,卖盘
09:50:23,10.36,0.01,58,60062,买盘
09:50:26,10.35,-0.01,58,60030,卖盘
09:50:29,10.35,0.0,19,19661,买盘
09:50:32,10.35,0.0,12,12420,卖盘
09:50:35,10.35,0.0,14,14490,卖盘
09:50:38,10.36,0.01,62,64176,买盘
09:50:41,10.35,-0.01,45,46575,卖盘
09:50:44,10.35,0.0,6,6210,卖盘
09:50:47,10.33,-0.02,2,2068,卖盘
09:50:50,10.34,0.01,11,11370,中性盘
09:50:53,10.33,-0.01,6,6198,卖盘
09:50:56,10.31,-0.02,1002,1032989,卖盘
09:50:59,10.32,0.01,13,13415,买盘
09:51:02,10.31,-0.01,32,32992,卖盘
09:51:05,10.3,-0.01,222,228949,卖盘
09:51:08,10.31,0.01,74,76293,卖盘
09:51:11,10.34,0.03,340,351777,买盘
09:51:14,10.34,0.0,1,1034,卖盘
09:51:17,10.34,0.0,52,53768,卖盘
09:51:20,10.34,0.0,2,2068,卖盘
09:51:29,10.34,0.0,53,54802,卖盘
09:51:32,10.39,0.05,103,106970,买盘
09:51:35,10.36,-0.03,18,18672,中性盘
09:51:41,10.38,0.02,168,174324,买盘
09:51:44,10.38,0.0,4,4152,卖盘
09:51:47,10.36,-0.02,50,51839,卖盘
09:51:50,10.37,0.01,4,4148,买盘
09:51:53,10.36,-0.01,30,31108,卖盘
09:51:56,10.37,0.01,1,1037,买盘
09:51:59,10.38,0.01,100,103748,买盘
09:52:02,10.39,0.01,22,22856,买盘
09:52:05,10.38,-0.01,42,43598,中性盘
09:52:08,10.39,0.01,29,30131,买盘
09:52:11,10.39,0.0,14,14542,买盘
09:52:14,10.36,-0.03,56,58113,卖盘
09:52:17,10.38,0.02,32,33201,买盘
09:52:23,10.38,0.0,46,47737,买盘
09:52:26,10.36,-0.02,50,51862,卖盘
09:52:29,10.36,0.0,44,45584,卖盘
09:52:32,10.34,-0.02,287,297046,卖盘
09:52:35,10.36,0.02,224,231986,买盘
09:52:38,10.34,-0.02,106,109604,卖盘
09:52:44,10.35,0.01,137,141706,买盘
09:52:47,10.35,0.0,15,15528,卖盘
09:52:50,10.35,0.0,1207,1249073,卖盘
09:52:56,10.34,-0.01,4,4136,买盘
09:52:59,10.35,0.01,60,62094,买盘
09:53:02,10.35,0.0,67,69345,卖盘
09:53:05,10.34,-0.01,16,16544,卖盘
09:53:08,10.34,0.0,27,27897,买盘
09:53:11,10.32,-0.02,69,71208,卖盘
09:53:14,10.31,-0.01,194,200014,卖盘
09:53:17,10.3,-0.01,183,188512,卖盘
09:53:20,10.15,-0.15,715,732492,卖盘
09:53:23,10.18,0.03,17,17442,中性盘
09:53:26,10.26,0.08,22,22522,买盘
09:53:29,10.26,0.0,3,3078,买盘
09:53:32,10.17,-0.09,3,3060,卖盘
09:53:35,10.17,0.0,1006,1008938,卖盘
09:53:38,10.18,0.01,231,234799,买盘
09:53:41,10.2,0.02,115,117173,买盘
09:53:44,10.2,0.0,13,13260,卖盘
09:53:47,10.17,-0.03,26,26453,卖盘
09:53:50,10.19,0.02,214,218043,买盘
09:53:53,10.17,-0.02,52,52976,中性盘
09:53:56,10.17,0.0,21,21353,中性盘
09:53:59,10.19,0.02,35,35641,买盘
09:54:02,10.19,0.0,5,5095,买盘
09:54:05,10.19,0.0,79,80329,卖盘
09:54:08,10.19,0.0,136,138548,买盘
09:54:11,10.19,0.0,18,18339,买盘
09:54:14,10.2,0.01,97,98744,卖盘
09:54:17,10.23,0.03,119,121477,买盘
09:54:20,10.18,-0.05,6,6108,卖盘
09:54:26,10.18,0.0,1,1018,卖盘
09:54:29,10.2,0.02,31,31604,买盘
09:54:35,10.2,0.0,22,22424,买盘
09:54:38,10.2,0.0,5,5100,卖盘
09:54:41,10.2,0.0,24,24489,卖盘
09:54:44,10.21,0.01,38,38765,中性盘
09:54:47,10.21,0.0,4,4079,买盘
09:54:50,10.22,0.01,43,43912,买盘
09:54:53,10.22,0.0,34,34748,买盘
09:54:56,10.18,-0.04,136,138803,卖盘
09:55:02,10.18,0.0,36,36708,卖盘
09:55:05,10.17,-0.01,42,42735,卖盘
09:55:08,10.16,-0.01,3,3048,卖盘
09:55:11,10.18,0.02,96,97652,买盘
09:55:14,10.17,-0.01,14,14239,卖盘
09:55:17,10.15,-0.02,107,108756,卖盘
09:55:20,10.16,0.01,25,25419,卖盘
09:55:23,10.17,0.01,15,15255,中性盘
09:55:26,10.17,0.0,96,97632,卖盘
09:55:29,10.17,0.0,126,128154,卖盘
09:55:32,10.15,-0.02,73,74139,卖盘
09:55:35,10.15,0.0,83,84285,卖盘
09:55:38,10.14,-0.01,30,30449,卖盘
09:55:41,10.15,0.01,138,139895,买盘
09:55:47,10.12,-0.03,61,61754,卖盘
09:55:50,10.11,-0.01,98,99196,卖盘
09:55:53,10.1,-0.01,52,52569,卖盘
09:55:56,10.1,0.0,70,70700,卖盘
09:55:59,10.09,-0.01,277,279754,卖盘
09:56:02,10.11,0.02,95,95950,买盘
09:56:05,10.07,-0.04,377,380680,卖盘
09:56:08,10.12,0.05,332,335450,中性盘
09:56:11,10.18,0.06,451,458354,买盘
09:56:14,10.15,-0.03,18,18271,卖盘
09:56:17,10.15,0.0,23,23349,卖盘
09:56:20,10.13,-0.02,200,202724,卖盘
09:56:23,10.17,0.04,66,67281,中性盘
09:56:26,10.17,0.0,7,7119,卖盘
09:56:29,10.17,0.0,80,81361,卖盘
09:56:32,10.17,0.0,94,95338,买盘
09:56:35,10.17,0.0,213,216708,买盘
09:56:38,10.16,-0.01,52,52846,中性盘
09:56:41,10.16,0.0,29,29416,买盘
09:56:44,10.11,-0.05,169,171031,卖盘
09:56:47,10.11,0.0,15,15165,买盘
09:56:50,10.11,0.0,21,21231,买盘
09:56:53,10.11,0.0,22,22242,买盘
09:56:56,10.11,0.0,112,113118,中性盘
09:56:59,10.11,0.0,308,311159,卖盘
09:57:02,10.08,-0.03,72,72674,卖盘
09:57:05,10.08,0.0,31,31248,卖盘
09:57:08,10.04,-0.04,325,326966,卖盘
09:57:11,10.02,-0.02,250,250825,卖盘
09:57:14,9.99,-0.03,562,562446,卖盘
09:57:17,10.01,0.02,284,283957,买盘
09:57:20,9.96,-0.05,410,408446,卖盘
09:57:23,9.99,0.03,574,572480,买盘
09:57:26,10.0,0.01,93,92909,买盘
09:57:29,9.99,-0.01,181,180644,卖盘
09:57:32,10.06,0.07,97,97153,买盘
09:57:35,10.06,0.0,200,199622,买盘
09:57:39,9.99,-0.07,305,304035,卖盘
09:57:41,9.99,0.0,49,48918,买盘
09:57:44,9.99,0.0,347,346893,买盘
09:57:47,9.98,-0.01,43,42938,卖盘
09:57:50,9.98,0.0,62,61986,卖盘
09:57:53,9.97,-0.01,200,199562,卖盘
09:57:56,9.97,0.0,34,33944,卖盘
09:57:59,9.99,0.02,25,25018,中性盘
09:58:02,9.97,-0.02,164,163561,卖盘
09:58:05,9.95,-0.02,635,632466,卖盘
09:58:08,9.96,0.01,1496,1482583,卖盘
09:58:11,10.02,0.06,873,871834,买盘
09:58:14,10.03,0.01,210,210660,卖盘
09:58:17,10.05,0.02,11,11060,中性盘
09:58:20,10.05,0.0,12,12060,卖盘
09:58:23,10.03,-0.02,43,43168,卖盘
09:58:26,10.05,0.02,4,4020,中性盘
09:58:29,10.05,0.0,229,230040,买盘
09:58:32,10.03,-0.02,53,53234,卖盘
09:58:35,10.06,0.03,194,195139,买盘
09:58:38,10.07,0.01,189,190284,买盘
09:58:41,10.07,0.0,68,68489,卖盘
09:58:44,10.05,-0.02,121,121722,卖盘
09:58:47,10.03,-0.02,203,203927,卖盘
09:58:50,10.04,0.01,10,10034,买盘
09:58:53,10.05,0.01,18,18076,买盘
09:58:56,10.04,-0.01,104,104245,中性盘
09:58:59,10.04,0.0,111,111149,中性盘
09:59:02,10.04,0.0,115,115464,买盘
09:59:05,10.0,-0.04,326,326066,卖盘
09:59:08,9.94,-0.06,156,155552,卖盘
09:59:11,9.98,0.04,31,30954,买盘
09:59:17,9.94,-0.04,7,6977,卖盘
09:59:20,9.95,0.01,63,62796,卖盘
09:59:23,9.98,0.03,75,74796,买盘
09:59:26,9.97,-0.01,85,84768,卖盘
09:59:29,9.96,-0.01,74,73711,卖盘
09:59:32,9.9,-0.06,729,724240,卖盘
09:59:35,9.9,0.0,43,42643,卖盘
09:59:38,9.88,-0.02,68,67309,卖盘
09:59:41,9.9,0.02,91,90090,买盘
09:59:44,9.88,-0.02,294,289671,卖盘
09:59:47,9.88,0.0,203,200560,买盘
09:59:50,9.88,0.0,376,369660,买盘
09:59:53,9.84,-0.04,82,81029,卖盘
09:59:56,9.89,0.05,17,16803,中性盘
09:59:59,9.87,-0.02,592,581101,卖盘
10:00:03,9.83,-0.04,30,29517,中性盘
10:00:05,9.86,0.03,34,33562,中性盘
10:00:08,9.87,0.01,472,463472,中性盘
10:00:11,9.87,0.0,630,620447,卖盘
10:00:14,9.86,-0.01,100,98636,中性盘
10:00:17,9.85,-0.01,116,114269,卖盘
10:00:20,9.85,0.0,82,80770,买盘
10:00:23,9.86,0.01,160,157783,买盘
10:00:26,9.85,-0.01,327,322780,卖盘
10:00:29,9.85,0.0,34,33524,卖盘
10:00:32,9.87,0.02,93,91718,买盘
10:00:35,9.87,0.0,117,115470,买盘
10:00:38,9.87,0.0,134,132148,买盘
10:00:41,9.85,-0.02,320,315587,卖盘
10:00:44,9.87,0.02,2,1974,卖盘
10:00:47,9.85,-0.02,180,177657,卖盘
10:00:50,9.88,0.03,83,81955,中性盘
10:00:53,9.89,0.01,16,15832,买盘
10:00:56,9.85,-0.04,158,155795,卖盘
10:00:59,9.85,0.0,45,44305,买盘
10:01:02,9.85,0.0,180,177291,买盘
10:01:05,9.88,0.03,166,163837,买盘
10:01:08,9.87,-0.01,137,135345,卖盘
10:01:11,9.89,0.02,45,44522,买盘
10:01:14,9.93,0.04,1487,1467446,买盘
10:01:17,9.93,0.0,21,20865,卖盘
10:01:20,9.94,0.01,70,69635,买盘
10:01:23,9.94,0.0,2,1989,卖盘
10:01:26,9.96,0.02,61,60756,买盘
10:01:29,9.98,0.02,83,82710,买盘
10:01:32,9.98,0.0,68,67846,买盘
10:01:35,9.93,-0.05,1175,1167405,卖盘
10:01:38,9.95,0.02,300,298062,中性盘
10:01:41,9.95,0.0,366,364304,买盘
10:01:44,9.95,0.0,248,246966,买盘
10:01:47,9.9,-0.05,191,189102,卖盘
10:01:51,9.84,-0.06,349,343761,卖盘
10:01:53,9.88,0.04,33,32650,中性盘
10:02:03,9.88,0.0,190,187802,卖盘
10:02:05,9.88,0.0,116,114558,买盘
10:02:08,9.85,-0.03,140,137991,卖盘
10:02:11,9.87,0.02,18,17753,买盘
10:02:17,9.85,-0.02,37,36436,买盘
10:02:20,9.86,0.01,11,10843,买盘
10:02:23,9.88,0.02,6,5926,买盘
10:02:26,9.88,0.0,2,1976,买盘
10:02:32,9.85,-0.03,554,545633,卖盘
10:02:35,9.87,0.02,179,176621,买盘
10:02:38,9.85,-0.02,27,26639,中性盘
10:02:41,9.85,0.0,20,19702,卖盘
10:02:44,9.85,0.0,34,33491,卖盘
10:02:47,9.85,0.0,17,16745,买盘
10:02:50,9.85,0.0,77,75845,买盘
10:02:53,9.85,0.0,17,16748,卖盘
10:02:56,9.85,0.0,91,89648,卖盘
10:02:59,9.85,0.0,70,68906,买盘
10:03:02,9.85,0.0,14,13790,买盘
10:03:05,9.84,-0.01,56,55127,卖盘
10:03:08,9.83,-0.01,171,168256,卖盘
10:03:11,9.83,0.0,12,11801,卖盘
10:03:14,9.84,0.01,9,8852,买盘
10:03:17,9.85,0.01,196,192887,买盘
10:03:20,9.85,0.0,5,4925,卖盘
10:03:23,9.85,0.0,41,40390,卖盘
10:03:26,9.85,0.0,40,39400,卖盘
10:03:29,9.84,-0.01,55,54179,卖盘
10:03:32,9.84,0.0,2,1968,卖盘
10:03:35,9.87,0.03,208,205123,买盘
10:03:38,9.84,-0.03,23,22636,卖盘
10:03:41,9.87,0.03,26,25662,买盘
10:03:44,9.86,-0.01,47,46356,卖盘
10:03:48,9.87,0.01,516,507705,中性盘
10:03:53,9.86,-0.01,15,14790,卖盘
10:03:56,9.87,0.01,40,39469,买盘
10:03:59,9.87,0.0,11,10857,卖盘
10:04:05,9.87,0.0,158,156023,卖盘
10:04:09,9.87,0.0,55,54285,买盘
10:04:11,9.88,0.01,17,16786,买盘
10:04:14,9.88,0.0,16,15798,买盘
10:04:17,9.87,-0.01,27,26651,卖盘
10:04:20,9.88,0.01,22,21736,买盘
10:04:23,9.88,0.0,3,2964,买盘
10:04:27,9.88,0.0,11,10868,买盘
10:04:30,9.88,0.0,5,4940,买盘
10:04:32,9.88,0.0,25,24700,买盘
10:04:35,9.89,0.01,2,1978,买盘
10:04:38,9.89,0.0,35,34614,买盘
10:04:41,9.9,0.01,2,1979,买盘
10:04:44,9.9,0.0,11,10890,买盘
10:04:47,9.91,0.01,9,8911,买盘
10:04:50,9.9,-0.01,6,5941,卖盘
10:04:53,9.92,0.02,58,57483,买盘
10:04:56,9.92,0.0,6,5952,卖盘
10:04:59,9.93,0.01,42,41674,买盘
10:05:02,9.92,-0.01,20,19842,卖盘
10:05:05,9.93,0.01,155,153859,买盘
10:05:09,9.9,-0.03,333,329934,卖盘
10:05:11,9.9,0.0,132,130675,卖盘
10:05:14,9.9,0.0,216,213750,买盘
10:05:17,9.88,-0.02,55,54304,卖盘
10:05:20,9.89,0.01,136,134429,买盘
10:05:23,9.87,-0.02,61,60327,中性盘
10:05:26,9.88,0.01,10,9888,中性盘
10:05:29,9.89,0.01,58,57396,买盘
10:05:32,9.89,0.0,3,2967,买盘
10:05:35,9.89,0.0,17,16813,卖盘
10:05:38,9.88,-0.01,8,7905,卖盘
10:05:41,9.89,0.01,91,89999,买盘
10:05:45,9.89,0.0,5,4945,卖盘
10:05:47,9.89,0.0,67,66263,卖盘
10:05:50,9.89,0.0,76,75166,卖盘
10:05:53,9.9,0.01,75,74245,买盘
10:05:56,9.91,0.01,3,2973,买盘
10:05:59,9.9,-0.01,14,13872,卖盘
10:06:02,9.9,0.0,1,990,卖盘
10:06:05,9.9,0.0,10,9900,买盘
10:06:08,9.9,0.0,4,3960,卖盘
10:06:11,9.91,0.01,52,51485,买盘
10:06:15,9.91,0.0,2,1982,买盘
10:06:17,9.9,-0.01,84,83156,卖盘
10:06:20,9.91,0.01,30,29703,买盘
10:06:23,9.88,-0.03,172,170118,卖盘
10:06:26,9.86,-0.02,49,48339,卖盘
10:06:29,9.87,0.01,42,41418,买盘
10:06:32,9.86,-0.01,102,100485,买盘
10:06:35,9.86,0.0,98,96581,买盘
10:06:38,9.85,-0.01,24,23648,卖盘
10:06:44,9.85,0.0,13,12795,买盘
10:06:47,9.85,0.0,2,1970,买盘
10:06:50,9.84,-0.01,20,19680,卖盘
10:06:53,9.84,0.0,23,22632,买盘
10:06:56,9.83,-0.01,20,19662,卖盘
10:07:02,9.84,0.01,108,106252,买盘
10:07:05,9.85,0.01,32,31496,买盘
10:07:08,9.8,-0.05,793,778498,卖盘
10:07:11,9.85,0.05,31,30422,中性盘
10:07:14,9.84,-0.01,36,35424,买盘
10:07:17,9.84,0.0,10,9840,卖盘
10:07:20,9.84,0.0,295,291437,卖盘
10:07:26,9.8,-0.04,1005,985300,卖盘
10:07:32,9.87,0.07,5,4935,买盘
10:07:42,9.87,0.0,3,2961,买盘
10:07:44,9.96,0.09,244,242806,买盘
10:07:50,9.96,0.0,258,256968,买盘
10:07:53,9.88,-0.08,1479,1476633,卖盘
10:07:56,10.0,0.12,80,80000,买盘
10:07:59,10.04,0.04,116,116169,买盘
10:08:02,10.03,-0.01,30,30107,卖盘
10:08:05,10.02,-0.01,297,297658,卖盘
10:08:08,10.09,0.07,499,500849,买盘
10:08:14,10.09,0.0,52,52464,卖盘
10:08:17,10.08,-0.01,83,83673,卖盘
10:08:20,10.07,-0.01,96,96792,卖盘
10:08:23,10.05,-0.02,2,2010,卖盘
10:08:26,10.05,0.0,32,32237,中性盘
10:08:29,10.11,0.06,195,196931,买盘
10:08:32,10.11,0.0,96,97056,卖盘
10:08:35,10.11,0.0,40,40419,卖盘
10:08:38,10.11,0.0,20,20203,买盘
10:08:44,10.14,0.03,369,373914,买盘
10:08:48,10.14,0.0,13,13182,卖盘
10:08:50,10.14,0.0,101,102414,卖盘
10:08:53,10.11,-0.03,8,8088,卖盘
10:08:56,10.15,0.04,23,23322,买盘
10:08:59,10.11,-0.04,25,25290,卖盘
10:09:02,10.15,0.04,17,17215,买盘
10:09:05,10.1,-0.05,133,134449,卖盘
10:09:11,10.05,-0.05,655,658371,卖盘
10:09:14,10.03,-0.02,76,76207,买盘
10:09:17,10.01,-0.02,10,10010,中性盘
10:09:20,10.03,0.02,50,50140,买盘
10:09:26,10.0,-0.03,36,36008,卖盘
10:09:29,10.03,0.03,10,10027,买盘
10:09:32,10.0,-0.03,2,2003,中性盘
10:09:35,9.99,-0.01,3,2997,卖盘
10:09:42,10.0,0.01,55,55000,卖盘
10:09:44,9.93,-0.07,37,36821,卖盘
10:09:48,10.0,0.07,16,15982,买盘
10:09:50,9.99,-0.01,6,5994,中性盘
10:09:56,9.99,0.0,1,999,卖盘
10:09:59,9.99,0.0,1,999,卖盘
10:10:02,9.99,0.0,2,1998,买盘
10:10:08,9.99,0.0,14,13966,买盘
10:10:11,9.99,0.0,4,3996,买盘
10:10:14,9.99,0.0,10,9990,卖盘
10:10:17,9.99,0.0,1,999,卖盘
10:10:20,10.0,0.01,2,2000,买盘
10:10:26,10.0,0.0,67,66998,买盘
10:10:29,10.0,0.0,22,22000,买盘
10:10:32,10.0,0.0,18,18000,买盘
10:10:38,10.0,0.0,69,69000,卖盘
10:10:41,10.0,0.0,16,16000,买盘
10:10:44,10.01,0.01,33,33022,买盘
10:10:47,10.0,-0.01,311,310715,卖盘
10:10:50,10.0,0.0,3,2999,中性盘
10:10:53,10.01,0.01,34,34025,买盘
10:10:56,9.99,-0.02,13,12999,卖盘
10:10:59,9.97,-0.02,185,184746,卖盘
10:11:03,9.97,0.0,2,1994,卖盘
10:11:05,9.97,0.0,13,12970,卖盘
10:11:08,9.97,0.0,5,4985,买盘
10:11:11,9.97,0.0,6,5982,买盘
10:11:14,9.97,0.0,5,4985,买盘
10:11:17,9.96,-0.01,3,2988,买盘
10:11:20,9.94,-0.02,76,75616,卖盘
10:11:23,9.94,0.0,54,53676,卖盘
10:11:26,9.94,0.0,20,19854,买盘
10:11:29,9.95,0.01,1,995,买盘
10:11:33,9.94,-0.01,1,994,卖盘
10:11:35,9.94,0.0,13,12922,买盘
10:11:38,9.95,0.01,42,41775,买盘
10:11:41,9.95,0.0,1,995,卖盘
10:11:44,9.95,0.0,8,7960,卖盘
10:11:47,9.96,0.01,28,27888,买盘
10:11:50,9.96,0.0,1,996,卖盘
10:11:56,9.97,0.01,11,10965,买盘
10:11:59,9.97,0.0,11,10967,买盘
10:12:02,9.96,-0.01,5,4980,卖盘
10:12:08,9.97,0.01,170,169329,买盘
10:12:11,9.95,-0.02,334,331937,卖盘
10:12:14,9.93,-0.02,30,29769,买盘
10:12:17,9.92,-0.01,10,9929,卖盘
10:12:20,9.92,0.0,30,29757,买盘
10:12:24,9.92,0.0,22,21824,买盘
10:12:29,9.93,0.01,21,20853,买盘
10:12:38,9.93,0.0,4,3972,卖盘
10:12:41,9.94,0.01,5,4970,买盘
10:12:44,9.93,-0.01,1,993,卖盘
10:12:47,9.94,0.01,10,9940,买盘
10:12:50,9.94,0.0,39,38764,买盘
10:12:53,9.94,0.0,6,5964,买盘
10:12:56,9.94,0.0,206,204287,卖盘
10:13:02,9.91,-0.03,30,29747,卖盘
10:13:05,9.9,-0.01,77,76271,卖盘
10:13:08,9.91,0.01,6,5941,买盘
10:13:11,9.9,-0.01,3,2970,卖盘
10:13:14,9.89,-0.01,16,15828,卖盘
10:13:17,9.9,0.01,41,40560,买盘
10:13:23,9.86,-0.04,100,98679,卖盘
10:13:26,9.9,0.04,17,16815,买盘
10:13:29,9.9,0.0,49,48516,买盘
10:13:32,9.89,-0.01,5,4936,买盘
10:13:35,9.9,0.01,10,9900,中性盘
10:13:38,9.93,0.03,78,77294,买盘
10:13:41,9.94,0.01,104,103136,买盘
10:13:47,9.95,0.01,7,6965,买盘
10:13:50,9.96,0.01,2,1992,买盘
10:13:56,9.95,-0.01,76,75659,卖盘
10:14:03,9.96,0.01,6,5976,卖盘
10:14:08,9.96,0.0,15,14940,买盘
10:14:11,9.96,0.0,10,9960,买盘
10:14:14,9.96,0.0,115,114555,卖盘
10:14:17,9.97,0.01,6,5982,买盘
10:14:23,10.0,0.03,472,472072,买盘
10:14:26,10.01,0.01,2,2001,买盘
10:14:29,10.0,-0.01,1,1000,卖盘
10:14:32,10.0,0.0,87,87000,卖盘
10:14:35,10.0,0.0,226,226199,卖盘
10:14:38,10.01,0.01,275,275182,买盘
10:14:41,9.99,-0.02,20,19980,中性盘
10:14:44,9.99,0.0,5,4995,买盘
10:14:48,10.03,0.04,729,727465,买盘
10:14:50,10.03,0.0,55,55165,卖盘
10:14:53,10.03,0.0,5,5015,卖盘
10:15:02,10.03,0.0,173,173364,买盘
10:15:05,10.02,-0.01,104,104208,卖盘
10:15:08,10.02,0.0,21,21042,卖盘
10:15:17,9.97,-0.05,13,12969,卖盘
10:15:20,9.96,-0.01,25,24903,卖盘
10:15:27,9.95,-0.01,2,1990,卖盘
10:15:29,10.01,0.06,214,213952,买盘
10:15:32,9.93,-0.08,204,202993,卖盘
10:15:35,9.96,0.03,6,5976,卖盘
10:15:41,9.96,0.0,2,1992,买盘
10:15:44,9.96,0.0,61,60549,买盘
10:15:47,9.96,0.0,9,8964,卖盘
10:15:50,9.94,-0.02,1,994,卖盘
10:15:57,9.94,0.0,60,59491,买盘
10:16:05,9.91,-0.03,41,40631,卖盘
10:16:11,9.9,-0.01,58,57487,卖盘
10:16:17,10.0,0.1,200,199859,买盘
10:16:20,9.91,-0.09,54,53514,卖盘
10:16:23,10.06,0.15,184,184462,买盘
10:16:29,9.9,-0.16,50,49550,卖盘
10:16:32,9.91,0.01,11,10929,卖盘
10:16:44,9.9,-0.01,200,198084,卖盘
10:16:53,9.91,0.01,16,15861,卖盘
10:16:56,9.91,0.0,38,37658,买盘
10:17:02,9.9,-0.01,106,104940,卖盘
10:17:05,9.9,0.0,94,93060,买盘
10:17:08,9.95,0.05,60,59480,买盘
10:17:11,9.94,-0.01,36,35784,中性盘
10:17:14,9.89,-0.05,50,49496,卖盘
10:17:17,9.96,0.07,100,99545,买盘
10:17:23,9.95,-0.01,5,4975,中性盘
10:17:26,9.95,0.0,2,1990,买盘
10:17:32,9.94,-0.01,12,11928,买盘
10:17:35,9.94,0.0,7,6958,卖盘
10:17:38,9.95,0.01,30,29845,买盘
10:17:41,9.96,0.01,98,97571,买盘
10:17:44,9.96,0.0,66,65710,卖盘
10:17:56,9.94,-0.02,5,4970,卖盘
10:18:05,9.93,-0.01,1,993,中性盘
10:18:08,9.89,-0.04,6,5938,卖盘
10:18:17,9.9,0.01,18,17820,买盘
10:18:20,9.94,0.04,97,96204,买盘
10:18:32,9.91,-0.03,6,5946,卖盘
10:18:44,9.91,0.0,50,49550,卖盘
10:18:47,9.91,0.0,11,10901,卖盘
10:18:50,9.9,-0.01,10,9900,卖盘
10:18:53,9.9,0.0,11,10890,卖盘
10:18:59,9.9,0.0,2,1980,卖盘
10:19:02,9.9,0.0,16,15840,卖盘
10:19:05,9.89,-0.01,50,49471,卖盘
10:19:08,9.89,0.0,85,84072,卖盘
10:19:11,9.89,0.0,24,23736,卖盘
10:19:14,9.88,-0.01,33,32607,卖盘
10:19:17,9.87,-0.01,376,371273,卖盘
10:19:20,9.89,0.02,33,32595,买盘
10:19:26,9.89,0.0,10,9882,买盘
10:19:29,9.89,0.0,32,31648,买盘
10:19:32,9.9,0.01,28,27671,买盘
10:19:35,9.89,-0.01,74,73211,中性盘
10:19:50,9.91,0.02,89,88080,买盘
10:19:53,9.88,-0.03,125,123500,卖盘
10:19:56,9.88,0.0,5,4940,买盘
10:20:05,9.87,-0.01,31,30617,卖盘
10:20:08,9.87,0.0,16,15805,卖盘
10:20:14,9.87,0.0,2,1974,卖盘
10:20:23,9.88,0.01,20,19760,买盘
10:20:26,9.94,0.06,63,62278,买盘
10:20:29,9.86,-0.08,111,109523,卖盘
10:20:32,9.88,0.02,10,9876,买盘
10:20:35,9.86,-0.02,46,45384,卖盘
10:20:38,9.87,0.01,7,6909,买盘
10:20:44,9.86,-0.01,560,551642,卖盘
10:20:47,9.85,-0.01,58,57138,卖盘
10:20:50,9.85,0.0,752,740941,卖盘
10:20:53,9.85,0.0,110,108359,卖盘
10:20:59,9.86,0.01,5,4930,买盘
10:21:02,9.86,0.0,1,986,买盘
10:21:05,9.85,-0.01,210,207234,卖盘
10:21:23,9.86,0.01,70,69020,卖盘
10:21:26,9.86,0.0,9,8874,买盘
10:21:29,9.85,-0.01,1,985,卖盘
10:21:32,9.86,0.01,64,63101,买盘
10:21:35,9.86,0.0,63,62118,买盘
10:21:38,9.86,0.0,202,199115,卖盘
10:21:50,9.86,0.0,4,3942,买盘
10:21:53,9.87,0.01,2,1974,买盘
10:21:59,9.87,0.0,49,48363,买盘
10:22:05,10.0,0.13,135,133926,买盘
10:22:11,9.87,-0.13,3,2961,卖盘
10:22:14,9.87,0.0,2,1975,卖盘
10:22:17,9.91,0.04,6,5946,买盘
10:22:23,9.87,-0.04,7,6929,卖盘
10:22:26,9.91,0.04,10,9910,买盘
10:22:29,9.87,-0.04,56,55272,卖盘
10:22:32,9.87,0.0,37,36549,卖盘
10:22:35,9.87,0.0,9,8883,卖盘
10:22:38,9.87,0.0,80,78889,卖盘
10:22:41,9.86,-0.01,55,54232,卖盘
10:22:44,9.87,0.01,97,95639,买盘
10:22:47,9.86,-0.01,6,5916,中性盘
10:22:50,9.86,0.0,5,4930,买盘
10:22:59,9.86,0.0,28,27608,买盘
10:23:05,9.86,0.0,1,986,买盘
10:23:08,9.86,0.0,145,142896,买盘
10:23:11,9.86,0.0,225,221626,买盘
10:23:14,9.85,-0.01,2,1970,卖盘
10:23:17,9.86,0.01,2,1972,买盘
10:23:20,9.86,0.0,1,986,买盘
10:23:23,9.86,0.0,6,5916,买盘
10:23:26,9.86,0.0,9,8874,买盘
10:23:29,9.85,-0.01,11,10836,卖盘
10:23:35,9.85,0.0,6,5911,卖盘
10:23:38,9.86,0.01,8,7883,买盘
10:23:44,9.86,0.0,11,10846,买盘
10:23:47,9.86,0.0,25,24650,买盘
10:23:50,9.86,0.0,18,17747,卖盘
10:23:53,9.86,0.0,1,986,买盘
10:23:56,9.86,0.0,1,986,买盘
10:23:59,9.85,-0.01,5,4925,卖盘
10:24:02,9.86,0.01,16,15776,买盘
10:24:05,9.86,0.0,9,8874,卖盘
10:24:08,9.85,-0.01,50,49278,卖盘
10:24:11,9.85,0.0,634,624490,卖盘
10:24:14,9.85,0.0,14,13790,卖盘
10:24:17,9.86,0.01,34,33524,买盘
10:24:23,9.86,0.0,1,986,卖盘
10:24:35,9.87,0.01,1,987,买盘
10:24:41,9.87,0.0,90,88830,买盘
10:24:44,9.87,0.0,1,987,卖盘
10:24:50,9.88,0.01,25,24700,买盘
10:24:53,9.88,0.0,4,3952,卖盘
10:24:56,9.86,-0.02,61,60231,卖盘
10:25:02,9.88,0.02,5,4940,中性盘
10:25:05,9.86,-0.02,11,10846,卖盘
10:25:08,9.86,0.0,167,164635,卖盘
10:25:11,9.87,0.01,10,9865,买盘
10:25:23,9.86,-0.01,1,1075,卖盘
10:25:26,9.86,0.0,50,49300,卖盘
10:25:29,9.87,0.01,79,77943,买盘
10:25:32,9.86,-0.01,3,2958,卖盘
10:25:38,9.86,0.0,27,26627,卖盘
10:25:41,9.86,0.0,1,986,卖盘
10:25:47,9.87,0.01,27,26642,买盘
10:25:50,9.87,0.0,56,55218,买盘
10:25:53,9.86,-0.01,17,16762,卖盘
10:25:56,9.86,0.0,10,9771,卖盘
10:25:59,9.86,0.0,115,113375,买盘
10:26:02,9.86,0.0,12,11830,买盘
10:26:05,9.85,-0.01,226,222640,卖盘
10:26:08,9.85,0.0,200,197025,卖盘
10:26:11,9.85,0.0,48,47290,卖盘
10:26:14,9.85,0.0,1,985,卖盘
10:26:20,9.86,0.01,72,70992,买盘
10:26:23,9.85,-0.01,8,7880,卖盘
10:26:32,9.85,0.0,13,12806,卖盘
10:26:47,9.86,0.01,14,13804,买盘
10:26:53,9.86,0.0,22,21781,买盘
10:26:59,9.87,0.01,28,27636,买盘
10:27:02,9.86,-0.01,12,11832,卖盘
10:27:05,9.86,0.0,36,35496,卖盘
10:27:08,9.87,0.01,20,19740,买盘
10:27:11,9.87,0.0,30,29610,买盘
10:27:29,9.87,0.0,1,987,买盘
10:27:32,9.87,0.0,7,6909,买盘
10:27:44,9.87,0.0,13,12831,买盘
10:27:50,9.87,0.0,6,5922,买盘
10:28:05,9.88,0.01,15,14820,买盘
10:28:08,9.88,0.0,6,5928,买盘
10:28:11,9.88,0.0,39,38532,买盘
10:28:14,9.88,0.0,1,988,卖盘
10:28:20,9.95,0.07,222,220511,买盘
10:28:26,9.89,-0.06,96,94944,卖盘
10:28:29,9.89,0.0,6,5934,买盘
10:28:35,9.93,0.04,3,2978,买盘
10:28:38,9.93,0.0,41,40575,买盘
10:28:41,9.91,-0.02,5,4955,中性盘
10:28:44,9.9,-0.01,2,1980,卖盘
10:28:53,9.91,0.01,56,55496,买盘
10:29:02,9.94,0.03,65,64589,买盘
10:29:05,9.91,-0.03,77,76307,卖盘
10:29:08,9.92,0.01,24,23786,买盘
10:29:11,9.9,-0.02,10,9918,卖盘
10:29:14,9.92,0.02,102,101184,买盘
10:29:17,9.91,-0.01,188,186156,中性盘
10:29:20,9.89,-0.02,18,17812,卖盘
10:29:23,9.89,0.0,2,1978,卖盘
10:29:26,9.89,0.0,88,87171,卖盘
10:29:29,9.89,0.0,5,4945,买盘
10:29:38,9.91,0.02,34,33693,买盘
10:29:41,9.91,0.0,86,85216,买盘
10:29:56,9.91,0.0,75,74325,买盘
10:30:05,9.92,0.01,47,46624,买盘
10:30:14,9.93,0.01,20,19860,买盘
10:30:17,9.93,0.0,28,27804,买盘
10:30:20,9.93,0.0,8,7944,卖盘
10:30:23,9.95,0.02,20,19894,买盘
10:30:26,9.95,0.0,35,34825,卖盘
10:30:38,9.93,-0.02,5,4965,卖盘
10:30:41,9.93,0.0,11,10914,中性盘
10:30:44,9.91,-0.02,168,166633,卖盘
10:30:47,9.91,0.0,268,265784,卖盘
10:30:50,9.91,0.0,23,22793,卖盘
10:30:53,9.91,0.0,28,27748,卖盘
10:31:02,9.91,0.0,69,68379,卖盘
10:31:05,9.91,0.0,107,106037,卖盘
10:31:08,9.89,-0.02,63,62414,卖盘
10:31:11,9.9,0.01,10,9900,买盘
10:31:14,9.89,-0.01,282,278898,卖盘
10:31:17,9.9,0.01,162,160253,买盘
10:31:20,9.89,-0.01,3,2967,卖盘
10:31:23,9.89,0.0,22,21758,卖盘
10:31:29,9.89,0.0,112,110768,卖盘
10:31:32,9.88,-0.01,46,45455,卖盘
10:31:44,9.87,-0.01,1,987,卖盘
10:31:56,9.88,0.01,53,52361,买盘
10:31:59,9.88,0.0,56,55328,买盘
10:32:02,9.87,-0.01,22,21728,卖盘
10:32:05,9.88,0.01,38,37526,买盘
10:32:08,9.88,0.0,60,59280,买盘
10:32:11,9.88,0.0,1,988,卖盘
10:32:14,9.88,0.0,39,38532,卖盘
10:32:17,9.89,0.01,10,9888,买盘
10:32:26,9.88,-0.01,16,15808,卖盘
10:32:32,9.88,0.0,1,988,卖盘
10:32:38,9.88,0.0,14,13832,卖盘
10:32:41,9.88,0.0,22,21736,卖盘
10:32:44,9.88,0.0,94,92872,卖盘
10:32:47,9.87,-0.01,94,92778,卖盘
10:32:50,9.87,0.0,39,38493,卖盘
10:32:59,9.86,-0.01,185,182428,卖盘
10:33:02,9.86,0.0,34,33524,买盘
10:33:09,9.85,-0.01,16,15760,卖盘
10:33:11,9.86,0.01,5,4930,买盘
10:33:14,9.85,-0.01,124,122170,卖盘
10:33:29,9.86,0.01,70,69020,买盘
10:33:32,9.86,0.0,60,59158,买盘
10:33:38,9.85,-0.01,17,16745,卖盘
10:33:41,9.86,0.01,4,3945,中性盘
10:33:44,9.86,0.0,2,1972,卖盘
10:34:02,9.85,-0.01,5,4925,卖盘
10:34:11,9.87,0.02,15,14805,买盘
10:34:14,9.86,-0.01,13,12818,卖盘
10:34:20,9.86,0.0,6,5916,卖盘
10:34:41,9.86,0.0,18,17748,卖盘
10:34:44,9.87,0.01,10,9870,买盘
10:34:47,9.86,-0.01,2,1972,卖盘
10:34:50,9.86,0.0,2,1972,卖盘
10:34:53,9.87,0.01,19,18753,买盘
10:34:56,9.87,0.0,10,9870,买盘
10:35:08,9.87,0.0,7,6909,买盘
10:35:11,9.87,0.0,3,2961,卖盘
10:35:17,9.88,0.01,10,9880,买盘
10:35:23,9.88,0.0,1,988,买盘
10:35:38,9.88,0.0,10,9880,买盘
10:35:41,9.87,-0.01,99,97753,卖盘
10:35:44,9.87,0.0,39,38493,买盘
10:35:47,9.87,0.0,1,987,卖盘
10:35:50,9.87,0.0,20,19740,卖盘
10:35:53,9.88,0.01,71,70092,买盘
10:35:56,9.88,0.0,72,71136,卖盘
10:35:59,9.87,-0.01,34,33558,买盘
10:36:02,9.88,0.01,19,18772,买盘
10:36:11,9.89,0.01,29,28681,买盘
10:36:26,9.88,-0.01,1,988,卖盘
10:36:29,9.88,0.0,3,2964,卖盘
10:36:32,9.89,0.01,51,50439,买盘
10:36:35,9.89,0.0,47,46483,买盘
10:36:56,9.9,0.01,4,3960,卖盘
10:36:59,9.9,0.0,3,2970,卖盘
10:37:05,9.91,0.01,5,4955,买盘
10:37:08,9.91,0.0,1,991,买盘
10:37:17,9.91,0.0,64,63424,买盘
10:37:20,9.91,0.0,4,3964,卖盘
10:37:35,9.91,0.0,1,991,卖盘
10:37:38,9.91,0.0,19,18842,卖盘
10:37:41,9.92,0.01,1,992,买盘
10:37:56,9.92,0.0,75,74337,买盘
10:37:59,9.91,-0.01,141,139731,卖盘
10:38:02,9.91,0.0,165,163535,卖盘
10:38:05,9.91,0.0,101,100064,卖盘
10:38:08,9.9,-0.01,27,26730,卖盘
10:38:11,9.9,0.0,48,47520,卖盘
10:38:17,9.9,0.0,57,56430,买盘
10:38:20,9.89,-0.01,4,3956,卖盘
10:38:26,9.89,0.0,3,2967,卖盘
10:38:32,9.89,0.0,1,989,卖盘
10:38:41,9.89,0.0,1,989,卖盘
10:38:44,9.9,0.01,110,108900,买盘
10:38:47,9.9,0.0,1,990,买盘
10:38:53,9.9,0.0,3,2970,卖盘
10:39:02,9.9,0.0,6,5939,买盘
10:39:05,9.9,0.0,4,3960,卖盘
10:39:08,9.9,0.0,2,1980,买盘
10:39:14,9.9,0.0,24,23760,买盘
10:39:17,9.9,0.0,21,20790,卖盘
10:39:20,9.9,0.0,2,1980,卖盘
10:39:23,9.9,0.0,10,9908,卖盘
10:39:26,9.89,-0.01,85,84066,卖盘
10:39:29,9.89,0.0,2,1978,卖盘
10:39:32,9.89,0.0,1,989,卖盘
10:39:44,9.9,0.01,2,1979,买盘
10:39:47,9.9,0.0,1,990,卖盘
10:39:50,9.89,-0.01,100,98998,卖盘
10:39:53,9.89,0.0,517,511813,卖盘
10:40:05,9.89,0.0,1,989,卖盘
10:40:11,9.9,0.01,10,9900,买盘
10:40:17,9.89,-0.01,200,197800,卖盘
10:40:23,9.89,0.0,10,9890,卖盘
10:40:26,9.89,0.0,5,4945,卖盘
10:40:29,9.89,0.0,46,45494,卖盘
10:40:32,9.88,-0.01,231,228458,卖盘
10:40:35,9.88,0.0,62,61256,卖盘
10:40:38,9.88,0.0,6,5928,卖盘
10:40:44,9.87,-0.01,4,3948,卖盘
10:40:47,9.88,0.01,53,52363,买盘
10:40:56,9.88,0.0,5,4940,卖盘
10:41:03,9.88,0.0,16,15808,卖盘
10:41:05,9.88,0.0,16,15808,卖盘
10:41:08,9.88,0.0,47,46436,卖盘
10:41:14,9.87,-0.01,51,50337,卖盘
10:41:20,9.88,0.01,67,66147,买盘
10:41:35,9.87,-0.01,1,987,买盘
10:41:53,9.87,0.0,10,9870,买盘
10:41:56,9.87,0.0,1,987,买盘
10:42:14,9.87,0.0,2,1974,卖盘
10:42:17,9.87,0.0,1,987,卖盘
10:42:20,9.87,0.0,1,987,卖盘
10:42:23,9.86,-0.01,2,1973,卖盘
10:42:26,9.86,0.0,1,986,卖盘
10:42:41,9.86,0.0,5,4930,卖盘
10:42:47,9.89,0.03,106,104748,买盘
10:43:02,9.88,-0.01,3,2964,买盘
10:43:17,9.88,0.0,1,988,卖盘
10:43:29,9.89,0.01,1,989,买盘
10:43:38,9.88,-0.01,42,41496,卖盘
10:43:44,9.87,-0.01,5,4935,买盘
10:43:50,9.87,0.0,9,8883,卖盘
10:43:53,9.88,0.01,1,988,买盘
10:43:56,9.87,-0.01,38,37506,卖盘
10:44:02,9.88,0.01,6,5927,买盘
10:44:05,9.87,-0.01,18,17766,卖盘
10:44:20,9.88,0.01,4,3952,买盘
10:44:29,9.88,0.0,1,988,买盘
10:44:35,9.87,-0.01,37,36521,卖盘
10:44:38,9.86,-0.01,10,9860,卖盘
10:44:41,9.86,0.0,4,3944,卖盘
10:44:44,9.87,0.01,20,19740,买盘
10:44:47,9.86,-0.01,6,5916,卖盘
10:44:53,9.87,0.01,10,9870,买盘
10:44:59,9.87,0.0,91,89817,买盘
10:45:02,9.87,0.0,90,88830,买盘
10:45:05,9.87,0.0,6,5922,买盘
10:45:11,9.87,0.0,70,69090,买盘
10:45:14,9.87,0.0,9,8883,买盘
10:45:21,9.87,0.0,2,1974,买盘
10:45:23,9.87,0.0,12,11844,买盘
10:45:32,9.87,0.0,21,20727,买盘
10:45:44,9.87,0.0,16,15792,买盘
10:45:47,9.87,0.0,34,33558,买盘
10:45:50,9.87,0.0,128,126236,买盘
10:45:53,9.86,-0.01,26,25636,卖盘
10:45:56,9.87,0.01,3,2961,买盘
10:46:08,9.87,0.0,63,62181,买盘
10:46:11,9.87,0.0,1,987,买盘
10:46:14,9.87,0.0,27,26649,买盘
10:46:17,9.87,0.0,6,5922,卖盘
10:46:23,9.86,-0.01,42,41423,卖盘
10:46:32,9.85,-0.01,16,15764,卖盘
10:46:35,9.85,0.0,37,36477,卖盘
10:46:38,9.86,0.01,331,326366,买盘
10:47:05,9.88,0.02,8,7904,买盘
10:47:08,9.89,0.01,73,72196,买盘
10:47:11,9.89,0.0,54,53356,买盘
10:47:20,9.9,0.01,4,3960,买盘
10:47:23,9.9,0.0,2,1980,买盘
10:47:29,9.87,-0.03,1,987,卖盘
10:47:32,9.9,0.03,3,2969,买盘
10:47:38,9.9,0.0,22,21774,买盘
10:47:47,9.88,-0.02,8,7907,卖盘
10:47:50,9.88,0.0,4,3952,卖盘
10:47:53,9.88,0.0,6,5928,买盘
10:47:56,9.9,0.02,3,2970,买盘
10:48:08,9.9,0.0,5,4950,买盘
10:48:11,9.9,0.0,7,6930,买盘
10:48:14,9.88,-0.02,1,988,中性盘
10:48:17,9.87,-0.01,18,17774,卖盘
10:48:20,9.88,0.01,5,4940,买盘
10:48:23,9.88,0.0,3,2963,买盘
10:48:32,9.89,0.01,4,3956,买盘
10:48:35,9.88,-0.01,1,988,卖盘
10:48:38,9.89,0.01,10,9890,买盘
10:48:47,9.89,0.0,5,4945,买盘
10:48:59,9.88,-0.01,3,2966,卖盘
10:49:02,9.88,0.0,1,988,卖盘
10:49:06,9.89,0.01,38,37551,买盘
10:49:08,9.89,0.0,65,64285,买盘
10:49:17,9.9,0.01,14,13860,买盘
10:49:29,9.9,0.0,7,6925,买盘
10:49:32,9.9,0.0,38,37620,买盘
10:49:41,9.9,0.0,2,1980,买盘
10:49:47,9.9,0.0,30,29700,买盘
10:49:53,9.9,0.0,2,1980,卖盘
10:49:56,9.91,0.01,6,5946,买盘
10:50:02,9.91,0.0,33,32703,买盘
10:50:08,9.91,0.0,10,9910,卖盘
10:50:14,9.92,0.01,2,1984,买盘
10:50:17,9.92,0.0,68,67456,卖盘
10:50:20,9.92,0.0,2,1984,卖盘
10:50:23,9.93,0.01,2,1986,买盘
10:50:29,9.93,0.0,2,1985,买盘
10:50:32,9.93,0.0,33,32769,买盘
10:50:35,9.93,0.0,44,43692,买盘
10:50:41,9.93,0.0,6,5958,卖盘
10:50:44,9.93,0.0,47,46671,卖盘
10:50:47,9.93,0.0,30,29794,卖盘
10:50:50,9.92,-0.01,9,8928,卖盘
10:50:53,9.92,0.0,2,1984,买盘
10:50:59,9.91,-0.01,10,9910,卖盘
10:51:02,9.91,0.0,1,991,中性盘
10:51:11,9.92,0.01,20,19840,买盘
10:51:17,9.92,0.0,10,9920,买盘
10:51:20,9.91,-0.01,8,7928,卖盘
10:51:29,9.91,0.0,4,3964,卖盘
10:51:47,9.92,0.01,15,14880,买盘
10:52:02,9.91,-0.01,5,4955,卖盘
10:52:05,9.91,0.0,1,991,卖盘
10:52:27,9.92,0.01,2,1984,买盘
10:52:29,9.91,-0.01,1,991,卖盘
10:52:32,9.92,0.01,11,10910,买盘
10:52:53,9.9,-0.02,89,88177,卖盘
10:53:02,9.9,0.0,4,3960,买盘
10:53:11,9.9,0.0,17,16830,买盘
10:53:23,9.9,0.0,1,990,卖盘
10:53:26,9.91,0.01,11,10900,买盘
10:53:32,9.9,-0.01,2,1980,卖盘
10:53:38,9.9,0.0,4,3960,卖盘
10:53:41,9.9,0.0,1,990,卖盘
10:53:44,9.91,0.01,31,30721,买盘
10:53:47,9.91,0.0,2,1982,卖盘
10:53:50,9.91,0.0,5,4955,卖盘
10:53:59,9.92,0.01,41,40672,买盘
10:54:05,9.92,0.0,38,37696,卖盘
10:54:08,9.92,0.0,7,6944,卖盘
10:54:11,9.92,0.0,21,20832,卖盘
10:54:14,9.92,0.0,1,992,卖盘
10:54:20,9.93,0.01,1,993,买盘
10:54:26,9.93,0.0,200,198583,买盘
10:54:41,9.94,0.01,471,469021,买盘
10:54:56,9.94,0.0,3,2982,卖盘
10:54:59,9.96,0.02,11,10954,买盘
10:55:11,9.94,-0.02,16,15904,卖盘
10:55:14,9.94,0.0,66,65607,卖盘
10:55:17,9.94,0.0,32,31808,卖盘
10:55:20,9.94,0.0,18,17892,卖盘
10:55:23,9.94,0.0,9,8946,卖盘
10:55:29,9.94,0.0,18,17891,买盘
10:55:32,9.94,0.0,7,6958,卖盘
10:55:35,9.93,-0.01,1,993,卖盘
10:55:51,9.94,0.01,16,15898,买盘
10:55:56,9.94,0.0,39,38750,买盘
10:55:59,9.94,0.0,42,41748,卖盘
10:56:02,9.94,0.0,25,24850,卖盘
10:56:05,9.94,0.0,10,9940,买盘
10:56:08,9.94,0.0,6,5964,卖盘
10:56:11,9.93,-0.01,19,18881,卖盘
10:56:14,9.92,-0.01,7,6944,卖盘
10:56:17,9.93,0.01,3,2977,买盘
10:56:26,9.91,-0.02,5,4955,卖盘
10:56:32,9.92,0.01,1,992,买盘
10:56:38,9.92,0.0,14,13888,买盘
10:57:05,9.92,0.0,9,8928,卖盘
10:57:08,9.92,0.0,19,18848,卖盘
10:57:11,9.92,0.0,2,1984,卖盘
10:57:14,9.92,0.0,3,2976,卖盘
10:57:26,9.92,0.0,1,992,卖盘
10:57:41,9.92,0.0,24,23808,卖盘
10:57:50,9.92,0.0,10,9920,买盘
10:58:08,9.92,0.0,19,18848,卖盘
10:58:11,9.93,0.01,3,2979,中性盘
10:58:17,9.93,0.0,3,2979,卖盘
10:58:23,9.93,0.0,2,1986,买盘
10:58:29,9.94,0.01,3,2982,买盘
10:58:38,9.94,0.0,3,2982,买盘
10:58:53,9.94,0.0,3,2982,买盘
10:58:56,9.94,0.0,5,4970,买盘
10:59:02,9.94,0.0,30,29820,买盘
10:59:14,9.94,0.0,5,4970,买盘
10:59:20,9.94,0.0,10,9940,买盘
10:59:23,9.94,0.0,49,48706,买盘
10:59:29,9.94,0.0,10,9940,买盘
10:59:38,9.94,0.0,2,1988,买盘
10:59:44,9.93,-0.01,1,993,卖盘
10:59:50,9.94,0.01,20,19880,买盘
10:59:53,9.93,-0.01,9,8937,卖盘
10:59:56,9.93,0.0,7,6951,卖盘
11:00:05,9.93,0.0,2,1986,卖盘
11:00:17,9.92,-0.01,6,5952,卖盘
11:00:20,9.92,0.0,31,30752,卖盘
11:00:29,9.92,0.0,1,992,买盘
11:00:35,9.92,0.0,30,29756,买盘
11:00:41,9.91,-0.01,5,4955,买盘
11:00:47,9.92,0.01,66,65455,买盘
11:01:11,9.92,0.0,44,43648,卖盘
11:01:14,9.92,0.0,1,992,卖盘
11:01:17,9.92,0.0,3,2976,卖盘
11:01:29,9.92,0.0,1,992,卖盘
11:01:35,9.92,0.0,1,992,卖盘
11:01:38,9.92,0.0,1,992,卖盘
11:01:47,9.91,-0.01,116,115073,卖盘
11:01:50,9.92,0.01,8,7936,卖盘
11:01:56,9.92,0.0,21,20836,卖盘
11:02:08,9.93,0.01,148,146867,买盘
11:02:14,9.94,0.01,3,2982,买盘
11:02:30,9.94,0.0,5,4970,卖盘
11:02:32,9.94,0.0,10,9940,卖盘
11:02:38,9.95,0.01,48,47759,买盘
11:02:44,9.93,-0.02,5,4965,卖盘
11:02:53,9.93,0.0,10,9930,卖盘
11:03:02,9.95,0.02,66,65670,买盘
11:03:08,9.94,-0.01,42,41748,卖盘
11:03:11,9.95,0.01,89,88555,买盘
11:03:29,9.95,0.0,118,117410,卖盘
11:03:38,9.94,-0.01,69,68586,卖盘
11:03:50,9.95,0.01,40,39800,买盘
11:04:05,9.94,-0.01,105,104395,卖盘
11:04:08,9.93,-0.01,104,103357,卖盘
11:04:11,9.93,0.0,137,136041,卖盘
11:04:14,9.93,0.0,5,4965,买盘
11:04:23,9.93,0.0,4,3972,买盘
11:04:30,9.89,-0.04,225,222913,卖盘
11:04:32,9.9,0.01,31,30690,买盘
11:04:35,9.9,0.0,1,990,买盘
11:04:50,9.89,-0.01,10,9890,卖盘
11:04:53,9.89,0.0,5,4945,卖盘
11:05:08,9.9,0.01,50,49500,买盘
11:05:23,9.9,0.0,20,19800,买盘
11:05:29,9.9,0.0,10,9900,买盘
11:05:32,9.89,-0.01,4,3956,卖盘
11:05:35,9.89,0.0,2,1978,卖盘
11:05:38,9.9,0.01,21,20789,买盘
11:05:41,9.89,-0.01,2,1978,卖盘
11:06:11,9.9,0.01,50,49500,买盘
11:06:32,9.9,0.0,16,15837,买盘
11:06:38,9.9,0.0,11,10890,买盘
11:07:08,9.9,0.0,2,1980,买盘
11:07:11,9.9,0.0,90,89100,买盘
11:07:23,9.89,-0.01,59,58351,卖盘
11:07:26,9.89,0.0,1,989,卖盘
11:07:29,9.9,0.01,1,990,买盘
11:07:38,9.9,0.0,6,5940,买盘
11:07:44,9.89,-0.01,9,8901,卖盘
11:07:50,9.9,0.01,3,2970,买盘
11:08:12,9.9,0.0,7,6930,买盘
11:08:14,9.89,-0.01,100,98900,卖盘
11:08:17,9.9,0.01,191,189090,买盘
11:08:20,9.9,0.0,2,1980,买盘
11:08:26,9.89,-0.01,73,72198,卖盘
11:08:29,9.88,-0.01,7,6916,卖盘
11:08:38,9.89,0.01,9,8901,买盘
11:08:47,9.89,0.0,73,72190,买盘
11:08:56,9.89,0.0,5,4945,卖盘
11:08:59,9.9,0.01,1,990,买盘
11:09:03,9.9,0.0,16,15840,买盘
11:09:05,9.89,-0.01,5,4945,卖盘
11:09:08,9.89,0.0,17,16813,卖盘
11:09:11,9.89,0.0,2,1978,卖盘
11:09:32,9.89,0.0,4,3956,买盘
11:09:35,9.89,0.0,2,1978,卖盘
11:09:41,9.89,0.0,2,1978,卖盘
11:09:47,9.89,0.0,2,1978,卖盘
11:09:50,9.89,0.0,57,56373,卖盘
11:09:53,9.89,0.0,2,1978,卖盘
11:10:02,9.89,0.0,37,36593,卖盘
11:10:05,9.89,0.0,1,989,买盘
11:10:11,9.88,-0.01,2,1976,卖盘
11:10:14,9.88,0.0,16,15808,卖盘
11:10:20,9.88,0.0,1,988,卖盘
11:10:26,9.89,0.01,3,2966,买盘
11:10:32,9.88,-0.01,8,7904,卖盘
11:10:35,9.88,0.0,1,988,卖盘
11:10:44,9.88,0.0,10,9880,卖盘
11:10:50,9.89,0.01,11,10879,买盘
11:10:53,9.88,-0.01,2,1976,卖盘
11:10:59,9.88,0.0,10,9880,卖盘
11:11:06,9.88,0.0,1,988,卖盘
11:11:11,9.88,0.0,2,1976,卖盘
11:11:14,9.88,0.0,13,12844,卖盘
11:11:18,9.88,0.0,42,41496,卖盘
11:11:20,9.89,0.01,2,1978,买盘
11:11:23,9.89,0.0,49,48413,买盘
11:11:32,9.88,-0.01,12,11856,卖盘
11:11:36,9.88,0.0,20,19760,卖盘
11:11:38,9.88,0.0,55,54340,卖盘
11:11:41,9.88,0.0,10,9880,卖盘
11:11:47,9.89,0.01,63,62307,买盘
11:11:53,9.89,0.0,11,10879,买盘
11:12:02,9.89,0.0,317,313513,买盘
11:12:20,9.89,0.0,100,98900,卖盘
11:12:29,9.9,0.01,14,13851,买盘
11:12:38,9.9,0.0,10,9900,买盘
11:12:44,9.9,0.0,44,43560,买盘
11:12:53,9.9,0.0,14,13860,卖盘
11:13:14,9.91,0.01,6,5946,买盘
11:13:23,9.91,0.0,31,30721,买盘
11:13:32,9.91,0.0,5,4955,卖盘
11:13:50,9.91,0.0,7,6937,卖盘
11:14:02,9.92,0.01,16,15858,买盘
11:14:15,9.92,0.0,79,78368,买盘
11:14:26,9.92,0.0,50,49600,买盘
11:14:41,9.91,-0.01,17,16847,卖盘
11:14:44,9.9,-0.01,120,118918,卖盘
11:14:47,9.9,0.0,128,126720,卖盘
11:14:50,9.89,-0.01,50,49448,买盘
11:14:59,9.89,0.0,10,9890,买盘
11:15:11,9.88,-0.01,10,9880,卖盘
11:15:23,9.89,0.01,21,20769,买盘
11:15:35,9.89,0.0,111,109779,买盘
11:15:51,9.9,0.01,1,990,买盘
11:15:53,9.89,-0.01,1,989,中性盘
11:16:23,9.9,0.01,217,214830,买盘
11:16:26,9.9,0.0,1,990,中性盘
11:16:35,9.89,-0.01,4,3958,卖盘
11:16:38,9.9,0.01,12,11874,卖盘
11:16:44,9.9,0.0,2,1980,卖盘
11:16:56,9.9,0.0,13,12870,卖盘
11:16:59,9.91,0.01,5,4955,买盘
11:17:14,9.91,0.0,5,4955,买盘
11:17:20,9.91,0.0,1,991,买盘
11:17:23,9.91,0.0,8,7928,买盘
11:17:26,9.91,0.0,2,1982,卖盘
11:17:29,9.91,0.0,6,5946,卖盘
11:17:44,9.9,-0.01,1,990,卖盘
11:17:53,9.91,0.01,75,74325,买盘
11:18:11,9.91,0.0,123,121893,卖盘
11:18:14,9.91,0.0,141,139731,卖盘
11:18:23,9.9,-0.01,105,103950,卖盘
11:18:26,9.9,0.0,10,9900,买盘
11:18:35,9.9,0.0,27,26709,买盘
11:19:17,9.9,0.0,1,990,买盘
11:19:29,9.89,-0.01,31,30664,卖盘
11:19:32,9.9,0.01,1,990,买盘
11:19:41,9.89,-0.01,11,10879,卖盘
11:19:44,9.89,0.0,1,989,卖盘
11:19:47,9.89,0.0,5,4945,卖盘
11:19:50,9.89,0.0,1,989,卖盘
11:19:56,9.89,0.0,10,9890,卖盘
11:20:05,9.9,0.01,1,990,买盘
11:20:17,9.89,-0.01,4,3956,卖盘
11:20:29,9.9,0.01,5,4950,买盘
11:20:38,9.89,-0.01,7,6923,卖盘
11:20:56,9.89,0.0,1,989,卖盘
11:21:11,9.89,0.0,1,989,卖盘
11:21:20,9.9,0.01,6,5940,买盘
11:21:32,9.9,0.0,100,99000,买盘
11:21:41,9.9,0.0,9,8910,买盘
11:21:44,9.89,-0.01,33,32637,卖盘
11:21:50,9.9,0.01,50,49500,买盘
11:21:56,9.9,0.0,6,5940,买盘
11:21:59,9.9,0.0,6,5940,买盘
11:22:11,9.9,0.0,5,4950,卖盘
11:22:14,9.91,0.01,30,29730,买盘
11:22:17,9.91,0.0,22,21802,卖盘
11:22:29,9.91,0.0,2,1982,卖盘
11:22:38,9.92,0.01,100,99200,买盘
11:22:56,9.92,0.0,50,49600,买盘
11:23:05,9.92,0.0,4,3968,卖盘
11:23:14,9.92,0.0,1,992,卖盘
11:23:20,9.93,0.01,2,1986,买盘
11:23:23,9.92,-0.01,2,1984,卖盘
11:23:32,9.92,0.0,42,41664,卖盘
11:23:44,9.93,0.01,23,22836,买盘
11:23:50,9.93,0.0,20,19860,买盘
11:24:05,9.93,0.0,75,74475,买盘
11:24:17,9.94,0.01,7,6958,买盘
11:24:20,9.94,0.0,5,4970,卖盘
11:24:23,9.94,0.0,1,994,卖盘
11:24:29,9.94,0.0,9,8946,卖盘
11:24:35,9.94,0.0,1,994,买盘
11:24:38,9.94,0.0,8,7952,买盘
11:24:41,9.94,0.0,2,1988,买盘
11:24:47,9.94,0.0,15,14910,买盘
11:25:05,9.93,-0.01,139,138027,卖盘
11:25:08,9.92,-0.01,43,42656,卖盘
11:25:11,9.9,-0.02,55,54504,卖盘
11:25:23,9.91,0.01,50,49550,买盘
11:25:32,9.91,0.0,15,14865,买盘
11:25:35,9.91,0.0,3,2973,卖盘
11:25:50,9.93,0.02,316,313526,买盘
11:25:53,9.94,0.01,120,119280,买盘
11:25:56,9.94,0.0,41,40754,卖盘
11:26:11,10.0,0.06,216,215297,买盘
11:26:14,10.0,0.0,26,26000,买盘
11:26:17,10.0,0.0,4,4000,买盘
11:26:20,10.0,0.0,2,2000,买盘
11:26:23,10.0,0.0,3,3000,买盘
11:26:26,10.0,0.0,89,89000,买盘
11:26:29,10.01,0.01,6,6003,中性盘
11:26:32,10.02,0.01,13,13026,中性盘
11:26:38,10.03,0.01,16,16048,买盘
11:26:41,10.03,0.0,10,10030,卖盘
11:26:44,10.03,0.0,18,18057,卖盘
11:26:47,10.03,0.0,2,2006,卖盘
11:26:50,10.03,0.0,2,2006,卖盘
11:26:56,10.03,0.0,8,8024,买盘
11:27:08,10.03,0.0,15,15044,买盘
11:27:17,10.03,0.0,25,25075,卖盘
11:27:20,10.03,0.0,9,9027,卖盘
11:27:23,10.03,0.0,6,6018,卖盘
11:27:26,10.02,-0.01,70,70184,卖盘
11:27:32,10.02,0.0,10,10020,买盘
11:27:35,10.02,0.0,30,30060,买盘
11:27:41,10.03,0.01,30,30069,买盘
11:27:47,10.0,-0.03,1,1000,卖盘
11:27:50,10.03,0.03,46,46138,买盘
11:27:53,10.03,0.0,1,1003,卖盘
11:27:56,10.03,0.0,1,1003,卖盘
11:28:05,10.03,0.0,52,52156,卖盘
11:28:11,10.02,-0.01,4,4008,买盘
11:28:23,10.03,0.01,3,3009,买盘
11:28:29,10.04,0.01,30,30120,买盘
11:28:32,10.04,0.0,3,3012,买盘
11:28:41,10.05,0.01,5,5025,买盘
11:28:50,10.05,0.0,13,13065,买盘
11:28:53,10.04,-0.01,70,70297,卖盘
11:28:56,10.06,0.02,14,14084,买盘
11:29:08,10.04,-0.02,4,4019,卖盘
11:29:17,10.04,0.0,16,16064,卖盘
11:29:23,10.05,0.01,123,123559,买盘
11:29:26,10.03,-0.02,20,20060,卖盘
11:29:29,10.05,0.02,42,42166,买盘
11:29:32,10.05,0.0,105,105525,卖盘
11:29:35,10.06,0.01,79,79442,买盘
11:29:38,10.06,0.0,7,7042,卖盘
11:29:41,10.06,0.0,5,5030,买盘
11:29:59,10.05,-0.01,1,1005,卖盘
13:00:02,10.07,0.02,363,365591,买盘
13:00:06,10.06,-0.01,181,182112,卖盘
13:00:09,10.08,0.02,186,187423,买盘
13:00:11,10.09,0.01,236,238006,买盘
13:00:14,10.1,0.01,468,472680,买盘
13:00:17,10.12,0.02,12,12142,买盘
13:00:20,10.15,0.03,39,39578,买盘
13:00:23,10.16,0.01,3,3048,买盘
13:00:26,10.16,0.0,27,27432,买盘
13:00:29,10.22,0.06,763,777564,买盘
13:00:32,10.25,0.03,20,20500,买盘
13:00:35,10.25,0.0,34,34850,买盘
13:00:38,10.25,0.0,32,32798,买盘
13:00:41,10.25,0.0,40,41000,买盘
13:00:44,10.26,0.01,16,16415,买盘
13:00:47,10.26,0.0,14,14361,买盘
13:00:50,10.28,0.02,29,29786,买盘
13:00:53,10.28,0.0,956,996422,中性盘
13:00:56,10.33,0.05,1,1033,买盘
13:00:59,10.3,-0.03,7,7225,卖盘
13:01:02,10.27,-0.03,178,183693,卖盘
13:01:05,10.3,0.03,3,3090,中性盘
13:01:08,10.25,-0.05,226,231681,卖盘
13:01:14,10.2,-0.05,61,62165,中性盘
13:01:20,10.11,-0.09,422,430081,中性盘
13:01:23,10.09,-0.02,98,98957,卖盘
13:01:26,10.11,0.02,6,6066,卖盘
13:01:29,10.16,0.05,92,93464,买盘
13:01:32,10.16,0.0,224,227584,买盘
13:01:35,10.1,-0.06,641,648470,卖盘
13:01:41,10.16,0.06,13,13208,买盘
13:01:44,10.18,0.02,36,36613,买盘
13:01:50,10.19,0.01,57,58083,买盘
13:01:56,10.18,-0.01,398,405277,卖盘
13:01:59,10.22,0.04,70,71417,买盘
13:02:02,10.22,0.0,164,167608,卖盘
13:02:05,10.2,-0.02,9,9180,卖盘
13:02:08,10.22,0.02,500,510501,买盘
13:02:11,10.3,0.08,410,420819,买盘
13:02:17,10.32,0.02,145,149509,买盘
13:02:20,10.32,0.0,264,272835,卖盘
13:02:23,10.33,0.01,669,690414,中性盘
13:02:26,10.32,-0.01,79,81602,卖盘
13:02:29,10.32,0.0,91,93911,卖盘
13:02:32,10.35,0.03,40,41398,买盘
13:02:35,10.32,-0.03,219,226063,卖盘
13:02:38,10.31,-0.01,209,215479,卖盘
13:02:41,10.31,0.0,307,316641,买盘
13:02:44,10.31,0.0,28,28868,卖盘
13:02:47,10.3,-0.01,549,565809,卖盘
13:02:50,10.3,0.0,190,195700,买盘
13:02:56,10.31,0.01,1,1031,买盘
13:02:59,10.31,0.0,6,6186,卖盘
13:03:02,10.3,-0.01,217,223511,卖盘
13:03:05,10.29,-0.01,5,5145,卖盘
13:03:08,10.29,0.0,115,118275,买盘
13:03:11,10.26,-0.03,5,5130,卖盘
13:03:14,10.29,0.03,81,83267,买盘
13:03:17,10.3,0.01,80,82394,买盘
13:03:20,10.34,0.04,127,131116,买盘
13:03:23,10.35,0.01,10,10350,买盘
13:03:26,10.35,0.0,1,1035,中性盘
13:03:29,10.35,0.0,3,3105,卖盘
13:03:32,10.35,0.0,64,66240,卖盘
13:03:35,10.35,0.0,56,57960,买盘
13:03:38,10.35,0.0,10,10350,买盘
13:03:42,10.34,-0.01,10,10340,卖盘
13:03:44,10.35,0.01,11,11377,买盘
13:03:47,10.35,0.0,193,199739,买盘
13:03:53,10.33,-0.02,97,100125,中性盘
13:03:56,10.33,0.0,100,103300,买盘
13:03:59,10.34,0.01,141,145661,买盘
13:04:02,10.34,0.0,20,20680,卖盘
13:04:05,10.31,-0.03,43,44472,卖盘
13:04:08,10.36,0.05,349,361209,买盘
13:04:11,10.34,-0.02,24,24770,卖盘
13:04:14,10.32,-0.02,51,52632,卖盘
13:04:17,10.32,0.0,113,116509,买盘
13:04:20,10.3,-0.02,400,412167,卖盘
13:04:23,10.3,0.0,570,586989,卖盘
13:04:29,10.24,-0.06,55,56440,卖盘
13:04:35,10.27,0.03,432,442660,买盘
13:04:38,10.27,0.0,7,7189,买盘
13:04:44,10.28,0.01,76,78128,买盘
13:04:47,10.28,0.0,4,4112,卖盘
13:04:50,10.28,0.0,90,92520,卖盘
13:04:53,10.27,-0.01,60,61707,卖盘
13:04:59,10.26,-0.01,158,162163,卖盘
13:05:02,10.24,-0.02,64,65685,卖盘
13:05:08,10.25,0.01,50,51250,买盘
13:05:11,10.26,0.01,2,2052,卖盘
13:05:20,10.27,0.01,140,143758,买盘
13:05:23,10.27,0.0,101,103727,卖盘
13:05:26,10.28,0.01,131,134633,买盘
13:05:29,10.28,0.0,185,190032,买盘
13:05:35,10.28,0.0,21,21588,卖盘
13:05:38,10.26,-0.02,61,62594,卖盘
13:05:45,10.26,0.0,188,192798,中性盘
13:05:47,10.27,0.01,92,94427,买盘
13:05:50,10.26,-0.01,50,51300,中性盘
13:05:53,10.25,-0.01,23,23575,卖盘
13:05:56,10.24,-0.01,338,346642,卖盘
13:05:59,10.21,-0.03,21,21490,卖盘
13:06:02,10.22,0.01,16,16348,中性盘
13:06:05,10.22,0.0,12,12260,卖盘
13:06:08,10.22,0.0,13,13292,卖盘
13:06:11,10.19,-0.03,55,56067,卖盘
13:06:14,10.18,-0.01,154,157413,卖盘
13:06:18,10.16,-0.02,29,29514,卖盘
13:06:20,10.15,-0.01,27,27422,卖盘
13:06:23,10.12,-0.03,63,63770,卖盘
13:06:26,10.13,0.01,128,130108,中性盘
13:06:29,10.14,0.01,14,14189,中性盘
13:06:32,10.15,0.01,21,21308,中性盘
13:06:35,10.13,-0.02,56,56728,卖盘
13:06:41,10.15,0.02,87,88305,卖盘
13:06:44,10.14,-0.01,72,73223,卖盘
13:06:47,10.15,0.01,20,20300,中性盘
13:06:50,10.14,-0.01,38,38542,卖盘
13:06:53,10.16,0.02,75,76200,卖盘
13:06:56,10.18,0.02,73,74281,买盘
13:06:59,10.14,-0.04,190,193336,卖盘
13:07:02,10.3,0.16,929,954570,买盘
13:07:05,10.3,0.0,179,184370,卖盘
13:07:08,10.3,0.0,55,56650,卖盘
13:07:11,10.3,0.0,70,72100,卖盘
13:07:14,10.3,0.0,792,815760,卖盘
13:07:17,10.3,0.0,73,75190,卖盘
13:07:20,10.3,0.0,124,127720,卖盘
13:07:23,10.24,-0.06,388,399232,卖盘
13:07:26,10.31,0.07,450,463457,买盘
13:07:29,10.31,0.0,27,27837,卖盘
13:07:32,10.31,0.0,33,34023,卖盘
13:07:35,10.24,-0.07,200,206024,卖盘
13:07:38,10.25,0.01,15,15375,卖盘
13:07:41,10.29,0.04,363,373494,买盘
13:07:44,10.29,0.0,80,82320,买盘
13:07:47,10.28,-0.01,34,34973,卖盘
13:07:59,10.29,0.01,121,124503,买盘
13:08:02,10.29,0.0,38,39102,买盘
13:08:05,10.29,0.0,29,29841,卖盘
13:08:08,10.29,0.0,54,55622,卖盘
13:08:11,10.28,-0.01,256,263407,卖盘
13:08:14,10.28,0.0,20,20483,买盘
13:08:17,10.23,-0.05,5,5115,卖盘
13:08:20,10.22,-0.01,6,6132,卖盘
13:08:23,10.19,-0.03,113,115289,卖盘
13:08:26,10.16,-0.03,18,18297,卖盘
13:08:29,10.15,-0.01,187,189599,卖盘
13:08:32,10.15,0.0,214,217117,买盘
13:08:35,10.12,-0.03,42,42555,卖盘
13:08:38,10.16,0.04,42,42638,买盘
13:08:41,10.13,-0.03,309,313926,中性盘
13:08:44,10.15,0.02,17,17247,中性盘
13:08:47,10.15,0.0,1,1015,买盘
13:08:50,10.13,-0.02,56,56820,卖盘
13:08:53,10.15,0.02,218,221270,买盘
13:08:56,10.16,0.01,10,10160,买盘
13:08:59,10.2,0.04,408,416100,买盘
13:09:02,10.19,-0.01,28,28532,买盘
13:09:05,10.19,0.0,103,104957,买盘
13:09:08,10.19,0.0,27,27513,买盘
13:09:11,10.23,0.04,468,477672,买盘
13:09:14,10.23,0.0,6,6138,卖盘
13:09:23,10.25,0.02,23,23555,买盘
13:09:26,10.23,-0.02,8,8184,中性盘
13:09:29,10.22,-0.01,8,8176,卖盘
13:09:32,10.25,0.03,3,3075,买盘
13:09:54,10.21,-0.04,20,20432,卖盘
13:09:56,10.21,0.0,34,34714,卖盘
13:10:02,10.22,0.01,176,179872,买盘
13:10:05,10.23,0.01,4,4092,买盘
13:10:08,10.23,0.0,14,14322,买盘
13:10:12,10.23,0.0,6,6138,买盘
13:10:17,10.23,0.0,8,8184,买盘
13:10:23,10.23,0.0,2,2046,卖盘
13:10:29,10.23,0.0,1,1023,卖盘
13:10:32,10.24,0.01,50,51164,买盘
13:10:35,10.24,0.0,10,10240,卖盘
13:10:38,10.26,0.02,100,102600,买盘
13:10:56,10.26,0.0,101,103558,买盘
13:10:59,10.26,0.0,30,30780,卖盘
13:11:02,10.28,0.02,100,102693,买盘
13:11:11,10.25,-0.03,8,8200,卖盘
13:11:14,10.25,0.0,71,72707,中性盘
13:11:20,10.26,0.01,102,104652,买盘
13:11:26,10.26,0.0,111,113871,买盘
13:11:30,10.26,0.0,24,24624,买盘
13:11:32,10.26,0.0,1,1026,中性盘
13:11:35,10.26,0.0,1,1026,卖盘
13:11:38,10.27,0.01,72,73944,买盘
13:11:41,10.27,0.0,2,2054,卖盘
13:11:50,10.28,0.01,113,116164,买盘
13:11:53,10.3,0.02,12,12360,买盘
13:11:59,10.3,0.0,9,9270,买盘
13:12:08,10.27,-0.03,97,99649,卖盘
13:12:17,10.29,0.02,10,10290,买盘
13:12:26,10.3,0.01,52,53560,买盘
13:12:38,10.28,-0.02,184,189222,卖盘
13:12:41,10.26,-0.02,107,109867,卖盘
13:12:44,10.25,-0.01,28,28712,卖盘
13:12:47,10.23,-0.02,36,36970,卖盘
13:12:50,10.26,0.03,7,7182,卖盘
13:12:53,10.27,0.01,8,8216,买盘
13:12:59,10.26,-0.01,2,2052,卖盘
13:13:23,10.27,0.01,27,27710,买盘
13:13:26,10.27,0.0,19,19513,卖盘
13:13:29,10.28,0.01,50,51344,买盘
13:13:47,10.28,0.0,52,53456,买盘
13:13:56,10.28,0.0,5,5140,买盘
13:14:02,10.25,-0.03,3,3075,卖盘
13:14:05,10.3,0.05,100,102896,买盘
13:14:08,10.28,-0.02,1,1028,买盘
13:14:11,10.25,-0.03,5,5125,卖盘
13:14:26,10.25,0.0,15,15375,卖盘
13:14:32,10.24,-0.01,9,9224,卖盘
13:14:35,10.26,0.02,9,9226,买盘
13:14:38,10.24,-0.02,34,34856,卖盘
13:14:44,10.28,0.04,27,27743,买盘
13:14:56,10.28,0.0,23,23644,卖盘
13:15:08,10.28,0.0,200,205600,买盘
13:15:11,10.26,-0.02,13,13327,中性盘
13:15:15,10.25,-0.01,174,178455,卖盘
13:15:20,10.26,0.01,5,5130,买盘
13:15:23,10.26,0.0,51,52326,买盘
13:15:35,10.25,-0.01,10,10250,卖盘
13:15:38,10.24,-0.01,8,8192,卖盘
13:15:41,10.23,-0.01,230,235519,卖盘
13:15:44,10.24,0.01,92,94145,中性盘
13:15:47,10.22,-0.02,11,11246,卖盘
13:15:50,10.22,0.0,80,81760,卖盘
13:15:56,10.22,0.0,16,16352,卖盘
13:15:59,10.22,0.0,2,2044,卖盘
13:16:05,10.23,0.01,17,17385,买盘
13:16:08,10.23,0.0,4,4092,买盘
13:16:11,10.23,0.0,14,14322,买盘
13:16:14,10.22,-0.01,64,65471,卖盘
13:16:32,10.24,0.02,26,26624,卖盘
13:17:05,10.23,-0.01,12,12276,买盘
13:17:08,10.23,0.0,13,13299,卖盘
13:17:11,10.23,0.0,83,85016,买盘
13:17:20,10.22,-0.01,27,27601,卖盘
13:17:32,10.21,-0.01,53,54164,卖盘
13:17:35,10.22,0.01,118,120485,买盘
13:17:38,10.21,-0.01,4,4084,中性盘
13:17:44,10.2,-0.01,8,8160,卖盘
13:17:47,10.2,0.0,87,88796,卖盘
13:17:50,10.19,-0.01,14,14279,卖盘
13:17:53,10.2,0.01,22,22440,买盘
13:17:59,10.19,-0.01,1,1019,卖盘
13:18:05,10.2,0.01,58,59112,买盘
13:18:08,10.18,-0.02,1,1018,卖盘
13:18:14,10.18,0.0,2,2037,卖盘
13:18:17,10.13,-0.05,56,56772,卖盘
13:18:26,10.18,0.05,20,20342,买盘
13:18:29,10.18,0.0,24,24383,买盘
13:18:38,10.19,0.01,8,8150,买盘
13:18:44,10.2,0.01,3,3060,买盘
13:18:47,10.2,0.0,3,3060,买盘
13:18:50,10.2,0.0,6,6120,买盘
13:18:53,10.2,0.0,15,15300,卖盘
13:18:56,10.2,0.0,2,2040,卖盘
13:18:59,10.2,0.0,9,9180,卖盘
13:19:02,10.2,0.0,2,2040,卖盘
13:19:17,10.19,-0.01,53,54007,卖盘
13:19:32,10.18,-0.01,2,2036,卖盘
13:19:53,10.17,-0.01,12,12205,卖盘
13:20:20,10.17,0.0,2,2034,卖盘
13:20:26,10.17,0.0,36,36612,卖盘
13:20:29,10.16,-0.01,1,1016,卖盘
13:20:35,10.16,0.0,36,36576,卖盘
13:20:50,10.16,0.0,43,43688,卖盘
13:20:53,10.15,-0.01,8,8127,卖盘
13:20:56,10.15,0.0,42,42630,卖盘
13:20:59,10.15,0.0,4,4060,卖盘
13:21:02,10.15,0.0,65,66035,卖盘
13:21:08,10.15,0.0,10,10150,卖盘
13:21:17,10.15,0.0,2,2030,卖盘
13:21:23,10.15,0.0,2,2030,卖盘
13:21:26,10.15,0.0,1,1015,卖盘
13:21:32,10.15,0.0,10,10150,卖盘
13:21:35,10.15,0.0,14,14210,卖盘
13:21:59,10.15,0.0,1,1015,买盘
13:22:02,10.15,0.0,1,1015,卖盘
13:22:05,10.15,0.0,6,6090,卖盘
13:22:11,10.15,0.0,37,37555,卖盘
13:22:14,10.14,-0.01,19,19266,卖盘
13:22:17,10.14,0.0,2,2028,卖盘
13:22:23,10.13,-0.01,14,14191,卖盘
13:23:05,10.14,0.01,8,8112,买盘
13:23:11,10.13,-0.01,36,36468,卖盘
13:23:17,10.14,0.01,3,3042,中性盘
13:23:20,10.16,0.02,97,98374,买盘
13:23:23,10.13,-0.03,66,66858,卖盘
13:23:26,10.15,0.02,1,1015,买盘
13:23:29,10.15,0.0,1,1015,卖盘
13:23:47,10.14,-0.01,29,29406,卖盘
13:23:56,10.15,0.01,39,39585,买盘
13:23:59,10.15,0.0,4,4060,卖盘
13:24:05,10.13,-0.02,85,86145,卖盘
13:24:14,10.13,0.0,2,2026,卖盘
13:24:17,10.17,0.04,289,293864,买盘
13:24:20,10.18,0.01,28,28501,买盘
13:24:29,10.2,0.02,2,2040,买盘
13:24:32,10.18,-0.02,15,15270,卖盘
13:24:35,10.2,0.02,6,6121,买盘
13:24:38,10.2,0.0,26,26520,卖盘
13:24:56,10.19,-0.01,5,5095,买盘
13:24:59,10.18,-0.01,10,10180,卖盘
13:25:02,10.17,-0.01,5,5085,卖盘
13:25:26,10.17,0.0,1,1017,卖盘
13:25:29,10.17,0.0,1,1017,卖盘
13:25:35,10.17,0.0,15,15255,卖盘
13:25:38,10.17,0.0,1,1017,卖盘
13:25:44,10.17,0.0,1,1017,卖盘
13:26:02,10.17,0.0,5,5085,卖盘
13:26:14,10.16,-0.01,30,30480,买盘
13:26:17,10.17,0.01,6,6102,买盘
13:26:47,10.16,-0.01,9,9144,卖盘
13:26:53,10.18,0.02,117,118905,买盘
13:27:02,10.18,0.0,2,2036,买盘
13:27:05,10.18,0.0,3,3054,卖盘
13:27:11,10.18,0.0,17,17306,卖盘
13:27:14,10.18,0.0,3,3054,卖盘
13:27:17,10.18,0.0,11,11198,卖盘
13:27:20,10.18,0.0,6,6108,买盘
13:27:26,10.19,0.01,64,65120,买盘
13:27:35,10.2,0.01,3,3060,买盘
13:27:41,10.2,0.0,37,37740,卖盘
13:27:53,10.19,-0.01,11,11209,卖盘
13:27:59,10.19,0.0,13,13246,买盘
13:28:02,10.2,0.01,51,51969,买盘
13:28:08,10.2,0.0,2,2040,中性盘
13:28:17,10.19,-0.01,61,62188,卖盘
13:28:32,10.18,-0.01,179,182300,卖盘
13:28:59,10.18,0.0,24,24432,卖盘
13:29:14,10.18,0.0,53,54004,卖盘
13:29:20,10.19,0.01,32,32608,卖盘
13:29:24,10.19,0.0,38,38754,卖盘
13:29:26,10.19,0.0,40,40760,卖盘
13:29:29,10.19,0.0,51,51969,卖盘
13:29:32,10.18,-0.01,61,62147,卖盘
13:29:35,10.19,0.01,78,79482,中性盘
13:29:38,10.19,0.0,22,22418,卖盘
13:29:44,10.2,0.01,90,91759,买盘
13:29:48,10.2,0.0,2,2040,卖盘
13:29:50,10.21,0.01,61,62235,买盘
13:29:53,10.21,0.0,9,9189,卖盘
13:30:08,10.18,-0.03,21,21391,卖盘
13:30:14,10.18,0.0,2,2036,卖盘
13:30:20,10.18,0.0,6,6108,卖盘
13:30:26,10.19,0.01,55,56045,买盘
13:30:29,10.19,0.0,21,21399,卖盘
13:30:35,10.18,-0.01,63,64186,卖盘
13:30:38,10.18,0.0,21,21378,卖盘
13:30:41,10.18,0.0,13,13234,卖盘
13:30:50,10.17,-0.01,1,1017,卖盘
13:30:59,10.17,0.0,2,2034,卖盘
13:31:02,10.17,0.0,20,20340,卖盘
13:31:08,10.17,0.0,60,60972,买盘
13:31:17,10.15,-0.02,8,8120,卖盘
13:31:20,10.15,0.0,50,50750,卖盘
13:31:35,10.15,0.0,10,10150,卖盘
13:31:38,10.15,0.0,2,2030,卖盘
13:31:41,10.15,0.0,11,11165,卖盘
13:31:44,10.15,0.0,1,1015,卖盘
13:31:56,10.14,-0.01,13,13182,卖盘
13:31:59,10.14,0.0,28,28392,卖盘
13:32:02,10.13,-0.01,42,42555,卖盘
13:32:08,10.12,-0.01,2,2024,卖盘
13:32:17,10.11,-0.01,1,1011,卖盘
13:32:20,10.11,0.0,16,16176,卖盘
13:32:30,10.1,-0.01,7,7070,卖盘
13:32:32,10.1,0.0,1,1010,卖盘
13:32:35,10.1,0.0,45,45450,卖盘
13:32:38,10.1,0.0,1,1010,卖盘
13:32:50,10.11,0.01,50,50550,买盘
13:32:59,10.11,0.0,41,41451,买盘
13:33:05,10.12,0.01,12,12144,买盘
13:33:08,10.12,0.0,1,1012,卖盘
13:33:29,10.12,0.0,7,7084,卖盘
13:33:32,10.12,0.0,39,39468,卖盘
13:33:41,10.13,0.01,2,2026,买盘
13:33:56,10.14,0.01,58,58804,买盘
13:33:59,10.14,0.0,42,42588,卖盘
13:34:09,10.15,0.01,50,50736,买盘
13:34:20,10.16,0.01,100,101537,买盘
13:34:23,10.13,-0.03,2,2026,卖盘
13:34:32,10.17,0.04,50,50840,买盘
13:34:35,10.17,0.0,1,1017,卖盘
13:34:38,10.18,0.01,31,31558,买盘
13:34:47,10.18,0.0,1,1018,卖盘
13:34:50,10.2,0.02,103,104995,买盘
13:34:53,10.2,0.0,6,6120,卖盘
13:34:56,10.2,0.0,99,100980,卖盘
13:35:03,10.2,0.0,110,112190,买盘
13:35:26,10.2,0.0,100,101995,买盘
13:35:32,10.18,-0.02,50,50900,卖盘
13:35:35,10.18,0.0,3,3054,卖盘
13:35:38,10.18,0.0,25,25450,卖盘
13:35:41,10.2,0.02,165,168295,买盘
13:35:44,10.2,0.0,11,11220,卖盘
13:35:56,10.21,0.01,2,2042,买盘
13:35:59,10.2,-0.01,1,1020,卖盘
13:36:14,10.2,0.0,23,23460,卖盘
13:36:20,10.25,0.05,175,179291,买盘
13:36:23,10.25,0.0,25,25625,卖盘
13:36:44,10.21,-0.04,30,30630,卖盘
13:36:47,10.24,0.03,50,51190,买盘
13:36:50,10.24,0.0,7,7168,卖盘
13:36:53,10.24,0.0,47,48128,卖盘
13:37:09,10.27,0.03,200,205287,买盘
13:37:20,10.27,0.0,20,20534,买盘
13:37:23,10.3,0.03,500,514658,买盘
13:37:26,10.2,-0.1,50,51097,卖盘
13:37:54,10.28,0.08,150,154064,买盘
13:37:57,10.23,-0.05,3,3069,卖盘
13:38:26,10.21,-0.02,2,2042,卖盘
13:38:29,10.22,0.01,11,11242,买盘
13:38:38,10.27,0.05,200,205134,买盘
13:38:42,10.21,-0.06,10,10210,卖盘
13:38:50,10.2,-0.01,21,21431,卖盘
13:38:53,10.2,0.0,15,15300,卖盘
13:39:11,10.25,0.05,200,204950,买盘
13:39:20,10.23,-0.02,9,9206,买盘
13:39:26,10.24,0.01,1,1024,卖盘
13:39:38,10.2,-0.04,50,51016,卖盘
13:39:44,10.2,0.0,12,12240,卖盘
13:39:53,10.22,0.02,5,5110,买盘
13:39:56,10.2,-0.02,10,10200,卖盘
13:40:08,10.19,-0.01,1,1019,卖盘
13:40:11,10.2,0.01,254,259080,买盘
13:40:14,10.19,-0.01,31,31616,卖盘
13:40:17,10.19,0.0,8,8152,卖盘
13:40:20,10.19,0.0,6,6114,卖盘
13:40:26,10.19,0.0,12,12228,卖盘
13:40:29,10.19,0.0,12,12231,卖盘
13:40:32,10.19,0.0,2,2038,卖盘
13:40:35,10.18,-0.01,4,4072,卖盘
13:40:53,10.18,0.0,1,1018,卖盘
13:41:02,10.18,0.0,40,40740,卖盘
13:41:05,10.17,-0.01,51,51868,卖盘
13:41:08,10.17,0.0,1,1017,卖盘
13:41:11,10.17,0.0,8,8136,卖盘
13:41:32,10.15,-0.02,15,15230,卖盘
13:41:53,10.15,0.0,5,5075,买盘
13:42:02,10.15,0.0,2,2030,买盘
13:42:11,10.15,0.0,2,2030,买盘
13:42:17,10.15,0.0,137,139055,买盘
13:42:21,10.14,-0.01,1,1014,卖盘
13:42:23,10.15,0.01,62,62930,买盘
13:42:26,10.15,0.0,11,11165,卖盘
13:42:29,10.15,0.0,11,11165,买盘
13:42:32,10.14,-0.01,33,33462,卖盘
13:42:35,10.14,0.0,1,1014,卖盘
13:42:38,10.14,0.0,14,14196,卖盘
13:42:41,10.14,0.0,11,11154,卖盘
13:42:47,10.14,0.0,19,19256,买盘
13:42:53,10.15,0.01,2,2030,买盘
13:42:56,10.14,-0.01,6,6084,卖盘
13:42:59,10.14,0.0,67,67938,卖盘
13:43:02,10.14,0.0,3,3042,卖盘
13:43:08,10.14,0.0,2,2028,卖盘
13:43:11,10.14,0.0,47,47658,卖盘
13:43:14,10.13,-0.01,101,102413,卖盘
13:43:20,10.12,-0.01,1,1012,卖盘
13:43:26,10.12,0.0,1,1012,卖盘
13:43:32,10.12,0.0,35,35420,卖盘
13:43:35,10.12,0.0,1,1012,卖盘
13:43:38,10.12,0.0,27,27324,卖盘
13:43:44,10.12,0.0,14,14168,卖盘
13:43:50,10.12,0.0,11,11132,卖盘
13:43:56,10.12,0.0,1,1012,卖盘
13:44:17,10.12,0.0,1,1012,卖盘
13:44:23,10.12,0.0,3,3036,卖盘
13:44:26,10.12,0.0,42,42503,买盘
13:44:29,10.12,0.0,2,2024,卖盘
13:44:35,10.11,-0.01,53,53628,卖盘
13:44:38,10.12,0.01,1,1012,卖盘
13:44:41,10.12,0.0,1,1012,卖盘
13:44:44,10.11,-0.01,120,121361,卖盘
13:44:47,10.12,0.01,10,10120,中性盘
13:44:50,10.12,0.0,1,1012,买盘
13:45:06,10.11,-0.01,17,17187,卖盘
13:45:08,10.12,0.01,27,27324,买盘
13:45:17,10.11,-0.01,7,7077,卖盘
13:45:23,10.11,0.0,1,1011,买盘
13:45:32,10.1,-0.01,1,1010,卖盘
13:45:35,10.1,0.0,7,7070,卖盘
13:45:38,10.09,-0.01,275,277744,卖盘
13:45:41,10.09,0.0,33,33297,卖盘
13:45:44,10.09,0.0,12,12108,卖盘
13:45:47,10.09,0.0,9,9081,卖盘
13:45:50,10.1,0.01,390,393849,买盘
13:45:53,10.1,0.0,17,17170,卖盘
13:45:56,10.09,-0.01,27,27248,卖盘
13:46:02,10.09,0.0,25,25225,卖盘
13:46:05,10.08,-0.01,65,65564,卖盘
13:46:14,10.09,0.01,35,35282,买盘
13:46:17,10.08,-0.01,91,91728,卖盘
13:46:20,10.06,-0.02,42,42272,卖盘
13:46:26,10.06,0.0,13,13078,卖盘
13:46:29,10.05,-0.01,90,90529,卖盘
13:46:38,10.05,0.0,46,46230,卖盘
13:46:41,10.05,0.0,32,32160,卖盘
13:46:44,10.05,0.0,24,24120,卖盘
13:46:47,10.06,0.01,32,32171,买盘
13:46:53,10.06,0.0,16,16083,买盘
13:46:56,10.05,-0.01,1,1005,卖盘
13:47:41,10.05,0.0,24,24120,卖盘
13:47:44,10.02,-0.03,31,31132,卖盘
13:47:47,10.05,0.03,1,1005,买盘
13:47:50,10.02,-0.03,21,21042,卖盘
13:47:59,10.02,0.0,12,12025,卖盘
13:48:05,10.03,0.01,63,63262,中性盘
13:48:08,10.03,0.0,22,22053,买盘
13:48:11,10.03,0.0,32,32096,卖盘
13:48:14,10.03,0.0,50,50150,卖盘
13:48:17,10.03,0.0,56,56168,买盘
13:48:23,10.02,-0.01,19,19052,卖盘
13:48:29,10.02,0.0,30,30060,中性盘
13:48:32,10.01,-0.01,32,32032,卖盘
13:48:35,10.01,0.0,10,10010,卖盘
13:48:38,10.01,0.0,12,12012,买盘
13:48:41,10.01,0.0,31,31031,买盘
13:48:44,10.01,0.0,62,62016,买盘
13:49:06,10.01,0.0,9,9009,卖盘
13:49:17,10.04,0.03,43,43172,买盘
13:49:32,10.1,0.06,107,107942,买盘
13:49:35,10.1,0.0,21,21221,卖盘
13:49:41,10.19,0.09,332,337536,买盘
13:49:56,10.2,0.01,343,349908,买盘
13:50:02,10.2,0.0,57,58069,卖盘
13:50:08,10.3,0.1,302,310488,买盘
13:50:15,10.22,-0.08,1,1022,中性盘
13:50:20,10.27,0.05,300,307702,买盘
13:50:26,10.25,-0.02,8,8190,买盘
13:50:29,10.2,-0.05,127,129540,卖盘
13:50:32,10.2,0.0,73,74460,卖盘
13:50:36,10.19,-0.01,19,19361,买盘
13:50:38,10.23,0.04,303,309800,买盘
13:50:44,10.25,0.02,120,122793,买盘
13:50:50,10.27,0.02,200,205084,买盘
13:50:56,10.21,-0.06,2,2042,卖盘
13:50:59,10.31,0.1,300,308095,买盘
13:51:02,10.18,-0.13,4,4075,卖盘
13:51:08,10.25,0.07,2,2050,买盘
13:51:20,10.3,0.05,630,645777,买盘
13:51:29,10.22,-0.08,10,10220,买盘
13:51:35,10.35,0.13,306,315272,买盘
13:51:41,10.37,0.02,450,466228,买盘
13:51:44,10.22,-0.15,314,326081,卖盘
13:51:50,10.3,0.08,6,6180,中性盘
13:51:53,10.4,0.1,434,450950,买盘
13:51:59,10.29,-0.11,432,447897,中性盘
13:52:09,10.29,0.0,10,10283,买盘
13:52:12,10.45,0.16,200,207552,买盘
13:52:14,10.4,-0.05,51,53040,卖盘
13:52:20,10.29,-0.11,2,2058,卖盘
13:52:23,10.28,-0.01,14,14400,卖盘
13:52:26,10.39,0.11,442,455797,买盘
13:52:32,10.3,-0.09,60,61722,买盘
13:52:35,10.3,0.0,2,2060,买盘
13:52:42,10.23,-0.07,43,44027,卖盘
13:52:47,10.29,0.06,32,32904,买盘
13:52:50,10.23,-0.06,29,29667,卖盘
13:52:53,10.23,0.0,25,25579,卖盘
13:52:56,10.3,0.07,31,31811,买盘
13:53:02,10.28,-0.02,1,1028,中性盘
13:53:06,10.23,-0.05,2,2046,卖盘
13:53:14,10.23,0.0,13,13299,卖盘
13:53:23,10.23,0.0,10,10230,卖盘
13:53:29,10.23,0.0,15,15345,卖盘
13:53:35,10.23,0.0,33,33727,买盘
13:53:38,10.22,-0.01,12,12264,卖盘
13:53:44,10.22,0.0,14,14308,卖盘
13:53:47,10.22,0.0,5,5110,买盘
13:53:50,10.21,-0.01,14,14294,卖盘
13:53:53,10.2,-0.01,48,48960,卖盘
13:54:11,10.15,-0.05,12,12182,卖盘
13:54:20,10.15,0.0,67,68005,卖盘
13:54:23,10.13,-0.02,217,220253,卖盘
13:54:26,10.13,0.0,9,9117,卖盘
13:54:44,10.14,0.01,15,15210,买盘
13:54:47,10.13,-0.01,1,1013,卖盘
13:54:53,10.13,0.0,26,26338,卖盘
13:54:59,10.13,0.0,1,1013,卖盘
13:55:11,10.13,0.0,3,3039,卖盘
13:55:14,10.13,0.0,29,29377,卖盘
13:55:17,10.13,0.0,14,14182,卖盘
13:55:21,10.1,-0.03,55,55660,卖盘
13:55:29,10.08,-0.02,81,81781,卖盘
13:55:38,10.08,0.0,16,16092,买盘
13:55:41,10.05,-0.03,88,88440,卖盘
13:55:44,10.04,-0.01,32,32128,卖盘
13:55:47,10.05,0.01,25,25125,买盘
13:55:50,10.05,0.0,36,36180,卖盘
13:56:02,10.05,0.0,21,21105,卖盘
13:56:23,10.05,0.0,20,20100,卖盘
13:56:29,10.08,0.03,40,40290,买盘
13:56:32,10.08,0.0,14,14112,卖盘
13:56:36,10.08,0.0,13,13104,买盘
13:56:38,10.05,-0.03,34,34170,卖盘
13:56:41,10.07,0.02,59,59284,中性盘
13:56:44,10.04,-0.03,32,32128,卖盘
13:56:53,10.06,0.02,75,75270,买盘
13:57:00,10.02,-0.04,18,18036,卖盘
13:57:02,10.05,0.03,4,4020,买盘
13:57:05,10.05,0.0,32,32160,卖盘
13:57:11,10.05,0.0,13,13065,卖盘
13:57:14,10.06,0.01,5,5030,卖盘
13:57:17,10.04,-0.02,32,32130,卖盘
13:57:20,10.04,0.0,19,19088,卖盘
13:57:26,10.05,0.01,23,23115,卖盘
13:57:29,10.06,0.01,25,25147,买盘
13:57:36,10.06,0.0,25,25150,卖盘
13:57:38,10.06,0.0,9,9054,卖盘
13:57:41,10.06,0.0,8,8045,中性盘
13:57:48,10.07,0.01,14,14098,买盘
13:57:56,10.07,0.0,1,1007,买盘
13:57:59,10.06,-0.01,33,33199,卖盘
13:58:05,10.03,-0.03,254,255295,卖盘
13:58:08,10.03,0.0,38,38164,卖盘
13:58:17,10.06,0.03,50,50266,买盘
13:58:20,10.03,-0.03,137,137411,卖盘
13:58:23,10.02,-0.01,32,32064,卖盘
13:58:26,10.02,0.0,15,15033,卖盘
13:58:29,10.02,0.0,70,70140,卖盘
13:58:32,10.04,0.02,76,76228,买盘
13:58:38,10.04,0.0,21,21084,卖盘
13:58:41,10.04,0.0,11,11044,卖盘
13:58:44,10.03,-0.01,90,90367,卖盘
13:58:47,10.04,0.01,1,1004,买盘
13:58:50,10.03,-0.01,13,13039,卖盘
13:58:53,10.04,0.01,1,1004,买盘
13:58:56,10.03,-0.01,7,7021,卖盘
13:59:00,10.03,0.0,13,13039,卖盘
13:59:02,10.05,0.02,24,24092,买盘
13:59:11,10.02,-0.03,64,64164,卖盘
13:59:35,10.03,0.01,40,40120,卖盘
13:59:39,10.05,0.02,60,60300,买盘
13:59:47,10.05,0.0,1,1005,买盘
13:59:50,10.04,-0.01,13,13054,卖盘
13:59:53,10.04,0.0,33,33132,卖盘
13:59:56,10.05,0.01,33,33129,买盘
13:59:59,10.05,0.0,3,3015,卖盘
14:00:03,10.03,-0.02,32,32096,卖盘
14:00:05,10.03,0.0,46,46148,卖盘
14:00:08,10.03,0.0,12,12036,卖盘
14:00:14,10.03,0.0,47,47141,卖盘
14:00:17,10.02,-0.01,32,32064,卖盘
14:00:20,10.03,0.01,1,1003,买盘
14:00:30,10.03,0.0,6,6018,卖盘
14:00:32,10.02,-0.01,14,14028,卖盘
14:00:35,10.03,0.01,84,84218,买盘
14:00:42,10.02,-0.01,186,186372,卖盘
14:00:44,10.02,0.0,52,52101,卖盘
14:00:47,10.01,-0.01,89,89089,卖盘
14:00:50,10.01,0.0,21,21021,卖盘
14:00:53,10.01,0.0,2,2002,卖盘
14:00:56,10.01,0.0,7,7007,卖盘
14:00:59,10.0,-0.01,2,2000,卖盘
14:01:05,10.0,0.0,56,56011,卖盘
14:01:08,10.01,0.01,25,25025,买盘
14:01:11,10.0,-0.01,7,7000,卖盘
14:01:14,10.0,0.0,169,169000,卖盘
14:01:18,10.0,0.0,51,51000,卖盘
14:01:20,10.0,0.0,31,31000,卖盘
14:01:23,10.0,0.0,81,81000,卖盘
14:01:26,10.0,0.0,140,140010,卖盘
14:01:35,10.0,0.0,79,79190,卖盘
14:01:38,10.0,0.0,12,11810,卖盘
14:01:41,9.99,-0.01,21,20971,买盘
14:01:44,9.98,-0.01,3,2994,卖盘
14:01:56,9.98,0.0,59,58882,卖盘
14:01:59,9.99,0.01,2,1998,买盘
14:02:05,9.98,-0.01,11,10978,卖盘
14:02:11,9.98,0.0,4,3992,卖盘
14:02:20,9.99,0.01,3,2996,买盘
14:02:29,10.0,0.01,19,18999,买盘
14:02:35,10.0,0.0,18,18190,买盘
14:02:38,10.0,0.0,11,11001,卖盘
14:02:41,10.0,0.0,4,4000,卖盘
14:02:50,10.01,0.01,24,24024,买盘
14:02:53,10.0,-0.01,6,6000,卖盘
14:03:02,10.0,0.0,18,18012,卖盘
14:03:05,10.0,0.0,5,5000,卖盘
14:03:08,10.0,0.0,8,8006,卖盘
14:03:11,10.0,0.0,9,9000,卖盘
14:03:15,10.0,0.0,89,89088,卖盘
14:03:17,10.01,0.01,4,4004,卖盘
14:03:20,10.02,0.01,4,4008,买盘
14:03:23,10.01,-0.01,4,4008,卖盘
14:03:26,10.03,0.02,3,3009,买盘
14:03:32,10.04,0.01,1,1004,买盘
14:03:38,10.03,-0.01,50,50224,卖盘
14:03:51,10.05,0.02,3,3015,买盘
14:03:53,10.03,-0.02,1,1003,卖盘
14:04:02,10.05,0.02,53,53265,买盘
14:04:14,10.03,-0.02,26,26078,卖盘
14:04:17,10.05,0.02,2,2010,中性盘
14:04:21,10.03,-0.02,32,32106,卖盘
14:04:23,10.03,0.0,37,37111,卖盘
14:04:26,10.02,-0.01,165,165403,卖盘
14:04:29,10.02,0.0,19,19038,卖盘
14:04:32,10.02,0.0,23,23048,卖盘
14:04:35,10.02,0.0,10,10019,买盘
14:04:39,10.01,-0.01,13,13021,卖盘
14:04:41,10.03,0.02,100,100234,买盘
14:04:44,10.03,0.0,1,1003,卖盘
14:04:47,10.01,-0.02,36,36084,卖盘
14:04:50,10.04,0.03,40,40096,买盘
14:04:56,10.04,0.0,74,74233,买盘
14:04:59,10.01,-0.03,14,14014,卖盘
14:05:02,10.02,0.01,57,57080,买盘
14:05:05,10.02,0.0,2,2004,买盘
14:05:08,10.0,-0.02,1,1000,卖盘
14:05:11,10.0,0.0,47,47000,卖盘
14:05:14,10.0,0.0,36,36000,卖盘
14:05:20,10.0,0.0,34,34000,卖盘
14:05:26,10.0,0.0,13,13000,卖盘
14:05:29,10.0,0.0,211,210765,卖盘
14:05:32,10.0,0.0,29,29190,买盘
14:05:38,10.0,0.0,3,3001,卖盘
14:05:41,10.02,0.02,49,48976,买盘
14:05:44,10.0,-0.02,3,3000,中性盘
14:05:47,10.02,0.02,14,14018,买盘
14:05:50,10.0,-0.02,60,60016,卖盘
14:05:53,9.98,-0.02,73,72906,卖盘
14:05:59,9.98,0.0,32,31978,卖盘
14:06:02,9.98,0.0,97,96806,卖盘
14:06:08,9.98,0.0,150,149700,卖盘
14:06:11,9.98,0.0,37,36926,卖盘
14:06:14,10.0,0.02,212,211531,买盘
14:06:17,9.98,-0.02,36,35933,卖盘
14:06:20,9.97,-0.01,43,42871,卖盘
14:06:26,9.97,0.0,18,17946,买盘
14:06:29,9.97,0.0,88,87615,中性盘
14:06:38,9.97,0.0,13,12961,卖盘
14:06:41,9.98,0.01,5,4990,买盘
14:06:50,10.0,0.02,1,1000,买盘
14:06:59,10.01,0.01,6,6006,买盘
14:07:02,10.01,0.0,9,9009,买盘
14:07:08,9.99,-0.02,37,36986,卖盘
14:07:11,10.01,0.02,72,72072,买盘
14:07:14,10.01,0.0,6,6006,卖盘
14:07:17,9.99,-0.02,32,32008,卖盘
14:07:23,10.03,0.04,20,20060,买盘
14:07:26,9.99,-0.04,65,64935,卖盘
14:07:29,10.0,0.01,23,23000,卖盘
14:07:35,10.0,0.0,65,65000,卖盘
14:07:41,9.99,-0.01,32,31980,卖盘
14:07:45,10.02,0.03,3,3006,买盘
14:07:47,9.98,-0.04,12,11980,卖盘
14:08:29,10.01,0.03,1,1001,买盘
14:08:38,10.0,-0.01,36,36012,卖盘
14:08:44,10.0,0.0,86,86000,卖盘
14:08:47,9.99,-0.01,1,999,卖盘
14:08:50,10.01,0.02,45,44987,买盘
14:08:56,10.01,0.0,36,36036,卖盘
14:08:59,9.99,-0.02,65,65031,卖盘
14:09:08,10.0,0.01,65,65000,卖盘
14:09:11,10.0,0.0,65,65000,卖盘
14:09:17,10.02,0.02,16,16032,卖盘
14:09:20,9.99,-0.03,65,64977,卖盘
14:09:29,10.0,0.01,36,36010,卖盘
14:09:38,10.0,0.0,47,47020,卖盘
14:09:41,10.01,0.01,6,6006,中性盘
14:09:44,10.02,0.01,66,66067,买盘
14:09:47,10.0,-0.02,24,24004,卖盘
14:09:53,10.0,0.0,25,25000,卖盘
14:09:56,10.01,0.01,20,20020,买盘
14:09:59,9.99,-0.02,68,67943,卖盘
14:10:08,9.99,0.0,60,59940,卖盘
14:10:11,10.0,0.01,24,24000,卖盘
14:10:14,9.98,-0.02,94,93902,卖盘
14:10:17,9.98,0.0,65,64870,卖盘
14:10:23,10.01,0.03,63,62969,买盘
14:10:26,9.99,-0.02,59,58885,中性盘
14:10:29,9.98,-0.01,69,68900,卖盘
14:10:35,9.98,0.0,24,23952,卖盘
14:10:38,10.0,0.02,14,13998,买盘
14:10:41,10.0,0.0,68,68000,卖盘
14:10:44,10.0,0.0,1,1000,卖盘
14:10:47,9.97,-0.03,84,83898,卖盘
14:10:53,10.0,0.03,2,2000,买盘
14:10:56,9.97,-0.03,239,238286,卖盘
14:10:59,9.96,-0.01,23,22908,卖盘
14:11:02,9.97,0.01,10,9970,买盘
14:11:05,9.97,0.0,61,60796,买盘
14:11:08,9.96,-0.01,92,91632,卖盘
14:11:11,9.95,-0.01,23,22885,卖盘
14:11:14,9.94,-0.01,32,31830,卖盘
14:11:17,9.94,0.0,155,153999,买盘
14:11:20,9.94,0.0,38,37771,买盘
14:11:23,9.94,0.0,75,74398,买盘
14:11:29,9.94,0.0,34,33796,卖盘
14:11:32,9.92,-0.02,65,64597,卖盘
14:11:41,9.95,0.03,75,74625,买盘
14:11:44,9.97,0.02,46,45784,买盘
14:11:47,9.97,0.0,25,24925,买盘
14:11:50,9.97,0.0,7,6979,买盘
14:11:53,9.97,0.0,4,3988,买盘
14:12:05,9.97,0.0,2,1994,卖盘
14:12:08,9.98,0.01,34,33932,卖盘
14:12:12,9.98,0.0,66,65868,卖盘
14:12:17,9.97,-0.01,91,90727,卖盘
14:12:20,9.97,0.0,32,31904,卖盘
14:12:23,9.97,0.0,11,10967,卖盘
14:12:26,9.95,-0.02,117,116527,卖盘
14:12:29,9.95,0.0,18,17910,买盘
14:12:32,9.96,0.01,91,90636,卖盘
14:12:35,9.96,0.0,21,20916,卖盘
14:12:38,9.94,-0.02,102,101357,卖盘
14:12:41,9.94,0.0,30,29820,买盘
14:12:44,9.94,0.0,65,64610,卖盘
14:12:47,9.93,-0.01,38,37746,卖盘
14:12:50,9.94,0.01,15,14920,中性盘
14:12:53,9.91,-0.03,500,495826,卖盘
14:12:56,9.91,0.0,133,131803,买盘
14:12:59,9.91,0.0,6,5946,买盘
14:13:05,9.9,-0.01,337,333638,卖盘
14:13:08,9.91,0.01,4,3968,卖盘
14:13:11,9.93,0.02,1,993,买盘
14:13:17,9.93,0.0,41,40645,买盘
14:13:20,9.9,-0.03,124,122840,卖盘
14:13:26,9.91,0.01,6,5946,卖盘
14:13:29,9.93,0.02,321,317797,中性盘
14:13:32,9.9,-0.03,137,135677,卖盘
14:13:38,9.9,0.0,136,134680,卖盘
14:13:47,9.91,0.01,117,115947,卖盘
14:13:50,9.91,0.0,23,22793,卖盘
14:13:53,9.91,0.0,27,26767,卖盘
14:13:59,9.91,0.0,61,60451,卖盘
14:14:02,9.9,-0.01,60,59434,卖盘
14:14:05,9.91,0.01,100,99044,买盘
14:14:08,9.9,-0.01,24,23760,卖盘
14:14:11,9.91,0.01,37,36631,买盘
14:14:14,9.9,-0.01,11,10890,卖盘
14:14:20,9.9,0.0,13,12870,卖盘
14:14:23,9.9,0.0,46,45540,卖盘
14:14:26,9.91,0.01,63,62387,买盘
14:14:29,9.91,0.0,6,5946,买盘
14:14:41,9.91,0.0,22,21802,卖盘
14:14:50,9.93,0.02,43,42621,买盘
14:15:05,10.01,0.08,500,499378,买盘
14:15:08,9.98,-0.03,464,463072,卖盘
14:15:11,10.04,0.06,4,4013,买盘
14:15:17,10.09,0.05,61,61471,买盘
14:15:20,10.09,0.0,112,113008,卖盘
14:15:23,10.23,0.14,337,343454,买盘
14:15:26,10.24,0.01,314,321052,买盘
14:15:29,10.25,0.01,385,394013,买盘
14:15:32,10.25,0.0,143,145358,卖盘
14:15:35,10.26,0.01,38,38968,买盘
14:15:38,10.25,-0.01,601,616980,卖盘
14:15:41,10.26,0.01,596,611262,买盘
14:15:44,10.3,0.04,478,491517,买盘
14:15:47,10.3,0.0,237,244100,卖盘
14:15:50,10.31,0.01,60,61908,卖盘
14:15:53,10.26,-0.05,590,608453,卖盘
14:15:56,10.24,-0.02,106,108589,卖盘
14:15:59,10.32,0.08,53,54670,买盘
14:16:02,10.32,0.0,383,396150,卖盘
14:16:05,10.35,0.03,609,627229,中性盘
14:16:08,10.38,0.03,238,246203,买盘
14:16:11,10.28,-0.1,39,39956,中性盘
14:16:14,10.39,0.11,640,662179,买盘
14:16:17,10.39,0.0,256,265984,卖盘
14:16:20,10.32,-0.07,85,87720,中性盘
14:16:23,10.39,0.07,335,346325,买盘
14:16:26,10.42,0.03,623,645513,买盘
14:16:29,10.39,-0.03,142,147693,卖盘
14:16:32,10.29,-0.1,371,382509,卖盘
14:16:35,10.43,0.14,172,179227,买盘
14:16:38,10.3,-0.13,176,181445,卖盘
14:16:44,10.42,0.12,532,549956,买盘
14:16:47,10.32,-0.1,1,1032,中性盘
14:16:53,10.32,0.0,1,1032,买盘
14:16:56,10.43,0.11,716,742568,买盘
14:16:59,10.42,-0.01,246,256310,买盘
14:17:05,10.43,0.01,25,26075,买盘
14:17:08,10.4,-0.03,255,265672,卖盘
14:17:11,10.43,0.03,91,94758,买盘
14:17:14,10.4,-0.03,2,2080,中性盘
14:17:17,10.37,-0.03,232,241031,卖盘
14:17:20,10.37,0.0,29,30079,卖盘
14:17:23,10.37,0.0,66,68443,卖盘
14:17:26,10.39,0.02,185,191980,买盘
14:17:29,10.38,-0.01,35,36345,卖盘
14:17:32,10.37,-0.01,122,126579,卖盘
14:17:35,10.37,0.0,141,145960,买盘
14:17:38,10.37,0.0,247,255947,买盘
14:17:41,10.35,-0.02,166,171935,卖盘
14:17:44,10.39,0.04,274,284087,买盘
14:17:47,10.39,0.0,1,1039,卖盘
14:17:50,10.39,0.0,51,52989,卖盘
14:17:53,10.34,-0.05,189,195611,卖盘
14:17:57,10.37,0.03,97,100291,中性盘
14:17:59,10.33,-0.04,165,170449,卖盘
14:18:05,10.36,0.03,217,224490,买盘
14:18:08,10.29,-0.07,101,104051,卖盘
14:18:11,10.29,0.0,282,290232,卖盘
14:18:14,10.38,0.09,531,549767,买盘
14:18:17,10.35,-0.03,70,72042,买盘
14:18:20,10.29,-0.06,320,329280,卖盘
14:18:23,10.29,0.0,198,204069,卖盘
14:18:32,10.27,-0.02,14,14378,买盘
14:18:35,10.16,-0.11,172,175531,卖盘
14:18:38,10.27,0.11,195,200199,买盘
14:18:41,10.16,-0.11,107,108739,卖盘
14:18:44,10.16,0.0,123,125049,卖盘
14:18:47,10.17,0.01,31,31506,卖盘
14:18:50,10.17,0.0,1,1017,卖盘
14:18:56,10.16,-0.01,236,240006,卖盘
14:18:59,10.16,0.0,108,109818,卖盘
14:19:05,10.16,0.0,88,89418,卖盘
14:19:08,10.27,0.11,253,259706,买盘
14:19:11,10.14,-0.13,218,223050,卖盘
14:19:14,10.2,0.06,13,13260,中性盘
14:19:17,10.2,0.0,1,1020,卖盘
14:19:20,10.24,0.04,6,6144,买盘
14:19:26,10.24,0.0,10,10240,买盘
14:19:29,10.2,-0.04,32,32640,卖盘
14:19:38,10.23,0.03,2,2045,买盘
14:19:41,10.2,-0.03,56,57175,卖盘
14:19:44,10.15,-0.05,65,66245,卖盘
14:19:47,10.15,0.0,36,36540,卖盘
14:19:50,10.15,0.0,23,23345,卖盘
14:19:53,10.13,-0.02,52,52732,卖盘
14:19:56,10.14,0.01,4,4056,买盘
14:20:02,10.14,0.0,51,51701,买盘
14:20:05,10.12,-0.02,32,32400,卖盘
14:20:08,10.11,-0.01,121,122376,卖盘
14:20:11,10.14,0.03,55,55770,买盘
14:20:17,10.14,0.0,75,75885,买盘
14:20:20,10.11,-0.03,816,824976,卖盘
14:20:23,10.14,0.03,74,74935,买盘
14:20:32,10.15,0.01,172,174343,买盘
14:20:35,10.11,-0.04,67,67789,卖盘
14:20:38,10.16,0.05,5,5080,中性盘
14:20:41,10.15,-0.01,2,2030,买盘
14:20:44,10.11,-0.04,140,141860,卖盘
14:20:47,10.19,0.08,109,110948,买盘
14:20:50,10.17,-0.02,3,3051,中性盘
14:20:53,10.17,0.0,65,66231,卖盘
14:20:59,10.17,0.0,13,13221,卖盘
14:21:02,10.2,0.03,68,69354,买盘
14:21:05,10.16,-0.04,12,12203,卖盘
14:21:09,10.15,-0.01,1,1015,卖盘
14:21:11,10.15,0.0,14,14210,卖盘
14:21:14,10.11,-0.04,32,32373,卖盘
14:21:17,10.28,0.17,77,78647,买盘
14:21:20,10.28,0.0,163,167564,卖盘
14:21:23,10.28,0.0,94,96632,卖盘
14:21:26,10.28,0.0,53,54484,卖盘
14:21:29,10.32,0.04,279,287555,买盘
14:21:32,10.32,0.0,94,97008,卖盘
14:21:35,10.32,0.0,10,10320,卖盘
14:21:38,10.32,0.0,128,132123,卖盘
14:21:41,10.28,-0.04,39,40092,卖盘
14:21:44,10.34,0.06,141,145652,买盘
14:21:47,10.28,-0.06,81,83472,卖盘
14:21:53,10.28,0.0,46,47288,卖盘
14:21:56,10.28,0.0,21,21588,买盘
14:21:59,10.12,-0.16,36,36532,卖盘
14:22:02,10.17,0.05,24,24408,卖盘
14:22:08,10.17,0.0,46,46792,卖盘
14:22:11,10.32,0.15,95,97873,买盘
14:22:14,10.13,-0.19,53,53992,卖盘
14:22:17,10.19,0.06,36,36679,中性盘
14:22:20,10.15,-0.04,50,50828,中性盘
14:22:23,10.17,0.02,1,1017,买盘
14:22:26,10.14,-0.03,9,9126,卖盘
14:22:29,10.17,0.03,30,30471,买盘
14:22:35,10.17,0.0,67,68139,卖盘
14:22:38,10.17,0.0,55,55935,卖盘
14:22:47,10.29,0.12,139,141376,买盘
14:22:53,10.17,-0.12,113,114952,卖盘
14:22:56,10.17,0.0,17,17313,卖盘
14:22:59,10.17,0.0,10,10179,卖盘
14:23:02,10.18,0.01,242,249201,中性盘
14:23:05,10.3,0.12,4,4120,卖盘
14:23:08,10.3,0.0,55,56650,卖盘
14:23:11,10.29,-0.01,1,1029,买盘
14:23:14,10.18,-0.11,107,108926,卖盘
14:23:17,10.17,-0.01,107,108851,卖盘
14:23:20,10.18,0.01,5,5090,卖盘
14:23:23,10.17,-0.01,123,125317,卖盘
14:23:29,10.18,0.01,27,27486,卖盘
14:23:41,10.18,0.0,36,36648,卖盘
14:23:47,10.28,0.1,57,58289,买盘
14:23:53,10.18,-0.1,29,29620,卖盘
14:23:59,10.27,0.09,45,45927,买盘
14:24:02,10.28,0.01,132,135386,买盘
14:24:05,10.18,-0.1,32,32594,卖盘
14:24:08,10.17,-0.01,65,66151,卖盘
14:24:11,10.17,0.0,11,11187,卖盘
14:24:14,10.17,0.0,68,69160,卖盘
14:24:20,10.17,0.0,85,86445,卖盘
14:24:26,10.17,0.0,17,17289,卖盘
14:24:29,10.17,0.0,11,11187,卖盘
14:24:32,10.18,0.01,1,1018,卖盘
14:24:35,10.15,-0.03,32,32481,卖盘
14:24:38,10.14,-0.01,37,37522,卖盘
14:24:41,10.12,-0.02,34,34439,卖盘
14:24:47,10.12,0.0,13,13156,卖盘
14:24:50,10.1,-0.02,139,140532,卖盘
14:24:56,10.09,-0.01,113,114027,卖盘
14:25:02,10.08,-0.01,134,135079,卖盘
14:25:05,10.1,0.02,166,167584,买盘
14:25:14,10.1,0.0,107,108074,卖盘
14:25:17,10.14,0.04,10,10140,买盘
14:25:20,10.1,-0.04,67,67670,卖盘
14:25:23,10.03,-0.07,36,36319,卖盘
14:25:32,10.1,0.07,19,19190,卖盘
14:25:35,10.03,-0.07,69,69473,卖盘
14:25:41,10.1,0.07,19,19190,买盘
14:25:44,10.03,-0.07,47,47267,卖盘
14:25:50,10.03,0.0,123,123401,卖盘
14:25:53,10.03,0.0,1,1003,卖盘
14:25:56,10.03,0.0,60,60210,卖盘
14:26:05,10.08,0.05,68,68544,买盘
14:26:11,10.09,0.01,2,2018,买盘
14:26:14,10.09,0.0,74,74577,卖盘
14:26:17,10.1,0.01,12,12118,买盘
14:26:23,10.03,-0.07,69,69319,卖盘
14:26:29,10.03,0.0,96,96299,卖盘
14:26:35,10.03,0.0,123,123409,卖盘
14:26:41,10.04,0.01,144,144649,买盘
14:26:44,10.03,-0.01,26,26078,卖盘
14:26:47,10.04,0.01,43,43149,买盘
14:26:53,10.02,-0.02,160,160352,卖盘
14:26:56,10.02,0.0,53,53106,卖盘
14:26:59,10.0,-0.02,132,132030,卖盘
14:27:02,10.01,0.01,33,33002,买盘
14:27:05,9.99,-0.02,28,27972,卖盘
14:27:08,9.97,-0.02,79,78829,卖盘
14:27:11,9.99,0.02,3,2997,买盘
14:27:17,9.96,-0.03,36,35871,卖盘
14:27:20,9.96,0.0,14,13944,卖盘
14:27:23,9.98,0.02,24,23952,买盘
14:27:29,9.96,-0.02,39,38844,卖盘
14:27:32,9.98,0.02,7,6986,买盘
14:27:35,9.99,0.01,55,54842,买盘
14:27:44,10.01,0.02,122,122122,买盘
14:27:47,9.99,-0.02,27,26973,卖盘
14:27:50,9.99,0.0,13,12987,买盘
14:27:53,9.97,-0.02,36,35925,卖盘
14:27:59,9.97,0.0,52,51884,卖盘
14:28:02,9.99,0.02,271,270423,买盘
14:28:11,10.01,0.02,133,132781,中性盘
14:28:14,9.98,-0.03,40,39920,中性盘
14:28:18,9.98,0.0,3,2994,买盘
14:28:20,9.98,0.0,149,148238,买盘
14:28:32,9.98,0.0,42,41916,卖盘
14:28:35,9.98,0.0,193,192334,买盘
14:28:39,9.98,0.0,13,12974,买盘
14:28:41,9.98,0.0,44,43912,卖盘
14:28:44,9.98,0.0,21,20958,卖盘
14:28:47,9.98,0.0,139,138831,卖盘
14:28:50,10.0,0.02,15,14991,中性盘
14:28:53,9.98,-0.02,132,131736,卖盘
14:28:56,9.98,0.0,1,998,中性盘
14:28:59,9.97,-0.01,21,20942,卖盘
14:29:02,9.97,0.0,134,133402,中性盘
14:29:05,9.96,-0.01,20,19920,中性盘
14:29:08,9.97,0.01,1,997,买盘
14:29:11,9.91,-0.06,134,132985,卖盘
14:29:23,9.91,0.0,213,211162,卖盘
14:29:26,9.93,0.02,13,12909,买盘
14:29:29,9.91,-0.02,72,71475,卖盘
14:29:32,9.91,0.0,63,62433,卖盘
14:29:35,9.91,0.0,22,21811,卖盘
14:29:38,9.94,0.03,5,4970,买盘
14:29:44,9.95,0.01,10,9948,买盘
14:29:47,9.92,-0.03,1,992,卖盘
14:29:53,9.92,0.0,17,16864,卖盘
14:29:56,9.93,0.01,19,18864,中性盘
14:30:08,9.92,-0.01,97,96329,卖盘
14:30:14,9.94,0.02,11,10934,中性盘
14:30:17,9.95,0.01,7,6963,买盘
14:30:23,9.92,-0.03,144,142887,卖盘
14:30:26,9.92,0.0,44,43648,买盘
14:30:29,9.92,0.0,40,39680,买盘
14:30:32,9.92,0.0,2,1984,卖盘
14:30:35,9.92,0.0,51,50642,卖盘
14:30:38,9.93,0.01,22,21846,中性盘
14:30:44,9.92,-0.01,31,30770,卖盘
14:30:47,9.92,0.0,17,16864,卖盘
14:30:53,9.92,0.0,293,290758,卖盘
14:30:59,9.92,0.0,124,123008,卖盘
14:31:02,9.92,0.0,96,95286,卖盘
14:31:05,9.92,0.0,231,228955,卖盘
14:31:08,9.91,-0.01,378,375965,卖盘
14:31:11,9.91,0.0,243,240582,买盘
14:31:14,9.91,0.0,6,5946,买盘
14:31:17,9.89,-0.02,38,37611,卖盘
14:31:20,9.89,0.0,154,152337,卖盘
14:31:23,9.9,0.01,127,125616,买盘
14:31:26,9.88,-0.02,65,64224,卖盘
14:31:29,9.88,0.0,172,169987,卖盘
14:31:32,9.88,0.0,129,127626,卖盘
14:31:35,9.87,-0.01,152,150231,卖盘
14:31:38,9.88,0.01,32,31616,买盘
14:31:41,9.87,-0.01,44,43468,卖盘
14:31:47,9.88,0.01,87,85956,卖盘
14:31:50,9.86,-0.02,123,121406,卖盘
14:31:53,9.91,0.05,25,24703,买盘
14:31:56,9.85,-0.06,186,183371,卖盘
14:31:59,9.86,0.01,39,38464,卖盘
14:32:02,9.85,-0.01,150,147760,卖盘
14:32:05,9.9,0.05,7,6927,买盘
14:32:08,9.9,0.0,5,4950,买盘
14:32:11,9.85,-0.05,239,235558,卖盘
14:32:14,9.9,0.05,38,37620,买盘
14:32:17,9.86,-0.04,106,104431,买盘
14:32:20,9.85,-0.01,91,89857,卖盘
14:32:44,9.89,0.04,1,989,买盘
14:32:47,9.87,-0.02,2,1974,卖盘
14:32:50,9.95,0.08,163,161800,买盘
14:32:53,9.95,0.0,22,21890,卖盘
14:32:56,9.95,0.0,59,58707,卖盘
14:32:59,9.95,0.0,244,242780,卖盘
14:33:02,9.87,-0.08,124,122510,卖盘
14:33:05,9.93,0.06,18,17874,买盘
14:33:08,9.93,0.0,2,1986,买盘
14:33:11,9.86,-0.07,122,120314,卖盘
14:33:14,9.92,0.06,97,95714,中性盘
14:33:17,9.87,-0.05,56,55442,中性盘
14:33:20,9.86,-0.01,107,105664,卖盘
14:33:23,9.86,0.0,110,108419,买盘
14:33:26,9.85,-0.01,37,36445,卖盘
14:33:29,9.85,0.0,110,108452,卖盘
14:33:35,9.87,0.02,4,3948,卖盘
14:33:38,9.87,0.0,56,55272,卖盘
14:33:41,9.85,-0.02,123,121240,卖盘
14:33:47,9.85,0.0,27,26595,卖盘
14:33:53,9.87,0.02,2,1974,买盘
14:33:56,9.87,0.0,1,987,买盘
14:34:00,9.91,0.04,211,208660,买盘
14:34:05,9.9,-0.01,9,8910,买盘
14:34:17,9.89,-0.01,3,2967,中性盘
14:34:26,9.89,0.0,61,60329,买盘
14:34:38,9.89,0.0,9,8901,卖盘
14:34:44,9.89,0.0,1,989,卖盘
14:34:50,9.89,0.0,29,28681,卖盘
14:34:53,9.88,-0.01,1,988,卖盘
14:34:59,9.88,0.0,25,24719,卖盘
14:35:02,9.88,0.0,57,56281,买盘
14:35:05,9.88,0.0,38,37544,买盘
14:35:08,9.88,0.0,27,26676,卖盘
14:35:14,9.88,0.0,39,38535,卖盘
14:35:17,9.88,0.0,23,22724,卖盘
14:35:20,9.88,0.0,9,8892,卖盘
14:35:23,9.88,0.0,84,82992,卖盘
14:35:29,9.88,0.0,29,28652,卖盘
14:35:32,9.88,0.0,57,56316,卖盘
14:35:35,9.88,0.0,109,107694,卖盘
14:35:38,9.88,0.0,42,41498,卖盘
14:35:41,9.87,-0.01,2,1974,卖盘
14:35:44,9.87,0.0,93,91815,卖盘
14:35:47,9.88,0.01,22,21734,买盘
14:35:50,9.88,0.0,25,24700,买盘
14:35:53,9.88,0.0,40,39486,卖盘
14:35:56,9.89,0.01,21,20765,买盘
14:35:59,9.88,-0.01,27,26676,中性盘
14:36:02,9.88,0.0,83,82069,卖盘
14:36:08,9.9,0.02,58,57365,买盘
14:36:11,9.88,-0.02,10,9880,卖盘
14:36:14,9.89,0.01,36,35607,中性盘
14:36:17,9.9,0.01,50,49500,买盘
14:36:20,9.9,0.0,8,7920,买盘
14:36:23,9.89,-0.01,11,10879,卖盘
14:36:26,9.9,0.01,30,29697,买盘
14:36:32,9.88,-0.02,22,21736,卖盘
14:36:38,9.9,0.02,13,12870,买盘
14:36:47,9.9,0.0,8,7917,买盘
14:36:50,9.9,0.0,5,4949,买盘
14:36:56,9.88,-0.02,55,54342,卖盘
14:37:02,9.89,0.01,10,9890,卖盘
14:37:05,9.88,-0.01,5,4940,卖盘
14:37:11,9.89,0.01,9,8901,买盘
14:37:17,9.9,0.01,3,2968,买盘
14:37:23,9.88,-0.02,55,54340,卖盘
14:37:29,9.89,0.01,3,2967,买盘
14:37:32,9.88,-0.01,110,108697,卖盘
14:37:35,9.88,0.0,158,156105,卖盘
14:37:38,9.87,-0.01,8,7903,卖盘
14:37:41,9.86,-0.01,142,140117,卖盘
14:37:44,9.87,0.01,12,11849,买盘
14:37:47,9.87,0.0,168,165737,卖盘
14:37:50,9.87,0.0,9,8883,买盘
14:37:53,9.87,0.0,4,3948,卖盘
14:37:56,9.86,-0.01,126,124354,卖盘
14:37:59,9.85,-0.01,111,109407,卖盘
14:38:02,9.86,0.01,41,40426,买盘
14:38:05,9.86,0.0,42,41420,卖盘
14:38:08,9.85,-0.01,21,20685,卖盘
14:38:11,9.85,0.0,28,27580,卖盘
14:38:14,9.85,0.0,44,43340,卖盘
14:38:17,9.85,0.0,22,21690,卖盘
14:38:35,9.87,0.02,242,238668,中性盘
14:38:38,9.86,-0.01,123,121285,卖盘
14:38:41,9.86,0.0,3,2958,卖盘
14:38:44,9.86,0.0,151,148795,买盘
14:38:47,9.85,-0.01,112,110388,卖盘
14:38:53,9.88,0.03,2,1976,卖盘
14:38:59,9.87,-0.01,11,10857,卖盘
14:39:02,9.86,-0.01,12,11843,卖盘
14:39:05,9.85,-0.01,123,121257,卖盘
14:39:08,9.85,0.0,45,44325,卖盘
14:39:11,9.85,0.0,31,30535,卖盘
14:39:14,9.85,0.0,10,9855,卖盘
14:39:17,9.86,0.01,33,32539,卖盘
14:39:23,9.86,0.0,9,8876,卖盘
14:39:29,9.88,0.02,5,4940,买盘
14:39:32,9.86,-0.02,25,24650,卖盘
14:39:38,9.86,0.0,37,36482,卖盘
14:39:41,9.86,0.0,9,8874,卖盘
14:39:44,9.87,0.01,30,29583,买盘
14:39:47,9.88,0.01,15,14812,买盘
14:39:50,9.86,-0.02,66,65110,卖盘
14:39:53,9.86,0.0,19,18734,卖盘
14:39:56,9.86,0.0,37,36486,卖盘
14:40:02,9.86,0.0,9,8874,卖盘
14:40:05,9.86,0.0,41,40426,卖盘
14:40:08,9.88,0.02,36,35548,买盘
14:40:11,9.86,-0.02,31,30566,卖盘
14:40:14,9.86,0.0,33,32538,卖盘
14:40:17,9.86,0.0,7,6902,卖盘
14:40:20,9.86,0.0,3,2958,卖盘
14:40:23,9.87,0.01,18,17766,买盘
14:40:26,9.88,0.01,38,37544,卖盘
14:40:32,9.87,-0.01,12,11844,卖盘
14:40:35,9.89,0.02,43,42438,买盘
14:40:38,9.86,-0.03,5,4933,卖盘
14:40:41,9.86,0.0,55,54272,卖盘
14:40:47,9.87,0.01,37,36486,中性盘
14:40:50,9.87,0.0,9,8883,卖盘
14:40:53,9.87,0.0,10,9870,卖盘
14:40:56,9.87,0.0,35,34546,卖盘
14:40:59,9.88,0.01,19,18772,买盘
14:41:02,9.88,0.0,184,181792,卖盘
14:41:05,9.89,0.01,18,17802,买盘
14:41:08,9.88,-0.01,27,26676,卖盘
14:41:11,9.89,0.01,22,21758,买盘
14:41:14,9.89,0.0,12,11868,中性盘
14:41:17,9.88,-0.01,140,138360,卖盘
14:41:20,9.88,0.0,23,22724,卖盘
14:41:23,9.9,0.02,5,4950,买盘
14:41:26,9.9,0.0,30,29646,买盘
14:41:29,9.9,0.0,6,5938,买盘
14:41:32,9.89,-0.01,21,20752,买盘
14:41:35,9.89,0.0,78,77080,卖盘
14:41:38,9.89,0.0,38,37568,买盘
14:41:41,9.88,-0.01,16,15808,中性盘
14:41:44,9.88,0.0,5,4940,买盘
14:41:47,9.88,0.0,60,59280,买盘
14:41:50,9.89,0.01,4,3955,买盘
14:41:56,9.89,0.0,53,52417,卖盘
14:41:59,9.9,0.01,5,4950,买盘
14:42:02,9.89,-0.01,22,21761,卖盘
14:42:08,9.89,0.0,148,146382,卖盘
14:42:14,9.89,0.0,28,27692,卖盘
14:42:20,9.9,0.01,36,35622,买盘
14:42:26,9.9,0.0,39,38577,买盘
14:42:29,9.9,0.0,7,6930,买盘
14:42:32,9.89,-0.01,27,26727,卖盘
14:42:35,9.91,0.02,8,7928,买盘
14:42:41,9.91,0.0,50,49550,买盘
14:42:47,9.91,0.0,55,54431,买盘
14:42:50,9.91,0.0,1,991,买盘
14:42:53,9.91,0.0,19,18824,买盘
14:43:02,9.9,-0.01,59,58355,卖盘
14:43:05,9.89,-0.01,207,204718,卖盘
14:43:08,9.89,0.0,2,1978,买盘
14:43:11,9.89,0.0,14,13846,买盘
14:43:14,9.89,0.0,3,2967,买盘
14:43:18,9.89,0.0,10,9886,买盘
14:43:20,9.89,0.0,53,52390,买盘
14:43:26,9.89,0.0,29,28681,卖盘
14:43:32,9.89,0.0,70,69230,卖盘
14:43:35,9.89,0.0,19,18791,卖盘
14:43:38,9.9,0.01,5,4950,买盘
14:43:41,9.89,-0.01,61,60329,卖盘
14:43:44,9.89,0.0,5,4945,卖盘
14:43:47,9.89,0.0,6,5934,卖盘
14:43:50,9.89,0.0,72,71211,卖盘
14:43:53,9.89,0.0,8,7912,买盘
14:43:59,9.89,0.0,8,7906,买盘
14:44:02,9.89,0.0,12,11868,买盘
14:44:05,9.89,0.0,5,4945,买盘
14:44:08,9.88,-0.01,9,8892,卖盘
14:44:11,9.88,0.0,32,31616,卖盘
14:44:14,9.89,0.01,5,4945,买盘
14:44:17,9.89,0.0,6,5934,买盘
14:44:20,9.89,0.0,17,16813,买盘
14:44:23,9.89,0.0,57,56336,买盘
14:44:26,9.89,0.0,17,16809,买盘
14:44:29,9.88,-0.01,25,24705,卖盘
14:44:32,9.88,0.0,53,52364,卖盘
14:44:38,9.88,0.0,15,14820,卖盘
14:44:44,9.88,0.0,20,19760,卖盘
14:44:47,9.88,0.0,28,27664,卖盘
14:44:50,9.87,-0.01,120,118492,卖盘
14:44:56,9.87,0.0,59,58233,卖盘
14:45:00,9.87,0.0,1,987,卖盘
14:45:02,9.87,0.0,150,148050,卖盘
14:45:05,9.87,0.0,294,290183,卖盘
14:45:08,9.85,-0.02,463,456379,卖盘
14:45:11,9.85,0.0,7,6895,卖盘
14:45:14,9.85,0.0,405,398926,卖盘
14:45:17,9.85,0.0,87,85614,买盘
14:45:20,9.84,-0.01,5,4920,卖盘
14:45:23,9.84,0.0,168,165312,卖盘
14:45:26,9.83,-0.01,33,32439,卖盘
14:45:29,9.83,0.0,1,983,卖盘
14:45:32,9.83,0.0,181,177928,卖盘
14:45:35,9.85,0.02,123,120949,买盘
14:45:38,9.84,-0.01,129,126652,中性盘
14:45:41,9.83,-0.01,12,11793,买盘
14:45:44,9.84,0.01,8,7871,买盘
14:45:47,9.8,-0.04,941,922387,卖盘
14:45:53,9.84,0.04,211,206839,买盘
14:45:59,9.81,-0.03,30,29478,卖盘
14:46:02,9.82,0.01,5,4910,买盘
14:46:05,9.8,-0.02,148,145099,卖盘
14:46:08,9.83,0.03,80,78433,买盘
14:46:14,9.82,-0.01,28,27471,中性盘
14:46:17,9.81,-0.01,40,39234,卖盘
14:46:23,9.8,-0.01,27,26460,卖盘
14:46:26,9.81,0.01,168,164544,买盘
14:46:29,9.81,0.0,39,38287,卖盘
14:46:32,9.81,0.0,33,32373,卖盘
14:46:35,9.82,0.01,80,78479,买盘
14:46:41,9.81,-0.01,60,58860,卖盘
14:46:44,9.81,0.0,30,29430,卖盘
14:46:47,9.82,0.01,101,99182,买盘
14:46:50,9.81,-0.01,44,43166,卖盘
14:46:53,9.8,-0.01,387,379465,卖盘
14:46:56,9.79,-0.01,63,61684,卖盘
14:46:59,9.8,0.01,19,18619,买盘
14:47:02,9.79,-0.01,100,97900,卖盘
14:47:05,9.79,0.0,17,16643,买盘
14:47:08,9.79,0.0,967,945916,买盘
14:47:11,9.77,-0.02,115,112458,卖盘
14:47:14,9.78,0.01,116,113430,买盘
14:47:17,9.78,0.0,316,309048,买盘
14:47:20,9.77,-0.01,297,290239,卖盘
14:47:23,9.79,0.02,75,73399,买盘
14:47:26,9.78,-0.01,12,11736,卖盘
14:47:29,9.77,-0.01,673,657772,卖盘
14:47:32,9.8,0.03,17,16660,买盘
14:47:38,9.79,-0.01,6,5874,卖盘
14:47:41,9.77,-0.02,98,95837,卖盘
14:47:44,9.79,0.02,125,122212,买盘
14:47:47,9.79,0.0,152,148771,买盘
14:47:50,9.78,-0.01,6,5868,卖盘
14:47:53,9.77,-0.01,168,164149,卖盘
14:47:56,9.78,0.01,37,36186,买盘
14:47:59,9.77,-0.01,49,47877,卖盘
14:48:02,9.78,0.01,135,132030,卖盘
14:48:05,9.78,0.0,38,37164,卖盘
14:48:08,9.78,0.0,82,80223,卖盘
14:48:11,9.78,0.0,85,83151,卖盘
14:48:14,9.79,0.01,2,1958,买盘
14:48:17,9.79,0.0,72,70421,买盘
14:48:20,9.78,-0.01,130,127147,卖盘
14:48:23,9.79,0.01,37,36206,买盘
14:48:26,9.78,-0.01,103,100773,卖盘
14:48:29,9.81,0.03,232,227619,买盘
14:48:32,9.8,-0.01,104,102007,卖盘
14:48:38,9.8,0.0,32,31360,卖盘
14:48:41,9.8,0.0,106,103898,卖盘
14:48:44,9.8,0.0,139,136192,买盘
14:48:47,9.8,0.0,16,15680,买盘
14:48:50,9.78,-0.02,35,34260,卖盘
14:48:54,9.78,0.0,301,294378,卖盘
14:48:56,9.78,0.0,287,280696,卖盘
14:48:59,9.77,-0.01,752,734709,卖盘
14:49:02,9.78,0.01,14,13692,买盘
14:49:05,9.77,-0.01,28,27356,卖盘
14:49:11,9.78,0.01,63,61558,买盘
14:49:14,9.78,0.0,147,143633,买盘
14:49:17,9.77,-0.01,185,180755,卖盘
14:49:20,9.78,0.01,2,1956,买盘
14:49:23,9.77,-0.01,171,167111,卖盘
14:49:26,9.77,0.0,173,169168,卖盘
14:49:29,9.77,0.0,181,176837,卖盘
14:49:32,9.78,0.01,2,1956,中性盘
14:49:35,9.8,0.02,125,122196,买盘
14:49:41,9.8,0.0,1,980,买盘
14:49:47,9.8,0.0,214,209474,买盘
14:49:50,9.77,-0.03,59,57653,卖盘
14:49:53,9.77,0.0,38,37126,买盘
14:49:56,9.77,0.0,413,403501,买盘
14:50:02,9.77,0.0,50,48850,卖盘
14:50:05,9.8,0.03,9,8820,买盘
14:50:08,9.78,-0.02,72,70378,中性盘
14:50:11,9.8,0.02,119,116620,买盘
14:50:20,9.8,0.0,8,7840,卖盘
14:50:23,9.84,0.04,21,20584,买盘
14:50:29,9.84,0.0,123,120632,买盘
14:50:32,9.8,-0.04,31,30385,中性盘
14:50:35,9.8,0.0,8,7840,买盘
14:50:38,9.8,0.0,31,30380,买盘
14:50:44,9.79,-0.01,97,94968,卖盘
14:50:47,9.79,0.0,29,28391,买盘
14:50:50,9.79,0.0,79,77281,买盘
14:50:53,9.79,0.0,5,4895,卖盘
14:50:56,9.78,-0.01,42,41116,卖盘
14:50:59,9.78,0.0,47,45966,买盘
14:51:02,9.79,0.01,23,22517,卖盘
14:51:05,9.79,0.0,157,153778,卖盘
14:51:08,9.79,0.0,26,25454,卖盘
14:51:11,9.78,-0.01,30,29340,卖盘
14:51:14,9.78,0.0,25,24450,买盘
14:51:17,9.77,-0.01,1000,977003,卖盘
14:51:20,9.78,0.01,15,14670,卖盘
14:51:23,9.78,0.0,57,55746,卖盘
14:51:26,9.78,0.0,50,48900,卖盘
14:51:29,9.78,0.0,35,34230,卖盘
14:51:32,9.78,0.0,160,156490,卖盘
14:51:35,9.79,0.01,3,2935,买盘
14:51:38,9.79,0.0,10,9790,买盘
14:51:41,9.79,0.0,24,23496,买盘
14:51:47,9.79,0.0,76,74404,卖盘
14:51:59,9.8,0.01,171,167488,买盘
14:52:02,9.79,-0.01,3,2937,卖盘
14:52:05,9.8,0.01,1,980,买盘
14:52:08,9.8,0.0,143,140000,买盘
14:52:11,9.8,0.0,97,94929,买盘
14:52:14,9.8,0.0,201,196879,买盘
14:52:17,9.8,0.0,80,78400,买盘
14:52:20,9.8,0.0,20,19600,卖盘
14:52:23,9.79,-0.01,22,21552,卖盘
14:52:26,9.79,0.0,11,10769,买盘
14:52:32,9.79,0.0,61,59678,卖盘
14:52:35,9.78,-0.01,50,48900,卖盘
14:52:38,9.8,0.02,76,74366,买盘
14:52:41,9.79,-0.01,16,15664,中性盘
14:52:50,9.78,-0.01,16,15648,卖盘
14:52:56,9.78,0.0,571,557871,买盘
14:53:02,9.78,0.0,4,3912,卖盘
14:53:05,9.79,0.01,3,2937,买盘
14:53:08,9.77,-0.02,1123,1097228,卖盘
14:53:11,9.77,0.0,153,149481,买盘
14:53:14,9.77,0.0,1,977,买盘
14:53:17,9.77,0.0,23,22471,买盘
14:53:23,9.77,0.0,2,1954,买盘
14:53:26,9.77,0.0,18,17586,买盘
14:53:29,9.77,0.0,58,56666,买盘
14:53:32,9.77,0.0,50,48850,买盘
14:53:35,9.77,0.0,11,10747,买盘
14:53:38,9.77,0.0,1,977,买盘
14:53:41,9.77,0.0,144,140688,买盘
14:53:44,9.77,0.0,12,11724,买盘
14:53:47,9.77,0.0,31,30287,买盘
14:53:50,9.77,0.0,13,12701,买盘
14:53:53,9.77,0.0,53,51781,买盘
14:53:56,9.77,0.0,14,13678,买盘
14:53:59,9.77,0.0,23,22471,买盘
14:54:02,9.77,0.0,12,11724,买盘
14:54:05,9.77,0.0,62,60574,买盘
14:54:08,9.77,0.0,42,41034,买盘
14:54:14,9.77,0.0,22,21494,买盘
14:54:17,9.77,0.0,129,126033,买盘
14:54:20,9.77,0.0,9,8793,买盘
14:54:26,9.77,0.0,2,1954,买盘
14:54:29,9.77,0.0,35,34195,买盘
14:54:32,9.77,0.0,5,4885,买盘
14:54:38,9.77,0.0,1,977,买盘
14:54:41,9.77,0.0,12,11724,买盘
14:54:44,9.77,0.0,24,23448,买盘
14:54:47,9.77,0.0,10,9770,买盘
14:54:50,9.77,0.0,24,23448,买盘
14:54:53,9.77,0.0,507,495339,买盘
14:54:56,9.77,0.0,10,9770,买盘
14:54:59,9.77,0.0,14,13678,买盘
14:55:02,9.77,0.0,4,3908,买盘
14:55:05,9.77,0.0,16,15632,买盘
14:55:08,9.77,0.0,2,1954,买盘
14:55:11,9.77,0.0,5,4885,买盘
14:55:14,9.77,0.0,5,4885,买盘
14:55:17,9.77,0.0,36,35172,买盘
14:55:23,9.77,0.0,47,45919,买盘
14:55:26,9.77,0.0,31,30287,买盘
14:55:29,9.77,0.0,21,20517,买盘
14:55:32,9.77,0.0,31,30287,买盘
14:55:38,9.77,0.0,39,38103,买盘
14:55:41,9.77,0.0,11,10747,买盘
14:55:44,9.77,0.0,6,5862,买盘
14:55:47,9.77,0.0,9,8793,买盘
14:55:50,9.77,0.0,5,4885,买盘
14:55:53,9.77,0.0,2,1954,买盘
14:55:56,9.77,0.0,77,75229,买盘
14:55:59,9.77,0.0,6,5862,买盘
14:56:02,9.77,0.0,1,977,买盘
14:56:08,9.77,0.0,6,5862,买盘
14:56:11,9.77,0.0,47,45919,买盘
14:56:14,9.77,0.0,3,2931,买盘
14:56:17,9.77,0.0,10,9770,买盘
14:56:23,9.77,0.0,156,152412,买盘
14:56:26,9.77,0.0,17,16609,买盘
14:56:29,9.77,0.0,662,646774,买盘
14:56:32,9.77,0.0,49,47873,买盘
14:56:38,9.77,0.0,135,131895,买盘
14:56:41,9.77,0.0,2,1954,买盘
14:56:44,9.77,0.0,6,5862,买盘
14:56:48,9.77,0.0,3,2931,买盘
14:56:50,9.77,0.0,14,13678,买盘
14:56:53,9.77,0.0,16,15632,买盘
14:56:56,9.77,0.0,17,16609,买盘
14:56:59,9.77,0.0,16,15632,买盘
15:00:03,9.77,0.0,1737,1697049,买盘
