成交时间,成交价格,价格变动,成交量,成交金额,性质
09:25:02,46.6,0.0,865,4032950,卖盘
09:30:02,46.71,0.11,48,224486,买盘
09:30:05,47.0,0.29,154,724868,买盘
09:30:08,47.07,0.07,130,612939,买盘
09:30:11,47.2,0.13,177,831676,买盘
09:30:14,47.35,0.15,51,241708,买盘
09:30:17,47.32,-0.03,112,528303,卖盘
09:30:20,47.48,0.16,11,53904,买盘
09:30:23,47.49,0.01,59,278820,买盘
09:30:26,47.58,0.09,120,570693,买盘
09:30:29,47.58,0.0,64,302890,买盘
09:30:32,47.6,0.02,34,161368,买盘
09:30:35,47.61,0.01,90,427155,中性盘
09:30:38,47.7,0.09,123,584935,中性盘
09:30:41,47.79,0.09,31,146061,中性盘
09:30:44,47.81,0.02,92,439742,买盘
09:30:47,47.8,-0.01,198,948350,卖盘
09:30:50,47.8,0.0,119,568695,卖盘
09:30:53,47.97,0.17,156,748137,买盘
09:30:56,47.88,-0.09,123,590308,卖盘
09:30:59,48.01,0.13,154,737482,买盘
09:31:02,48.01,0.0,79,380756,卖盘
09:31:05,48.0,-0.01,86,413718,买盘
09:31:08,48.11,0.11,26,125186,买盘
09:31:11,48.27,0.16,45,217081,买盘
09:31:14,48.3,0.03,144,695648,买盘
09:31:17,48.39,0.09,181,878379,买盘
09:31:20,48.37,-0.02,271,1314164,卖盘
09:31:23,48.9,0.53,100,488635,买盘
09:31:26,48.9,0.0,183,891409,买盘
09:31:29,48.78,-0.12,77,374306,卖盘
09:31:32,48.9,0.12,45,217560,买盘
09:31:35,49.0,0.1,300,1468758,买盘
09:31:38,48.99,-0.01,309,1515565,卖盘
09:31:41,49.09,0.1,39,189967,买盘
09:31:44,49.27,0.18,164,804454,买盘
09:31:47,49.09,-0.18,126,620291,卖盘
09:31:50,48.95,-0.14,116,568107,卖盘
09:31:53,48.78,-0.17,361,1761368,卖盘
09:31:56,48.72,-0.06,18,87206,卖盘
09:31:59,48.77,0.05,144,703385,买盘
09:32:02,48.31,-0.46,84,406524,卖盘
09:32:05,48.52,0.21,24,115188,中性盘
09:32:08,48.31,-0.21,40,192733,卖盘
09:32:11,49.13,0.82,485,2363902,买盘
09:32:14,49.13,0.0,179,863811,买盘
09:32:17,49.0,-0.13,21,102895,中性盘
09:32:20,48.5,-0.5,14,67885,中性盘
09:32:23,48.55,0.05,183,898009,买盘
09:32:26,48.73,0.18,179,873842,中性盘
09:32:29,48.9,0.17,213,1039752,买盘
09:32:32,48.91,0.01,130,636934,买盘
09:32:35,48.98,0.07,50,242200,买盘
09:32:38,48.52,-0.46,187,914629,卖盘
09:32:41,48.99,0.47,170,834927,买盘
09:32:44,48.99,0.0,185,906626,卖盘
09:32:47,48.94,-0.05,231,1130136,卖盘
09:32:50,48.99,0.05,211,1031318,买盘
09:32:53,48.98,-0.01,72,353133,中性盘
09:32:56,48.96,-0.02,368,1802071,中性盘
09:32:59,48.95,-0.01,29,141211,买盘
09:33:02,48.98,0.03,40,196429,买盘
09:33:05,48.71,-0.27,112,547988,中性盘
09:33:08,48.7,-0.01,57,276516,卖盘
09:33:11,48.73,0.03,74,360607,买盘
09:33:14,48.73,0.0,28,136784,卖盘
09:33:17,48.73,0.0,297,1443242,卖盘
09:33:20,48.87,0.14,265,1294435,中性盘
09:33:23,48.87,0.0,72,353802,买盘
09:33:26,48.75,-0.12,48,234051,卖盘
09:33:29,48.74,-0.01,81,395003,卖盘
09:33:32,48.77,0.03,189,921796,买盘
09:33:35,48.77,0.0,9,41613,卖盘
09:33:38,48.75,-0.02,53,257585,买盘
09:33:41,48.75,0.0,63,305394,买盘
09:33:44,48.67,-0.08,14,67984,中性盘
09:33:47,48.7,0.03,25,121750,买盘
09:33:50,48.68,-0.02,87,423193,卖盘
09:33:53,48.65,-0.03,40,194478,中性盘
09:33:56,48.68,0.03,85,413041,买盘
09:33:59,48.68,0.0,66,319507,卖盘
09:34:02,48.71,0.03,119,578725,买盘
09:34:05,48.65,-0.06,62,301174,卖盘
09:34:08,48.6,-0.05,13,62455,中性盘
09:34:11,48.73,0.13,117,567887,买盘
09:34:14,48.73,0.0,74,363028,卖盘
09:34:17,48.73,0.0,47,230342,卖盘
09:34:20,48.74,0.01,161,786876,买盘
09:34:23,48.76,0.02,26,127388,买盘
09:34:26,48.76,0.0,46,225281,买盘
09:34:29,48.76,0.0,29,142792,卖盘
09:34:32,48.84,0.08,10,48816,买盘
09:34:35,48.87,0.03,192,938208,买盘
09:34:38,48.79,-0.08,82,400190,卖盘
09:34:41,48.84,0.05,125,612609,中性盘
09:34:44,48.89,0.05,99,484863,买盘
09:34:47,48.79,-0.1,100,488824,卖盘
09:34:50,48.79,0.0,8,39032,买盘
09:34:53,48.79,0.0,10,49075,买盘
09:34:56,48.81,0.02,3,14352,卖盘
09:34:59,48.8,-0.01,27,134030,买盘
09:35:02,48.74,-0.06,840,4098175,卖盘
09:35:05,48.72,-0.02,314,1530688,卖盘
09:35:08,48.39,-0.33,104,502250,卖盘
09:35:11,48.2,-0.19,156,752179,卖盘
09:35:14,48.05,-0.15,3,14415,卖盘
09:35:17,48.18,0.13,74,355089,中性盘
09:35:20,47.9,-0.28,97,467532,卖盘
09:35:23,47.78,-0.12,0,143,卖盘
09:35:26,47.78,0.0,39,187670,买盘
09:35:29,47.65,-0.13,8,37110,中性盘
09:35:32,47.5,-0.15,16,75546,卖盘
09:35:35,47.56,0.06,23,108803,中性盘
09:35:38,47.5,-0.06,8,38000,买盘
09:35:41,47.5,0.0,37,175472,买盘
09:35:44,47.5,0.0,75,353833,买盘
09:35:47,47.5,0.0,28,133103,买盘
09:35:50,47.45,-0.05,46,220263,卖盘
09:35:53,47.45,0.0,8,37960,买盘
09:35:56,47.44,-0.01,66,312706,中性盘
09:35:59,47.29,-0.15,4,18946,卖盘
09:36:02,47.44,0.15,48,228540,买盘
09:36:05,47.41,-0.03,60,286606,卖盘
09:36:08,47.35,-0.06,50,234740,中性盘
09:36:11,47.39,0.04,18,84436,买盘
09:36:14,47.41,0.02,84,399917,买盘
09:36:17,47.4,-0.01,78,371640,卖盘
09:36:20,47.4,0.0,44,208376,买盘
09:36:23,47.45,0.05,443,2101561,买盘
09:36:26,47.61,0.16,117,557455,买盘
09:36:29,47.8,0.19,107,512977,买盘
09:36:32,48.22,0.42,242,1164745,买盘
09:36:35,48.24,0.02,108,518865,买盘
09:36:38,48.11,-0.13,58,281090,卖盘
09:36:41,48.08,-0.03,70,336022,买盘
09:36:44,47.94,-0.14,27,128178,卖盘
09:36:47,48.05,0.11,150,720670,买盘
09:36:50,48.03,-0.02,387,1860412,中性盘
09:36:53,48.21,0.18,103,497012,买盘
09:36:56,48.23,0.02,68,327509,买盘
09:36:59,48.23,0.0,19,91629,买盘
09:37:02,48.25,0.02,166,794602,买盘
09:37:05,48.3,0.05,145,700872,买盘
09:37:08,48.3,0.0,95,457693,卖盘
09:37:11,48.07,-0.23,366,1761659,卖盘
09:37:14,48.21,0.14,95,457509,买盘
09:37:17,48.09,-0.12,77,371018,卖盘
09:37:20,48.11,0.02,20,96220,买盘
09:37:23,48.06,-0.05,7,33642,中性盘
09:37:29,48.01,-0.05,6,28689,中性盘
09:37:32,48.01,0.0,2,11139,买盘
09:37:35,47.62,-0.39,38,181999,卖盘
09:37:38,47.97,0.35,30,145078,中性盘
09:37:41,47.83,-0.14,9,43145,中性盘
09:37:44,47.81,-0.02,46,217779,中性盘
09:37:47,47.83,0.02,107,509859,买盘
09:37:50,47.84,0.01,89,425582,买盘
09:37:53,47.64,-0.2,52,247946,卖盘
09:37:56,47.67,0.03,30,143082,中性盘
09:37:59,47.66,-0.01,56,266844,中性盘
09:38:02,47.98,0.32,224,1073056,买盘
09:38:05,48.0,0.02,147,706923,买盘
09:38:08,48.0,0.0,40,192000,买盘
09:38:11,48.0,0.0,22,105600,买盘
09:38:14,48.0,0.0,30,144000,买盘
09:38:17,48.04,0.04,111,531856,买盘
09:38:20,48.02,-0.02,80,384211,卖盘
09:38:23,48.04,0.02,22,107708,买盘
09:38:26,48.04,0.0,68,325663,买盘
09:38:29,48.27,0.23,38,183329,中性盘
09:38:32,48.27,0.0,24,116718,买盘
09:38:35,48.3,0.03,41,198703,买盘
09:38:38,48.28,-0.02,169,816323,卖盘
09:38:41,48.3,0.02,276,1334691,买盘
09:38:44,48.38,0.08,169,818889,买盘
09:38:47,48.4,0.02,147,708589,买盘
09:38:50,48.4,0.0,94,454960,买盘
09:38:53,48.39,-0.01,88,427559,中性盘
09:38:56,48.39,0.0,544,2627769,买盘
09:38:59,48.65,0.26,154,749070,买盘
09:39:02,48.65,0.0,202,980772,卖盘
09:39:05,48.64,-0.01,4,19410,买盘
09:39:08,48.64,0.0,60,291648,买盘
09:39:11,48.63,-0.01,106,515217,中性盘
09:39:14,48.64,0.01,64,311756,买盘
09:39:17,48.42,-0.22,68,329209,卖盘
09:39:20,48.4,-0.02,144,697101,卖盘
09:39:23,48.06,-0.34,53,256463,卖盘
09:39:26,48.06,0.0,66,318851,买盘
09:39:29,48.41,0.35,13,61529,买盘
09:39:32,48.39,-0.02,203,976750,中性盘
09:39:35,48.41,0.02,68,325413,买盘
09:39:38,48.4,-0.01,87,417768,买盘
09:39:41,48.36,-0.04,87,418467,中性盘
09:39:44,48.38,0.02,32,154740,买盘
09:39:47,48.4,0.02,145,695420,买盘
09:39:50,48.4,0.0,46,222602,买盘
09:39:53,48.39,-0.01,32,155433,中性盘
09:39:56,48.38,-0.01,158,758379,中性盘
09:39:59,47.75,-0.63,210,1009319,卖盘
09:40:02,48.32,0.57,245,1175764,中性盘
09:40:05,48.34,0.02,76,367684,买盘
09:40:08,48.04,-0.3,46,220860,中性盘
09:40:11,48.05,0.01,22,105697,买盘
09:40:14,48.39,0.34,17,82190,买盘
09:40:17,48.0,-0.39,11,53653,卖盘
09:40:20,48.39,0.39,11,53229,买盘
09:40:23,48.39,0.0,3,14517,买盘
09:40:26,48.38,-0.01,6,31157,买盘
09:40:29,48.38,0.0,4,19352,买盘
09:40:32,48.4,0.02,151,732634,买盘
09:40:35,48.36,-0.04,40,193290,中性盘
09:40:38,48.37,0.01,60,289734,买盘
09:40:41,48.38,0.01,32,154796,买盘
09:40:44,48.37,-0.01,70,339180,中性盘
09:40:47,48.3,-0.07,15,72450,买盘
09:40:50,48.36,0.06,10,48326,买盘
09:40:53,48.36,0.0,4,19344,买盘
09:40:56,48.36,0.0,62,301649,买盘
09:40:59,48.36,0.0,66,317503,卖盘
09:41:02,48.38,0.02,118,571702,买盘
09:41:05,48.41,0.03,311,1505459,买盘
09:41:08,48.63,0.22,171,828577,买盘
09:41:11,48.65,0.02,30,144140,买盘
09:41:14,48.72,0.07,136,660417,买盘
09:41:17,48.77,0.05,58,282768,买盘
09:41:20,48.79,0.02,28,134241,买盘
09:41:23,48.81,0.02,121,590363,买盘
09:41:26,48.88,0.07,20,97760,买盘
09:41:29,48.88,0.0,16,78136,买盘
09:41:32,48.79,-0.09,212,1037565,卖盘
09:41:35,48.85,0.06,25,122119,买盘
09:41:41,48.81,-0.04,64,314440,卖盘
09:41:44,48.98,0.17,88,429502,买盘
09:41:47,48.98,0.0,10,48924,买盘
09:41:50,48.98,0.0,5,22139,买盘
09:41:53,48.97,-0.01,186,909694,中性盘
09:41:56,48.99,0.02,41,200952,买盘
09:41:59,49.0,0.01,95,466939,买盘
09:42:02,49.1,0.1,664,3252629,买盘
09:42:05,49.1,0.0,66,323155,买盘
09:42:08,49.09,-0.01,38,187103,中性盘
09:42:11,49.12,0.03,114,559456,买盘
09:42:14,49.11,-0.01,26,129914,卖盘
09:42:17,49.13,0.02,116,567750,买盘
09:42:20,49.13,0.0,38,185393,买盘
09:42:23,49.16,0.03,167,822417,买盘
09:42:26,49.2,0.04,88,434804,买盘
09:42:29,49.2,0.0,4,19778,买盘
09:42:32,49.2,0.0,80,394219,买盘
09:42:35,49.27,0.07,66,326513,买盘
09:42:38,49.29,0.02,39,192811,买盘
09:42:41,49.29,0.0,31,151172,买盘
09:42:44,49.31,0.02,26,127749,买盘
09:42:47,49.33,0.02,42,206673,买盘
09:42:50,49.45,0.12,174,857444,买盘
09:42:53,49.49,0.04,40,197890,买盘
09:42:56,49.49,0.0,50,249728,买盘
09:42:59,49.5,0.01,171,846299,买盘
09:43:02,49.8,0.3,351,1739668,买盘
09:43:05,49.83,0.03,81,404166,买盘
09:43:08,49.83,0.0,74,368532,买盘
09:43:11,49.83,0.0,102,508110,买盘
09:43:14,49.88,0.05,369,1832924,买盘
09:43:17,49.89,0.01,126,629162,买盘
09:43:20,49.89,0.0,332,1657576,买盘
09:43:23,49.9,0.01,388,1935521,买盘
09:43:26,49.94,0.04,347,1730046,买盘
09:43:29,49.97,0.03,307,1532034,买盘
09:43:32,49.98,0.01,138,688611,买盘
09:43:35,49.98,0.0,203,1015995,买盘
09:43:38,49.97,-0.01,303,1515907,卖盘
09:43:41,49.98,0.01,109,544981,买盘
09:43:44,49.98,0.0,26,132255,卖盘
09:43:47,50.0,0.02,121,604377,买盘
09:43:50,50.0,0.0,453,2262379,买盘
09:43:53,50.15,0.15,311,1557100,买盘
09:43:56,50.35,0.2,26,128578,中性盘
09:43:59,50.15,-0.2,125,627433,卖盘
09:44:02,50.15,0.0,72,359694,买盘
09:44:05,50.21,0.06,21,106393,卖盘
09:44:08,50.18,-0.03,300,1503606,中性盘
09:44:11,50.21,0.03,753,3780154,买盘
09:44:14,50.28,0.07,180,905716,卖盘
09:44:17,50.27,-0.01,229,1148875,中性盘
09:44:20,50.17,-0.1,40,198946,中性盘
09:44:23,49.99,-0.18,692,3468962,卖盘
09:44:26,49.97,-0.02,174,870032,卖盘
09:44:29,49.97,0.0,8,40126,买盘
09:44:32,49.95,-0.02,7,36865,卖盘
09:44:35,49.91,-0.04,153,765429,卖盘
09:44:38,49.91,0.0,54,269268,卖盘
09:44:41,49.86,-0.05,28,138291,中性盘
09:44:44,49.86,0.0,4,19944,买盘
09:44:47,49.86,0.0,65,322920,买盘
09:44:50,49.65,-0.21,139,688936,卖盘
09:44:53,49.6,-0.05,62,309296,中性盘
09:44:56,49.7,0.1,25,122365,买盘
09:44:59,49.55,-0.15,9,44715,卖盘
09:45:02,49.77,0.22,150,744875,中性盘
09:45:05,49.62,-0.15,75,369926,卖盘
09:45:08,49.62,0.0,4,19848,买盘
09:45:11,49.62,0.0,12,59524,买盘
09:45:14,49.71,0.09,82,408293,买盘
09:45:17,49.71,0.0,59,295392,买盘
09:45:20,49.71,0.0,99,490030,买盘
09:45:23,49.71,0.0,140,694068,买盘
09:45:26,49.65,-0.06,19,94398,中性盘
09:45:29,49.65,0.0,45,223524,买盘
09:45:32,49.71,0.06,242,1202058,买盘
09:45:35,49.71,0.0,55,274849,买盘
09:45:38,49.75,0.04,99,493475,买盘
09:45:41,49.86,0.11,397,1973681,买盘
09:45:44,49.88,0.02,20,98314,买盘
09:45:47,49.96,0.08,291,1452297,买盘
09:45:50,50.0,0.04,129,644840,买盘
09:45:53,50.0,0.0,15,74990,买盘
09:45:56,50.0,0.0,7,35197,买盘
09:45:59,50.0,0.0,50,250000,买盘
09:46:02,50.2,0.2,100,498660,买盘
09:46:05,50.1,-0.1,22,107713,中性盘
09:46:08,50.1,0.0,4,17785,买盘
09:46:11,50.1,0.0,123,615064,买盘
09:46:14,49.9,-0.2,41,202746,卖盘
09:46:17,49.88,-0.02,43,214329,卖盘
09:46:20,49.89,0.01,41,203450,买盘
09:46:23,50.0,0.11,39,194168,买盘
09:46:26,49.91,-0.09,33,162443,卖盘
09:46:29,49.56,-0.35,2,9912,卖盘
09:46:32,49.82,0.26,55,276355,中性盘
09:46:35,49.82,0.0,32,161068,买盘
09:46:38,49.93,0.11,57,285751,买盘
09:46:41,49.84,-0.09,10,49972,中性盘
09:46:44,49.81,-0.03,7,34855,买盘
09:46:53,49.6,-0.21,18,90420,卖盘
09:46:56,49.81,0.21,310,1542807,买盘
09:46:59,49.98,0.17,125,621869,买盘
09:47:02,49.98,0.0,40,198612,买盘
09:47:05,49.99,0.01,72,358173,买盘
09:47:08,49.93,-0.06,2,9986,买盘
09:47:11,49.93,0.0,0,1547,买盘
09:47:14,50.26,0.33,424,2121057,买盘
09:47:17,50.39,0.13,122,613643,买盘
09:47:20,50.46,0.07,45,224647,卖盘
09:47:23,50.46,0.0,19,96631,卖盘
09:47:26,49.99,-0.47,40,202202,卖盘
09:47:29,50.43,0.44,8,40358,中性盘
09:47:32,50.49,0.06,90,452906,买盘
09:47:35,50.45,-0.04,62,314532,卖盘
09:47:38,50.33,-0.12,26,128763,中性盘
09:47:41,50.3,-0.03,12,60210,中性盘
09:47:44,50.33,0.03,38,192607,买盘
09:47:47,50.33,0.0,180,906947,买盘
09:47:50,50.47,0.14,105,529147,买盘
09:47:53,50.44,-0.03,247,1243798,卖盘
09:47:56,50.15,-0.29,16,80665,中性盘
09:47:59,50.37,0.22,27,133760,买盘
09:48:02,50.38,0.01,30,150463,买盘
09:48:05,50.35,-0.03,153,769590,卖盘
09:48:08,50.21,-0.14,40,200472,卖盘
09:48:11,50.26,0.05,13,63976,买盘
09:48:14,50.21,-0.05,231,1157752,卖盘
09:48:17,50.32,0.11,86,430953,买盘
09:48:20,50.3,-0.02,121,608323,中性盘
09:48:23,50.35,0.05,59,298839,买盘
09:48:26,50.22,-0.13,7,35146,中性盘
09:48:29,50.22,0.0,8,38558,买盘
09:48:32,50.2,-0.02,79,397177,卖盘
09:48:35,50.19,-0.01,33,164480,中性盘
09:48:41,49.79,-0.4,147,734121,卖盘
09:48:44,50.0,0.21,32,160500,买盘
09:48:47,50.0,0.0,24,119975,买盘
09:48:50,50.0,0.0,8,40000,买盘
09:48:53,50.15,0.15,9,44430,买盘
09:48:56,50.0,-0.15,125,626925,卖盘
09:48:59,50.15,0.15,18,88787,买盘
09:49:02,50.2,0.05,78,393261,买盘
09:49:05,50.15,-0.05,21,105803,卖盘
09:49:08,50.15,0.0,21,104112,买盘
09:49:11,50.0,-0.15,36,180385,卖盘
09:49:14,50.15,0.15,7,36048,买盘
09:49:17,50.16,0.01,4,20068,卖盘
09:49:20,50.16,0.0,10,50160,卖盘
09:49:23,50.18,0.02,23,117655,买盘
09:49:26,50.17,-0.01,18,90372,买盘
09:49:29,50.0,-0.17,5,25000,卖盘
09:49:35,50.1,0.1,2,10020,卖盘
09:49:38,50.1,0.0,7,35250,中性盘
09:49:41,50.0,-0.1,18,90900,卖盘
09:49:44,50.16,0.16,41,202968,买盘
09:49:47,50.16,0.0,21,105940,买盘
09:49:50,49.99,-0.17,4,18156,卖盘
09:49:53,49.83,-0.16,3,14949,中性盘
09:49:56,49.88,0.05,11,53287,买盘
09:49:59,50.07,0.19,118,591591,买盘
09:50:02,50.05,-0.02,2,10010,卖盘
09:50:05,50.07,0.02,73,366265,买盘
09:50:08,50.15,0.08,72,360481,买盘
09:50:11,50.05,-0.1,29,145641,卖盘
09:50:17,50.16,0.11,96,480131,买盘
09:50:20,50.17,0.01,70,351627,买盘
09:50:23,50.28,0.11,171,858721,买盘
09:50:26,50.17,-0.11,60,303777,中性盘
09:50:29,50.28,0.11,19,94124,买盘
09:50:32,50.28,0.0,54,270501,卖盘
09:50:35,50.35,0.07,38,189334,买盘
09:50:38,50.38,0.03,68,343670,买盘
09:50:41,50.4,0.02,18,89131,买盘
09:50:44,50.28,-0.12,87,437677,卖盘
09:50:47,50.35,0.07,55,278450,中性盘
09:50:50,50.28,-0.07,4,21282,卖盘
09:50:53,50.35,0.07,16,79772,买盘
09:50:56,50.35,0.0,183,923452,卖盘
09:50:59,50.32,-0.03,8,40457,卖盘
09:51:05,50.35,0.03,56,281340,买盘
09:51:08,50.3,-0.05,208,1045412,卖盘
09:51:14,50.2,-0.1,2,10040,买盘
09:51:17,50.17,-0.03,2,10035,卖盘
09:51:20,50.3,0.13,72,361808,买盘
09:51:23,50.17,-0.13,2,10034,卖盘
09:51:26,50.17,0.0,91,456246,卖盘
09:51:29,50.17,0.0,46,230680,买盘
09:51:32,50.12,-0.05,12,60394,卖盘
09:51:35,50.15,0.03,197,986214,中性盘
09:51:41,50.11,-0.04,9,44883,中性盘
09:51:44,50.07,-0.04,0,100,卖盘
09:51:47,50.11,0.04,246,1230410,买盘
09:51:50,50.17,0.06,132,660121,买盘
09:51:59,49.99,-0.18,11,56348,卖盘
09:52:02,50.02,0.03,10,50020,买盘
09:52:08,50.02,0.0,8,39056,买盘
09:52:14,50.05,0.03,9,46196,卖盘
09:52:20,49.99,-0.06,2,9998,卖盘
09:52:23,50.0,0.01,2,10000,买盘
09:52:26,50.05,0.05,76,377646,买盘
09:52:32,49.83,-0.22,10,49830,卖盘
09:52:35,49.83,0.0,4,21676,卖盘
09:52:38,49.99,0.16,7,33338,中性盘
09:52:44,50.01,0.02,32,161256,买盘
09:52:50,50.0,-0.01,8,38150,卖盘
09:52:53,50.0,0.0,4,19450,卖盘
09:52:59,49.97,-0.03,5,24985,中性盘
09:53:02,50.0,0.03,8,39250,买盘
09:53:05,49.97,-0.03,2,9994,卖盘
09:53:08,49.97,0.0,114,568700,卖盘
09:53:11,49.97,0.0,227,1136242,卖盘
09:53:14,49.97,0.0,28,140100,买盘
09:53:17,49.83,-0.14,14,71674,卖盘
09:53:20,49.83,0.0,3,14849,买盘
09:53:23,49.82,-0.01,8,39707,卖盘
09:53:26,49.83,0.01,6,28303,买盘
09:53:29,49.83,0.0,40,197038,买盘
09:53:38,49.83,0.0,5,22723,卖盘
09:53:44,49.83,0.0,10,52022,买盘
09:53:47,49.95,0.12,153,759570,买盘
09:53:50,49.85,-0.1,15,74775,中性盘
09:53:59,49.8,-0.05,42,207525,买盘
09:54:02,49.8,0.0,2,9960,买盘
09:54:14,49.53,-0.27,2,9906,卖盘
09:54:17,49.53,0.0,10,49280,卖盘
09:54:20,49.53,0.0,2,9906,卖盘
09:54:23,49.53,0.0,4,20506,卖盘
09:54:26,49.66,0.13,235,1165749,买盘
09:54:29,49.53,-0.13,120,596845,中性盘
09:54:32,49.2,-0.33,46,228154,卖盘
09:54:35,49.42,0.22,18,88789,中性盘
09:54:38,49.2,-0.22,19,92065,卖盘
09:54:41,49.2,0.0,5,24600,卖盘
09:54:44,49.47,0.27,5,26575,买盘
09:54:47,49.35,-0.12,13,64298,卖盘
09:54:50,49.35,0.0,58,286807,卖盘
09:54:53,49.51,0.16,22,108922,买盘
09:54:56,49.2,-0.31,55,271348,卖盘
09:54:59,49.2,0.0,68,335160,卖盘
09:55:02,49.4,0.2,13,66305,买盘
09:55:05,49.2,-0.2,29,142802,卖盘
09:55:08,49.19,-0.01,39,192595,卖盘
09:55:11,49.19,0.0,25,122212,卖盘
09:55:14,49.2,0.01,10,49204,卖盘
09:55:17,49.2,0.0,15,73810,卖盘
09:55:20,49.35,0.15,35,174821,买盘
09:55:23,49.32,-0.03,2,9864,卖盘
09:55:26,49.19,-0.13,26,126399,卖盘
09:55:29,49.24,0.05,8,39046,买盘
09:55:32,49.2,-0.04,12,59426,卖盘
09:55:35,49.24,0.04,54,267660,买盘
09:55:38,49.44,0.2,309,1519909,买盘
09:55:41,49.5,0.06,16,79188,买盘
09:55:44,49.44,-0.06,4,19776,卖盘
09:55:47,49.45,0.01,20,97901,中性盘
09:55:50,49.46,0.01,4,19784,买盘
09:55:53,49.53,0.07,43,214748,买盘
09:55:56,49.66,0.13,2,9932,买盘
09:55:59,49.66,0.0,46,230830,卖盘
09:56:02,49.77,0.11,14,69678,买盘
09:56:05,49.66,-0.11,33,162105,卖盘
09:56:08,49.66,0.0,0,2085,买盘
09:56:11,49.77,0.11,26,129096,买盘
09:56:14,49.77,0.0,18,91121,买盘
09:56:17,49.77,0.0,6,29862,买盘
09:56:20,49.82,0.05,15,73180,买盘
09:56:23,49.8,-0.02,16,79701,卖盘
09:56:26,49.93,0.13,111,554026,买盘
09:56:29,50.0,0.07,91,453310,买盘
09:56:35,50.0,0.0,10,49998,买盘
09:56:38,50.0,0.0,12,60998,买盘
09:56:47,49.84,-0.16,51,253501,卖盘
09:56:50,50.02,0.18,155,775535,买盘
09:56:53,50.0,-0.02,18,91250,卖盘
09:56:59,50.0,0.0,50,250000,卖盘
09:57:02,50.0,0.0,18,87950,卖盘
09:57:05,50.0,0.0,2,10000,卖盘
09:57:08,50.05,0.05,14,69169,买盘
09:57:11,50.0,-0.05,10,50028,卖盘
09:57:14,50.0,0.0,25,123300,卖盘
09:57:17,50.18,0.18,42,211790,买盘
09:57:20,50.0,-0.18,6,30000,卖盘
09:57:23,50.05,0.05,2,10010,中性盘
09:57:26,50.04,-0.01,8,40023,卖盘
09:57:29,50.19,0.15,34,172243,买盘
09:57:32,50.0,-0.19,5,25000,卖盘
09:57:35,50.19,0.19,14,72352,买盘
09:57:41,50.08,-0.11,14,68509,卖盘
09:57:44,50.0,-0.08,14,70000,卖盘
09:57:47,50.15,0.15,3,14594,买盘
09:57:50,50.0,-0.15,3,14550,卖盘
09:57:56,50.0,0.0,2,10000,卖盘
09:58:02,50.0,0.0,6,32050,卖盘
09:58:08,50.0,0.0,10,50000,买盘
09:58:11,49.83,-0.17,6,29898,卖盘
09:58:14,49.96,0.13,9,44964,买盘
09:58:17,49.86,-0.1,10,49940,卖盘
09:58:26,49.87,0.01,10,49870,中性盘
09:58:32,49.86,-0.01,2,9973,卖盘
09:58:35,49.86,0.0,17,84862,卖盘
09:58:38,49.83,-0.03,106,529758,卖盘
09:58:41,49.96,0.13,83,412183,买盘
09:58:47,50.0,0.04,43,214940,买盘
09:58:50,49.96,-0.04,51,256089,卖盘
09:58:53,50.09,0.13,12,60090,买盘
09:59:02,50.09,0.0,37,185333,卖盘
09:59:05,50.1,0.01,17,85911,买盘
09:59:08,50.1,0.0,6,30058,买盘
09:59:11,50.09,-0.01,9,46789,卖盘
09:59:14,50.09,0.0,20,100180,卖盘
09:59:17,50.09,0.0,38,190943,卖盘
09:59:20,50.09,0.0,35,174616,卖盘
09:59:23,50.09,0.0,40,198755,买盘
09:59:26,50.0,-0.09,2,10000,卖盘
09:59:29,50.0,0.0,0,500,卖盘
09:59:32,50.0,0.0,2,10000,卖盘
09:59:35,50.09,0.09,58,292219,买盘
09:59:38,50.0,-0.09,3,14500,卖盘
09:59:59,49.83,-0.17,14,69932,卖盘
10:00:08,49.83,0.0,14,69762,卖盘
10:00:11,49.93,0.1,10,49930,买盘
10:00:20,49.93,0.0,11,52577,买盘
10:00:29,49.93,0.0,1,7339,卖盘
10:00:35,49.83,-0.1,5,25762,卖盘
10:00:38,49.77,-0.06,4,19912,卖盘
10:00:41,49.83,0.06,27,133083,买盘
10:00:44,49.75,-0.08,3,12786,卖盘
10:00:53,49.6,-0.15,400,1984085,卖盘
10:00:56,49.66,0.06,7,34752,买盘
10:00:59,49.75,0.09,6,31981,买盘
10:01:02,49.67,-0.08,30,149402,卖盘
10:01:05,49.93,0.26,69,344360,买盘
10:01:08,49.67,-0.26,46,229679,卖盘
10:01:11,49.7,0.03,12,59666,中性盘
10:01:14,49.9,0.2,13,65967,中性盘
10:01:23,49.96,0.06,54,269659,买盘
10:01:29,49.99,0.03,105,524743,买盘
10:01:35,49.9,-0.09,10,49900,卖盘
10:01:38,49.9,0.0,52,259492,卖盘
10:01:41,49.95,0.05,20,99900,买盘
10:01:44,49.95,0.0,9,43956,买盘
10:01:50,49.89,-0.06,56,278424,卖盘
10:01:56,49.88,-0.01,74,370409,买盘
10:02:05,49.7,-0.18,10,49700,卖盘
10:02:08,49.7,0.0,59,292236,买盘
10:02:11,49.7,0.0,13,65604,买盘
10:02:23,49.71,0.01,15,74565,中性盘
10:02:26,49.88,0.17,10,49864,买盘
10:02:29,49.9,0.02,56,278640,买盘
10:02:32,49.7,-0.2,11,54670,卖盘
10:02:35,49.9,0.2,12,59680,买盘
10:02:38,49.9,0.0,12,61897,买盘
10:02:41,49.7,-0.2,2,10536,卖盘
10:02:47,49.93,0.23,61,303383,买盘
10:02:50,49.93,0.0,3,12782,卖盘
10:02:53,49.7,-0.23,2,9940,卖盘
10:02:56,49.69,-0.01,7,34785,卖盘
10:02:59,49.7,0.01,2,9940,买盘
10:03:02,49.88,0.18,2,9976,卖盘
10:03:11,49.7,-0.18,4,18687,卖盘
10:03:14,49.9,0.2,34,169265,买盘
10:03:23,49.95,0.05,385,1922022,买盘
10:03:26,50.0,0.05,445,2224442,买盘
10:03:29,50.08,0.08,54,270602,买盘
10:03:32,50.17,0.09,108,540552,买盘
10:03:35,50.2,0.03,218,1093276,买盘
10:03:38,50.2,0.0,57,284533,买盘
10:03:44,50.28,0.08,22,110606,买盘
10:03:47,50.29,0.01,29,144872,买盘
10:03:53,50.2,-0.09,24,120385,买盘
10:03:56,50.2,0.0,18,90360,买盘
10:03:59,50.2,0.0,2,10040,买盘
10:04:02,50.2,0.0,0,402,买盘
10:04:05,50.2,0.0,9,44778,卖盘
10:04:08,50.26,0.06,10,50638,买盘
10:04:11,50.26,0.0,7,35174,买盘
10:04:14,50.26,0.0,22,110584,卖盘
10:04:17,50.26,0.0,33,165914,卖盘
10:04:20,50.26,0.0,28,140728,买盘
10:04:23,50.3,0.04,106,532059,买盘
10:04:26,50.19,-0.11,60,301213,卖盘
10:04:32,50.19,0.0,5,24844,卖盘
10:04:41,50.19,0.0,10,51646,卖盘
10:04:44,50.19,0.0,3,15057,买盘
10:04:47,50.08,-0.11,5,25048,卖盘
10:04:50,50.13,0.05,2,10026,中性盘
10:04:53,50.13,0.0,4,20052,买盘
10:04:59,50.19,0.06,7,35114,买盘
10:05:02,50.1,-0.09,2,10020,中性盘
10:05:05,50.13,0.03,50,250650,买盘
10:05:08,50.08,-0.05,2,10016,卖盘
10:05:14,50.09,0.01,10,50090,买盘
10:05:17,50.08,-0.01,2,10016,卖盘
10:05:20,50.13,0.05,32,161468,卖盘
10:05:23,50.13,0.0,2,10026,卖盘
10:05:29,50.13,0.0,14,70213,卖盘
10:05:32,50.13,0.0,2,10026,卖盘
10:05:35,50.13,0.0,8,39052,卖盘
10:05:38,50.2,0.07,36,179386,买盘
10:05:41,50.2,0.0,7,35441,卖盘
10:05:47,50.23,0.03,20,100681,买盘
10:05:56,50.23,0.0,18,90472,卖盘
10:05:59,50.23,0.0,12,60286,卖盘
10:06:05,50.23,0.0,3,14466,卖盘
10:06:08,50.23,0.0,7,35969,卖盘
10:06:11,50.23,0.0,17,85391,买盘
10:06:23,50.25,0.02,5,25123,买盘
10:06:29,50.25,0.0,16,81518,卖盘
10:06:35,50.28,0.03,32,160888,买盘
10:06:38,50.26,-0.02,19,95100,卖盘
10:06:41,50.26,0.0,4,20104,买盘
10:06:47,50.26,0.0,32,160883,买盘
10:06:53,50.27,0.01,6,30212,买盘
10:06:56,50.27,0.0,0,352,买盘
10:06:59,50.27,0.0,134,671815,卖盘
10:07:02,50.39,0.12,102,512484,买盘
10:07:05,50.39,0.0,48,241872,买盘
10:07:08,50.4,0.01,348,1755701,买盘
10:07:11,50.53,0.13,132,664393,买盘
10:07:14,50.58,0.05,37,186961,买盘
10:07:17,50.58,0.0,17,85935,买盘
10:07:20,50.53,-0.05,4,20212,卖盘
10:07:23,50.58,0.05,0,51,买盘
10:07:26,50.6,0.02,24,121438,买盘
10:07:29,50.6,0.0,80,404800,买盘
10:07:32,50.64,0.04,3,14685,中性盘
10:07:35,50.61,-0.03,12,60744,卖盘
10:07:38,50.6,-0.01,2,12600,卖盘
10:07:41,50.6,0.0,38,191345,买盘
10:07:44,50.65,0.05,2,11953,买盘
10:07:47,50.64,-0.01,5,23497,卖盘
10:07:50,50.6,-0.04,29,147241,卖盘
10:07:53,50.66,0.06,49,247169,买盘
10:07:56,50.66,0.0,2,10132,买盘
10:07:59,50.64,-0.02,38,190934,卖盘
10:08:02,50.65,0.01,149,756262,卖盘
10:08:05,50.66,0.01,103,520329,买盘
10:08:08,50.68,0.02,23,118388,买盘
10:08:11,50.68,0.0,27,136812,买盘
10:08:14,50.67,-0.01,2,10134,卖盘
10:08:17,50.66,-0.01,22,112275,卖盘
10:08:20,50.65,-0.01,42,210916,卖盘
10:08:23,50.66,0.01,97,490873,买盘
10:08:26,50.67,0.01,105,532267,买盘
10:08:38,50.64,-0.03,84,424063,中性盘
10:08:41,50.66,0.02,9,43510,买盘
10:08:44,50.66,0.0,45,227922,买盘
10:08:47,50.64,-0.02,4,20256,卖盘
10:08:53,50.64,0.0,12,59712,卖盘
10:08:56,50.64,0.0,21,105765,卖盘
10:09:02,50.7,0.06,76,384561,买盘
10:09:05,50.64,-0.06,89,451246,卖盘
10:09:11,50.68,0.04,14,70343,卖盘
10:09:14,50.64,-0.04,4,18839,卖盘
10:09:20,50.68,0.04,16,80812,买盘
10:09:23,50.68,0.0,5,25340,买盘
10:09:29,50.64,-0.04,129,653374,卖盘
10:09:32,50.76,0.12,20,102766,买盘
10:09:38,50.64,-0.12,29,146856,卖盘
10:09:41,50.7,0.06,56,283295,买盘
10:09:44,50.76,0.06,5,25763,买盘
10:09:47,50.76,0.0,27,137419,买盘
10:09:50,50.71,-0.05,26,134267,卖盘
10:09:53,50.78,0.07,8,40620,买盘
10:09:56,50.8,0.02,153,778769,买盘
10:09:59,50.77,-0.03,93,471914,中性盘
10:10:02,50.76,-0.01,73,369348,卖盘
10:10:05,50.81,0.05,98,500230,买盘
10:10:08,50.87,0.06,4,20348,买盘
10:10:11,50.9,0.03,77,393865,买盘
10:10:14,50.95,0.05,28,142623,买盘
10:10:20,51.0,0.05,344,1752618,买盘
10:10:23,51.03,0.03,145,737668,买盘
10:10:26,51.12,0.09,120,613276,买盘
10:10:29,51.25,0.13,54,274459,买盘
10:10:32,51.25,0.0,15,78872,买盘
10:10:35,51.25,0.0,23,118428,买盘
10:10:38,51.25,0.0,192,984381,买盘
10:10:41,51.25,0.0,369,1890995,卖盘
10:10:44,51.29,0.04,31,159988,买盘
10:10:47,51.11,-0.18,17,87055,卖盘
10:10:50,51.29,0.18,53,272129,买盘
10:10:53,51.31,0.02,110,564461,买盘
10:10:56,51.29,-0.02,219,1117174,买盘
10:10:59,51.34,0.05,101,519402,买盘
10:11:02,51.29,-0.05,120,617699,卖盘
10:11:05,51.36,0.07,229,1173717,中性盘
10:11:08,51.29,-0.07,67,344335,卖盘
10:11:11,51.18,-0.11,77,391681,中性盘
10:11:14,51.18,0.0,10,51180,买盘
10:11:17,50.99,-0.19,102,519955,中性盘
10:11:20,50.82,-0.17,2,10164,卖盘
10:11:23,50.8,-0.02,211,1070049,卖盘
10:11:26,50.95,0.15,56,285320,买盘
10:11:29,50.95,0.0,61,311632,买盘
10:11:35,50.8,-0.15,25,127150,卖盘
10:11:38,50.8,0.0,17,85484,卖盘
10:11:41,50.96,0.16,137,697375,买盘
10:11:44,50.99,0.03,64,324257,买盘
10:11:47,50.95,-0.04,26,133195,中性盘
10:11:50,51.09,0.14,79,404759,买盘
10:11:53,51.01,-0.08,13,66313,中性盘
10:11:56,51.01,0.0,238,1212355,卖盘
10:11:59,51.14,0.13,57,292871,买盘
10:12:02,51.01,-0.13,50,255372,卖盘
10:12:05,51.18,0.17,14,71638,买盘
10:12:08,51.13,-0.05,63,321555,买盘
10:12:11,50.76,-0.37,239,1213816,卖盘
10:12:14,50.8,0.04,39,200248,中性盘
10:12:17,50.61,-0.19,85,430527,卖盘
10:12:20,50.61,0.0,26,132573,卖盘
10:12:23,50.6,-0.01,52,263172,卖盘
10:12:26,50.61,0.01,22,111729,中性盘
10:12:29,50.61,0.0,14,70852,卖盘
10:12:38,50.63,0.02,6,28252,买盘
10:12:41,50.6,-0.03,55,280878,卖盘
10:12:44,50.59,-0.01,128,648243,买盘
10:12:53,50.56,-0.03,106,535393,买盘
10:12:56,50.5,-0.06,20,101000,卖盘
10:12:59,50.57,0.07,96,486145,中性盘
10:13:02,50.57,0.0,2,10114,买盘
10:13:05,50.51,-0.06,60,303103,中性盘
10:13:08,50.5,-0.01,7,35351,卖盘
10:13:11,50.67,0.17,54,273420,买盘
10:13:14,50.68,0.01,2,10136,卖盘
10:13:17,50.5,-0.18,20,98714,卖盘
10:13:20,50.5,0.0,8,39188,卖盘
10:13:23,50.5,0.0,50,252491,买盘
10:13:26,50.42,-0.08,4,20168,卖盘
10:13:29,50.5,0.08,12,61990,买盘
10:13:35,50.42,-0.08,3,15126,卖盘
10:13:38,50.5,0.08,74,373211,买盘
10:13:41,50.5,0.0,39,196639,买盘
10:13:44,50.41,-0.09,17,84285,卖盘
10:13:50,50.42,0.01,2,10084,卖盘
10:13:56,50.42,0.0,4,20168,卖盘
10:14:02,50.41,-0.01,10,52751,中性盘
10:14:05,50.42,0.01,47,236527,买盘
10:14:08,50.23,-0.19,26,131403,卖盘
10:14:11,50.02,-0.21,58,289818,卖盘
10:14:14,50.02,0.0,4,20008,买盘
10:14:17,50.02,0.0,12,60024,买盘
10:14:20,50.02,0.0,63,317377,买盘
10:14:23,50.01,-0.01,123,613931,卖盘
10:14:26,50.0,-0.01,6,30004,卖盘
10:14:29,49.99,-0.01,18,92147,卖盘
10:14:35,49.99,0.0,2,9698,卖盘
10:14:44,49.9,-0.09,2,9980,卖盘
10:14:47,49.8,-0.1,50,249300,卖盘
10:14:50,49.9,0.1,10,49900,买盘
10:14:56,49.87,-0.03,12,59874,卖盘
10:14:59,49.9,0.03,36,179485,买盘
10:15:05,49.85,-0.05,3,14507,卖盘
10:15:08,49.89,0.04,27,135353,中性盘
10:15:11,49.93,0.04,19,96898,买盘
10:15:20,49.94,0.01,2,9988,卖盘
10:15:23,49.94,0.0,2,9988,卖盘
10:15:26,49.98,0.04,36,181087,买盘
10:15:29,49.99,0.01,4,19996,卖盘
10:15:32,50.01,0.02,73,365068,买盘
10:15:35,50.01,0.0,3,16254,买盘
10:15:38,50.01,0.0,18,89332,卖盘
10:15:47,50.25,0.24,14,70142,买盘
10:15:53,50.05,-0.2,10,50050,卖盘
10:15:56,50.3,0.25,7,34251,买盘
10:15:59,50.05,-0.25,4,20020,卖盘
10:16:02,50.3,0.25,17,85455,买盘
10:16:05,50.06,-0.24,21,105126,卖盘
10:16:08,50.27,0.21,28,141325,买盘
10:16:11,50.27,0.0,7,35139,买盘
10:16:35,50.24,-0.03,16,80146,买盘
10:16:44,50.22,-0.02,44,220570,中性盘
10:16:47,50.0,-0.22,63,313918,卖盘
10:16:50,49.99,-0.01,26,129142,卖盘
10:16:53,49.96,-0.03,188,939550,卖盘
10:16:56,50.0,0.04,38,192251,买盘
10:16:59,50.0,0.0,42,209176,卖盘
10:17:02,50.0,0.0,66,329031,买盘
10:17:05,49.9,-0.1,20,99643,卖盘
10:17:08,49.9,0.0,6,29940,卖盘
10:17:11,50.0,0.1,35,175369,买盘
10:17:14,49.9,-0.1,2,9980,卖盘
10:17:17,49.86,-0.04,67,333224,卖盘
10:17:20,49.91,0.05,34,167315,买盘
10:17:23,49.81,-0.1,6,29904,卖盘
10:17:26,49.92,0.11,112,558942,买盘
10:17:29,49.81,-0.11,4,19926,卖盘
10:17:32,49.81,0.0,4,19924,卖盘
10:17:35,49.8,-0.01,44,219199,卖盘
10:17:38,49.89,0.09,86,430289,买盘
10:17:56,49.9,0.01,44,221339,买盘
10:17:59,49.86,-0.04,11,54850,卖盘
10:18:02,49.89,0.03,8,39912,卖盘
10:18:05,49.89,0.0,28,141584,买盘
10:18:08,49.88,-0.01,4,19952,卖盘
10:18:11,49.89,0.01,12,61963,买盘
10:18:17,49.9,0.01,3,15367,买盘
10:18:20,49.9,0.0,7,34331,买盘
10:18:23,49.9,0.0,14,69856,买盘
10:18:29,49.9,0.0,23,114671,买盘
10:18:32,49.89,-0.01,20,101535,卖盘
10:18:35,49.89,0.0,17,84368,卖盘
10:18:41,49.9,0.01,4,19963,卖盘
10:18:44,49.9,0.0,29,142764,卖盘
10:18:47,49.89,-0.01,16,79836,卖盘
10:18:53,49.89,0.0,11,54879,卖盘
10:18:56,49.9,0.01,13,64670,买盘
10:18:59,49.89,-0.01,42,209603,卖盘
10:19:02,49.89,0.0,17,84945,卖盘
10:19:05,49.89,0.0,6,31281,卖盘
10:19:08,49.89,0.0,8,39912,卖盘
10:19:11,49.89,0.0,4,19956,卖盘
10:19:17,49.9,0.01,17,84816,买盘
10:19:32,50.0,0.1,3,15350,买盘
10:19:35,50.05,0.05,9,42731,买盘
10:19:38,49.96,-0.09,8,39868,卖盘
10:19:41,49.96,0.0,3,15287,买盘
10:19:50,49.96,0.0,10,48811,买盘
10:19:56,49.96,0.0,4,18785,卖盘
10:20:14,49.96,0.0,6,29976,卖盘
10:20:17,49.96,0.0,2,9992,卖盘
10:20:20,50.04,0.08,12,60007,买盘
10:20:23,49.96,-0.08,16,77837,卖盘
10:20:26,49.96,0.0,6,27478,卖盘
10:20:38,49.9,-0.06,5,24958,卖盘
10:20:44,50.0,0.1,23,115564,买盘
10:20:47,50.0,0.0,10,50000,卖盘
10:20:56,50.0,0.0,4,20000,卖盘
10:20:59,50.05,0.05,45,226401,买盘
10:21:02,50.0,-0.05,7,35750,卖盘
10:21:11,50.0,0.0,14,68496,买盘
10:21:14,50.0,0.0,10,50000,买盘
10:21:17,50.05,0.05,10,50015,买盘
10:21:32,50.05,0.0,2,9209,买盘
10:21:44,50.1,0.05,6,29008,买盘
10:21:47,50.05,-0.05,9,43944,卖盘
10:22:02,50.1,0.05,5,27054,买盘
10:22:05,50.1,0.0,3,12625,买盘
10:22:08,50.05,-0.05,2,10010,卖盘
10:22:17,50.1,0.05,17,83659,买盘
10:22:20,50.15,0.05,2,10030,卖盘
10:22:23,50.06,-0.09,20,100222,卖盘
10:22:29,50.05,-0.01,21,106986,卖盘
10:22:32,50.2,0.15,55,274152,买盘
10:22:38,50.05,-0.15,2,10010,卖盘
10:22:50,50.05,0.0,5,25025,卖盘
10:22:56,50.2,0.15,182,909450,买盘
10:23:02,50.05,-0.15,2,11011,中性盘
10:23:05,49.96,-0.09,6,30176,卖盘
10:23:08,49.96,0.0,6,29976,卖盘
10:23:11,49.96,0.0,4,19984,卖盘
10:23:14,49.96,0.0,2,9992,卖盘
10:23:17,50.05,0.09,88,437596,买盘
10:23:20,49.9,-0.15,2,9981,卖盘
10:23:23,50.05,0.15,6,31233,买盘
10:23:35,49.89,-0.16,12,61225,卖盘
10:23:38,49.95,0.06,24,120117,买盘
10:23:41,49.9,-0.05,14,69934,卖盘
10:23:44,50.0,0.1,137,682750,买盘
10:23:47,49.8,-0.2,2,9960,卖盘
10:23:50,50.0,0.2,7,32523,买盘
10:23:56,49.8,-0.2,64,321237,卖盘
10:24:05,49.8,0.0,3,14940,卖盘
10:24:08,49.8,0.0,4,19920,卖盘
10:24:11,49.8,0.0,28,139630,卖盘
10:24:14,49.99,0.19,30,149590,买盘
10:24:17,49.8,-0.19,6,29880,卖盘
10:24:20,49.8,0.0,20,99600,卖盘
10:24:23,49.99,0.19,14,69905,买盘
10:24:26,49.99,0.0,39,195018,买盘
10:24:29,49.7,-0.29,2,9940,卖盘
10:24:44,49.7,0.0,1,4920,卖盘
10:24:53,49.69,-0.01,20,101074,卖盘
10:24:56,49.99,0.3,23,115949,买盘
10:24:59,49.7,-0.29,1,4970,卖盘
10:25:02,49.7,0.0,2,9989,卖盘
10:25:08,49.97,0.27,9,46523,买盘
10:25:11,49.72,-0.25,2,9961,卖盘
10:25:14,49.73,0.01,8,39784,卖盘
10:25:17,49.74,0.01,4,19896,中性盘
10:25:23,49.74,0.0,10,49740,卖盘
10:25:26,49.95,0.21,12,59930,买盘
10:25:35,49.75,-0.2,5,24875,卖盘
10:25:38,49.95,0.2,17,84915,中性盘
10:25:53,49.95,0.0,15,74835,买盘
10:25:59,49.78,-0.17,8,39822,卖盘
10:26:05,49.78,0.0,6,29868,卖盘
10:26:11,49.79,0.01,2,9958,卖盘
10:26:17,49.79,0.0,17,84672,卖盘
10:26:20,49.9,0.11,7,34926,买盘
10:26:23,49.93,0.03,5,24965,卖盘
10:26:32,49.94,0.01,30,149692,买盘
10:26:38,49.9,-0.04,5,24950,卖盘
10:26:47,49.95,0.05,32,159534,买盘
10:26:53,49.9,-0.05,3,14970,卖盘
10:26:59,49.8,-0.1,10,49820,卖盘
10:27:02,49.79,-0.01,48,237474,卖盘
10:27:05,49.79,0.0,3,14937,买盘
10:27:08,49.79,0.0,147,733540,买盘
10:27:11,49.75,-0.04,78,389615,卖盘
10:27:14,49.77,0.02,31,154220,买盘
10:27:20,49.74,-0.03,5,24870,卖盘
10:27:23,49.75,0.01,10,49750,中性盘
10:27:26,49.71,-0.04,53,262363,卖盘
10:27:29,49.71,0.0,24,119304,买盘
10:27:38,49.69,-0.02,125,620159,卖盘
10:27:44,49.69,0.0,20,99380,买盘
10:27:59,49.69,0.0,33,164564,买盘
10:28:02,49.6,-0.09,14,69448,卖盘
10:28:05,49.7,0.1,8,37417,买盘
10:28:08,49.6,-0.1,3,14880,卖盘
10:28:17,49.69,0.09,23,115082,卖盘
10:28:26,49.69,0.0,4,19860,买盘
10:28:29,49.63,-0.06,16,77928,中性盘
10:28:32,49.74,0.11,139,690897,买盘
10:28:41,49.64,-0.1,2,9928,卖盘
10:28:44,49.73,0.09,297,1474729,买盘
10:28:53,49.73,0.0,20,99460,卖盘
10:28:56,49.73,0.0,6,31877,卖盘
10:29:02,49.68,-0.05,4,19872,卖盘
10:29:05,49.76,0.08,62,308432,买盘
10:29:08,49.75,-0.01,12,59700,卖盘
10:29:14,49.8,0.05,18,90939,买盘
10:29:23,49.75,-0.05,2,9950,卖盘
10:29:32,49.8,0.05,78,389127,买盘
10:29:41,49.9,0.1,28,139720,买盘
10:29:44,49.9,0.0,4,18513,买盘
10:29:56,49.89,-0.01,3,14967,买盘
10:29:59,49.89,0.0,8,38365,买盘
10:30:02,49.8,-0.09,31,153731,卖盘
10:30:05,49.8,0.0,6,27855,卖盘
10:30:11,49.88,0.08,12,59812,买盘
10:30:14,49.65,-0.23,2,9930,卖盘
10:30:17,49.65,0.0,2,9930,卖盘
10:30:29,49.67,0.02,2,9934,卖盘
10:30:35,49.66,-0.01,2,9932,卖盘
10:30:38,49.8,0.14,2,9960,买盘
10:30:41,49.65,-0.15,70,348509,卖盘
10:30:44,49.65,0.0,32,159383,卖盘
10:30:53,49.65,0.0,4,19902,卖盘
10:30:56,49.65,0.0,1,5214,卖盘
10:31:02,49.86,0.21,20,99510,买盘
10:31:11,49.85,-0.01,12,59780,买盘
10:31:14,49.87,0.02,77,382315,买盘
10:31:17,49.9,0.03,20,99792,买盘
10:31:32,49.94,0.04,20,101162,买盘
10:31:35,49.95,0.01,121,605595,买盘
10:31:38,49.95,0.0,49,245442,买盘
10:31:53,49.95,0.0,68,339528,买盘
10:31:59,49.82,-0.13,12,59794,卖盘
10:32:08,49.82,0.0,5,26303,买盘
10:32:14,49.81,-0.01,72,359296,卖盘
10:32:17,49.81,0.0,15,74416,买盘
10:32:20,49.86,0.05,4,19545,卖盘
10:32:23,49.77,-0.09,18,90419,卖盘
10:32:38,49.67,-0.1,10,49690,卖盘
10:32:53,49.68,0.01,4,19872,卖盘
10:32:56,49.67,-0.01,15,74008,中性盘
10:32:59,49.63,-0.04,15,74793,卖盘
10:33:05,49.63,0.0,3,17172,卖盘
10:33:08,49.63,0.0,2,9926,卖盘
10:33:11,49.65,0.02,22,109226,买盘
10:33:14,49.61,-0.04,19,94664,卖盘
10:33:29,49.6,-0.01,32,159776,卖盘
10:33:32,49.65,0.05,46,227143,买盘
10:33:38,49.5,-0.15,50,247721,卖盘
10:33:41,49.65,0.15,18,89256,买盘
10:33:44,49.51,-0.14,15,71863,卖盘
10:33:50,49.51,0.0,2,9110,卖盘
10:33:53,49.51,0.0,39,193362,卖盘
10:33:56,49.48,-0.03,69,341906,卖盘
10:33:59,49.45,-0.03,16,79120,卖盘
10:34:02,49.4,-0.05,6,29640,卖盘
10:34:05,49.4,0.0,37,183019,卖盘
10:34:08,49.4,0.0,17,85353,买盘
10:34:11,49.51,0.11,41,201886,买盘
10:34:26,49.4,-0.11,15,74100,卖盘
10:34:29,49.51,0.11,5,26032,买盘
10:34:32,49.4,-0.11,27,132278,卖盘
10:34:35,49.4,0.0,10,47455,买盘
10:34:38,49.53,0.13,8,41440,买盘
10:34:47,49.4,-0.13,2,9929,卖盘
10:34:50,49.47,0.07,2,9894,买盘
10:34:53,49.5,0.03,7,33404,买盘
10:34:56,49.5,0.0,3,16087,卖盘
10:34:59,49.48,-0.02,7,33029,买盘
10:35:02,49.53,0.05,8,42002,卖盘
10:35:08,49.55,0.02,7,34338,买盘
10:35:11,49.53,-0.02,62,308533,卖盘
10:35:14,49.5,-0.03,44,218230,卖盘
10:35:26,49.59,0.09,2,12199,买盘
10:35:32,49.64,0.05,30,149629,买盘
10:35:35,49.63,-0.01,5,26651,卖盘
10:35:38,49.59,-0.04,2,10612,买盘
10:35:41,49.55,-0.04,7,32257,卖盘
10:36:05,49.56,0.01,2,9912,卖盘
10:36:08,49.63,0.07,44,220302,买盘
10:36:20,49.65,0.02,18,89366,买盘
10:36:26,49.59,-0.06,20,99245,卖盘
10:36:38,49.65,0.06,86,425888,买盘
10:36:47,49.61,-0.04,9,43855,卖盘
10:36:50,49.65,0.04,14,70899,买盘
10:36:53,49.67,0.02,10,49670,买盘
10:36:56,49.65,-0.02,5,26265,卖盘
10:37:08,49.61,-0.04,32,158732,买盘
10:37:14,49.61,0.0,71,352131,买盘
10:37:17,49.57,-0.04,54,267612,卖盘
10:37:23,49.55,-0.02,2,9912,卖盘
10:37:29,49.61,0.06,2,9922,买盘
10:37:35,49.55,-0.06,21,104055,卖盘
10:37:53,49.55,0.0,0,347,卖盘
10:37:56,49.6,0.05,38,188238,买盘
10:38:20,49.4,-0.2,98,484482,卖盘
10:38:26,49.4,0.0,69,339327,买盘
10:38:32,49.4,0.0,4,21439,买盘
10:38:35,49.36,-0.04,3,14562,卖盘
10:38:38,49.36,0.0,0,246,买盘
10:38:41,49.4,0.04,20,96528,买盘
10:38:47,49.36,-0.04,28,140238,卖盘
10:38:50,49.36,0.0,3,16091,买盘
10:38:53,49.56,0.2,20,98740,买盘
10:38:56,49.35,-0.21,32,158210,卖盘
10:39:05,49.57,0.22,41,202547,买盘
10:39:11,49.5,-0.07,2,9900,买盘
10:39:14,49.57,0.07,11,55764,买盘
10:39:17,49.42,-0.15,61,301442,中性盘
10:39:20,49.67,0.25,131,652166,买盘
10:39:26,49.71,0.04,30,149107,买盘
10:39:29,49.56,-0.15,18,91374,卖盘
10:39:32,49.56,0.0,14,69384,买盘
10:39:47,49.5,-0.06,3,14850,卖盘
10:39:50,49.56,0.06,13,63883,买盘
10:39:53,49.5,-0.06,26,128700,卖盘
10:40:05,49.49,-0.01,4,19994,卖盘
10:40:11,49.49,0.0,81,398752,买盘
10:40:17,49.36,-0.13,20,98749,卖盘
10:40:20,49.36,0.0,23,113538,卖盘
10:40:23,49.43,0.07,3,12356,买盘
10:40:26,49.33,-0.1,35,172846,卖盘
10:40:35,49.4,0.07,160,789754,买盘
10:40:38,49.3,-0.1,2,9860,买盘
10:40:41,49.3,0.0,5,24650,买盘
10:40:44,49.3,0.0,145,716485,买盘
10:40:47,49.23,-0.07,71,347859,卖盘
10:40:50,49.35,0.12,8,39460,买盘
10:40:53,49.35,0.0,16,78960,卖盘
10:40:56,49.2,-0.15,22,108257,卖盘
10:40:59,49.24,0.04,112,550506,买盘
10:41:02,49.39,0.15,14,69071,买盘
10:41:05,49.2,-0.19,9,44781,卖盘
10:41:08,49.2,0.0,56,275520,买盘
10:41:11,49.2,0.0,6,29996,买盘
10:41:14,49.16,-0.04,188,924216,卖盘
10:41:17,49.15,-0.01,72,353813,买盘
10:41:20,49.1,-0.05,20,98200,卖盘
10:41:23,49.1,0.0,23,112930,卖盘
10:41:26,49.2,0.1,19,93180,买盘
10:41:38,49.15,-0.05,5,24575,卖盘
10:41:50,49.2,0.05,399,1960863,买盘
10:41:59,49.02,-0.18,2,9804,卖盘
10:42:02,49.02,0.0,2,9804,卖盘
10:42:05,49.19,0.17,2,9838,中性盘
10:42:11,49.2,0.01,10,49192,买盘
10:42:17,49.2,0.0,93,457529,买盘
10:42:20,49.19,-0.01,2,9838,卖盘
10:42:23,49.2,0.01,84,413272,买盘
10:42:26,49.2,0.0,116,572062,买盘
10:42:29,49.21,0.01,47,231665,中性盘
10:42:38,49.21,0.0,12,59052,卖盘
10:42:41,49.23,0.02,2,9846,卖盘
10:42:47,49.3,0.07,18,90417,买盘
10:42:50,49.35,0.05,7,34545,卖盘
10:42:53,49.38,0.03,5,26714,买盘
10:43:02,49.4,0.02,39,193599,买盘
10:43:08,49.4,0.0,7,34580,买盘
10:43:14,49.4,0.0,2,8645,买盘
10:43:20,49.4,0.0,2,9880,卖盘
10:43:29,49.4,0.0,5,24700,卖盘
10:43:56,49.49,0.09,11,54437,买盘
10:43:59,49.5,0.01,10,49500,买盘
10:44:02,49.5,0.0,14,69335,买盘
10:44:05,49.64,0.14,32,157057,买盘
10:44:08,49.64,0.0,20,99280,卖盘
10:44:11,49.65,0.01,12,59580,买盘
10:44:14,49.65,0.0,20,99300,买盘
10:44:17,49.64,-0.01,37,183703,卖盘
10:44:20,49.64,0.0,12,59578,卖盘
10:44:23,49.64,0.0,2,9928,卖盘
10:44:38,49.65,0.01,19,94335,买盘
10:44:47,49.64,-0.01,2,9928,卖盘
10:44:50,49.65,0.01,42,208530,买盘
10:44:59,49.64,-0.01,2,9928,卖盘
10:45:02,49.64,0.0,5,23828,卖盘
10:45:05,49.63,-0.01,8,40752,卖盘
10:45:20,49.5,-0.13,1,4257,卖盘
10:45:47,49.6,0.1,3,13045,买盘
10:45:59,49.52,-0.08,1,4952,卖盘
10:46:11,49.6,0.08,34,168442,买盘
10:46:17,49.51,-0.09,0,2129,卖盘
10:46:20,49.6,0.09,26,129505,买盘
10:46:29,49.6,0.0,2,11309,买盘
10:46:35,49.6,0.0,5,24255,买盘
10:46:38,49.6,0.0,33,165676,中性盘
10:46:56,49.59,-0.01,2,10413,卖盘
10:47:08,49.55,-0.04,12,59460,卖盘
10:47:11,49.6,0.05,12,59504,买盘
10:47:20,49.58,-0.02,3,14874,中性盘
10:47:23,49.59,0.01,6,29457,买盘
10:47:26,49.53,-0.06,2,9906,卖盘
10:47:47,49.5,-0.03,3,14850,卖盘
10:47:59,49.64,0.14,234,1161827,买盘
10:48:02,49.65,0.01,97,481600,买盘
10:48:11,49.77,0.12,87,430657,买盘
10:48:14,49.79,0.02,32,157181,买盘
10:48:26,49.8,0.01,14,68264,买盘
10:48:29,49.84,0.04,5,24920,卖盘
10:48:41,49.84,0.0,2,9968,卖盘
10:48:56,49.76,-0.08,2,9952,卖盘
10:48:59,49.92,0.16,33,164656,买盘
10:49:02,49.92,0.0,13,66094,买盘
10:49:17,49.93,0.01,25,126680,买盘
10:49:23,49.93,0.0,9,43739,买盘
10:49:29,49.92,-0.01,14,69900,卖盘
10:49:32,49.95,0.03,34,169805,买盘
10:49:35,49.91,-0.04,10,49910,卖盘
10:49:38,49.96,0.05,58,289620,买盘
10:49:41,49.94,-0.02,10,49948,卖盘
10:49:59,49.92,-0.02,13,65198,卖盘
10:50:05,49.91,-0.01,10,49910,卖盘
10:50:08,49.91,0.0,34,169706,卖盘
10:50:14,49.91,0.0,27,136504,卖盘
10:50:17,49.92,0.01,16,79872,买盘
10:50:20,49.91,-0.01,3,17169,卖盘
10:50:26,49.91,0.0,2,10032,买盘
10:50:41,49.76,-0.15,50,248808,卖盘
10:50:44,49.91,0.15,20,99810,买盘
10:50:47,49.76,-0.15,100,497610,卖盘
10:50:50,49.92,0.16,34,169698,买盘
10:50:59,49.76,-0.16,84,418024,卖盘
10:51:02,49.91,0.15,26,129270,买盘
10:51:14,49.96,0.05,140,697825,买盘
10:51:29,49.97,0.01,54,271933,买盘
10:51:32,49.98,0.01,18,89964,买盘
10:51:44,49.98,0.0,10,49980,买盘
10:51:47,49.99,0.01,10,49981,买盘
10:51:50,49.99,0.0,2,11897,买盘
10:51:56,49.99,0.0,22,107851,买盘
10:52:02,49.97,-0.02,32,159904,卖盘
10:52:05,49.97,0.0,20,99940,买盘
10:52:08,50.08,0.11,435,2173549,买盘
10:52:11,50.2,0.12,33,165961,买盘
10:52:14,50.25,0.05,31,157224,买盘
10:52:26,50.46,0.21,3,12817,买盘
10:52:29,50.55,0.09,78,395611,买盘
10:52:32,50.59,0.04,4,20228,买盘
10:52:35,50.66,0.07,2,10637,买盘
10:52:38,50.66,0.0,18,90570,买盘
10:52:47,50.69,0.03,8,41203,买盘
10:52:50,50.71,0.02,56,284276,卖盘
10:52:53,50.71,0.0,5,25355,卖盘
10:52:56,50.78,0.07,6,30464,买盘
10:53:05,50.71,-0.07,10,52676,买盘
10:53:08,50.79,0.08,93,471666,买盘
10:53:11,50.78,-0.01,2,10156,中性盘
10:53:14,50.78,0.0,23,116115,卖盘
10:53:17,50.9,0.12,29,147428,买盘
10:53:20,50.81,-0.09,12,60952,中性盘
10:53:23,50.81,0.0,27,137187,买盘
10:53:26,50.81,0.0,17,86459,卖盘
10:53:29,50.81,0.0,12,63106,卖盘
10:53:32,50.81,0.0,59,297828,卖盘
10:53:41,50.81,0.0,17,86315,买盘
10:53:53,50.74,-0.07,20,101340,买盘
10:53:56,50.81,0.07,31,158189,买盘
10:53:59,50.61,-0.2,15,76095,卖盘
10:54:11,50.61,0.0,2,10122,卖盘
10:54:17,50.61,0.0,5,25305,卖盘
10:54:23,50.61,0.0,5,25305,卖盘
10:54:29,50.61,0.0,0,1316,卖盘
10:54:32,50.61,0.0,113,573661,买盘
10:54:35,50.67,0.06,12,60850,买盘
10:54:38,50.67,0.0,10,48390,卖盘
10:54:41,50.73,0.06,2,10146,买盘
10:54:44,50.73,0.0,53,269229,买盘
10:54:50,50.8,0.07,2,10160,买盘
10:54:53,50.75,-0.05,4,18371,卖盘
10:55:05,50.75,0.0,18,93279,买盘
10:55:08,50.77,0.02,49,246391,中性盘
10:55:11,50.82,0.05,15,77907,买盘
10:55:14,50.8,-0.02,10,50806,卖盘
10:55:17,50.81,0.01,10,50810,买盘
10:55:20,50.88,0.07,51,259400,买盘
10:55:23,50.9,0.02,79,401790,买盘
10:55:32,50.9,0.0,2,11046,买盘
10:55:38,50.88,-0.02,7,34903,卖盘
10:55:41,50.87,-0.01,9,43806,卖盘
10:55:50,50.85,-0.02,10,48358,卖盘
10:55:53,50.85,0.0,0,2492,卖盘
10:55:56,50.82,-0.03,12,60974,买盘
10:56:08,50.75,-0.07,2,8221,卖盘
10:56:11,50.75,0.0,2,10150,买盘
10:56:26,50.61,-0.14,2,10122,卖盘
10:56:38,50.69,0.08,122,619287,买盘
10:56:47,50.52,-0.17,2,10104,卖盘
10:56:50,50.52,0.0,10,50520,卖盘
10:56:53,50.6,0.08,42,210910,买盘
10:57:05,50.46,-0.14,13,65648,卖盘
10:57:14,50.46,0.0,15,75690,卖盘
10:57:17,50.53,0.07,15,76517,买盘
10:57:20,50.46,-0.07,3,14533,卖盘
10:57:23,50.37,-0.09,2,10074,卖盘
10:57:26,50.37,0.0,5,24832,卖盘
10:57:29,50.37,0.0,3,12593,卖盘
10:57:38,50.46,0.09,5,25230,买盘
10:57:41,50.46,0.0,16,81341,买盘
10:57:44,50.51,0.05,4,20208,卖盘
10:57:47,50.51,0.0,12,60612,卖盘
10:57:50,50.5,-0.01,2,10100,卖盘
10:58:02,50.5,0.0,4,20200,卖盘
10:58:05,50.5,0.0,13,63125,卖盘
10:58:11,50.5,0.0,2,7575,卖盘
10:58:23,50.43,-0.07,5,25217,卖盘
10:58:29,50.43,0.0,3,15331,卖盘
10:58:32,50.5,0.07,55,275199,买盘
10:58:38,50.5,0.0,13,65620,买盘
10:58:44,50.5,0.0,18,90900,买盘
10:58:50,50.51,0.01,20,101002,买盘
10:58:56,50.49,-0.02,3,15147,买盘
10:59:11,50.5,0.01,46,232503,卖盘
10:59:38,50.5,0.0,2,10100,买盘
10:59:44,50.55,0.05,35,174223,买盘
10:59:53,50.49,-0.06,2,11512,卖盘
11:00:02,50.49,0.0,0,303,卖盘
11:00:05,50.55,0.06,15,75825,买盘
11:00:11,50.59,0.04,67,339675,买盘
11:00:26,50.59,0.0,2,10118,买盘
11:00:44,50.57,-0.02,7,36056,买盘
11:01:05,50.57,0.0,2,10114,卖盘
11:01:17,50.57,0.0,18,88649,卖盘
11:01:35,50.58,0.01,16,80922,买盘
11:01:41,50.57,-0.01,24,120913,卖盘
11:01:47,50.55,-0.02,12,60660,卖盘
11:01:50,50.55,0.0,15,75845,卖盘
11:02:08,50.41,-0.14,2,10082,卖盘
11:02:29,50.4,-0.01,5,25200,卖盘
11:02:32,50.4,0.0,9,46822,卖盘
11:02:59,50.41,0.01,17,86046,卖盘
11:03:02,50.4,-0.01,7,33012,卖盘
11:03:17,50.4,0.0,3,15725,卖盘
11:03:26,50.4,0.0,37,186430,买盘
11:03:32,50.38,-0.02,2,10076,卖盘
11:03:38,50.38,0.0,4,19951,卖盘
11:03:50,50.38,0.0,2,10076,卖盘
11:04:20,50.41,0.03,4,20162,买盘
11:04:32,50.41,0.0,0,1714,卖盘
11:04:44,50.4,-0.01,57,287271,买盘
11:04:47,50.39,-0.01,1,5039,卖盘
11:04:53,50.39,0.0,1,5039,买盘
11:05:08,50.4,0.01,10,50400,买盘
11:05:11,50.38,-0.02,7,35467,卖盘
11:05:23,50.28,-0.1,28,140788,卖盘
11:05:38,50.25,-0.03,10,50250,卖盘
11:05:47,50.0,-0.25,450,2251571,卖盘
11:05:50,50.28,0.28,22,111137,买盘
11:05:53,50.4,0.12,92,463618,买盘
11:06:08,50.3,-0.1,50,251504,卖盘
11:06:11,50.3,0.0,10,50300,买盘
11:06:26,50.4,0.1,78,390605,买盘
11:06:41,50.49,0.09,20,100980,买盘
11:07:17,50.32,-0.17,2,10265,卖盘
11:07:23,50.32,0.0,3,14895,买盘
11:07:35,50.43,0.11,21,107898,买盘
11:07:56,50.42,-0.01,2,10084,买盘
11:07:59,50.31,-0.11,4,20577,卖盘
11:08:02,50.29,-0.02,10,50298,卖盘
11:08:11,50.31,0.02,39,198685,卖盘
11:08:14,50.31,0.0,18,90558,买盘
11:08:17,50.31,0.0,3,15093,买盘
11:08:23,50.31,0.0,21,105651,买盘
11:08:29,50.31,0.0,2,10062,买盘
11:08:35,50.31,0.0,107,538417,买盘
11:08:41,50.3,-0.01,2,10060,卖盘
11:09:02,50.43,0.13,39,195167,买盘
11:09:05,50.43,0.0,34,172672,买盘
11:09:11,50.56,0.13,134,674877,买盘
11:09:14,50.59,0.03,44,222586,买盘
11:09:17,50.6,0.01,39,197340,买盘
11:09:20,50.62,0.02,12,60744,买盘
11:09:23,50.62,0.0,12,62462,买盘
11:09:26,50.71,0.09,36,183321,买盘
11:09:29,50.81,0.1,21,106684,买盘
11:09:38,50.86,0.05,45,226560,买盘
11:09:41,50.96,0.1,233,1185306,买盘
11:09:44,50.98,0.02,40,203913,买盘
11:09:50,50.98,0.0,5,25490,买盘
11:09:53,50.98,0.0,20,101930,买盘
11:09:56,50.98,0.0,26,132546,买盘
11:09:59,50.98,0.0,55,278606,买盘
11:10:02,50.96,-0.02,15,78237,卖盘
11:10:05,50.97,0.01,11,54792,买盘
11:10:08,50.98,0.01,28,142844,买盘
11:10:20,50.96,-0.02,13,66301,卖盘
11:10:29,50.96,0.0,2,10192,买盘
11:10:35,50.94,-0.02,11,56034,卖盘
11:10:41,50.96,0.02,16,81467,买盘
11:10:44,50.97,0.01,16,81555,买盘
11:10:50,50.97,0.0,2,10194,卖盘
11:10:53,50.96,-0.01,8,40774,卖盘
11:10:56,50.97,0.01,44,224268,买盘
11:10:59,50.96,-0.01,2,10192,卖盘
11:11:02,50.97,0.01,18,93734,买盘
11:11:05,50.96,-0.01,51,260014,卖盘
11:11:08,50.96,0.0,7,35672,卖盘
11:11:20,50.94,-0.02,8,40764,卖盘
11:11:29,50.96,0.02,22,111480,买盘
11:11:44,50.96,0.0,7,35672,买盘
11:11:50,50.96,0.0,5,25480,卖盘
11:11:56,50.97,0.01,7,35674,买盘
11:11:59,50.96,-0.01,2,10192,卖盘
11:12:08,50.96,0.0,2,10192,买盘
11:12:11,50.94,-0.02,4,20380,卖盘
11:12:17,50.98,0.04,48,243585,买盘
11:12:23,50.97,-0.01,9,45873,卖盘
11:12:32,50.97,0.0,10,50970,卖盘
11:12:35,50.98,0.01,54,277484,买盘
11:12:38,50.97,-0.01,97,492472,卖盘
11:12:47,50.94,-0.03,7,33977,卖盘
11:12:53,50.94,0.0,2,10188,卖盘
11:12:56,50.94,0.0,5,25470,卖盘
11:12:59,50.94,0.0,0,2343,卖盘
11:13:02,50.93,-0.01,4,20372,买盘
11:13:05,50.93,0.0,2,10186,买盘
11:13:11,50.93,0.0,10,50930,买盘
11:13:14,50.97,0.04,10,50964,买盘
11:13:41,50.8,-0.17,10,50806,卖盘
11:14:14,50.8,0.0,5,26822,卖盘
11:14:17,50.92,0.12,19,97457,买盘
11:14:20,50.95,0.03,12,61138,买盘
11:14:23,50.8,-0.15,2,10170,卖盘
11:14:32,50.94,0.14,7,34018,买盘
11:14:35,50.8,-0.14,1,4369,卖盘
11:14:53,50.8,0.0,3,12954,买盘
11:15:02,50.94,0.14,24,121992,买盘
11:15:05,50.95,0.01,15,73922,买盘
11:15:17,50.8,-0.15,4,20320,买盘
11:15:26,50.68,-0.12,2,10136,卖盘
11:15:53,50.7,0.02,10,50700,卖盘
11:16:11,50.7,0.0,10,50700,买盘
11:16:26,50.8,0.1,21,107876,买盘
11:16:35,50.73,-0.07,2,10146,卖盘
11:16:41,50.74,0.01,101,514459,中性盘
11:16:44,50.93,0.19,36,183289,买盘
11:17:02,50.93,0.0,17,86523,买盘
11:17:17,50.93,0.0,19,97786,买盘
11:17:20,50.95,0.02,12,61140,买盘
11:17:29,50.97,0.02,104,529787,买盘
11:17:32,50.69,-0.28,40,202462,卖盘
11:17:38,50.8,0.11,18,91440,中性盘
11:17:44,50.75,-0.05,10,50750,中性盘
11:17:47,50.75,0.0,10,50750,买盘
11:18:02,50.75,0.0,18,89117,买盘
11:18:05,50.75,0.0,54,274050,买盘
11:18:14,50.75,0.0,2,10150,买盘
11:18:38,50.68,-0.07,2,10136,卖盘
11:18:47,50.75,0.07,2,11158,买盘
11:18:50,50.8,0.05,113,574763,买盘
11:19:11,50.88,0.08,7,35614,买盘
11:19:17,50.73,-0.15,20,101707,卖盘
11:19:32,50.95,0.22,38,192031,买盘
11:19:35,50.98,0.03,16,81565,买盘
11:19:44,50.95,-0.03,16,82997,卖盘
11:19:47,50.99,0.04,26,130213,买盘
11:19:53,50.99,0.0,148,754642,买盘
11:19:56,50.99,0.0,147,749808,买盘
11:20:02,50.99,0.0,44,223693,买盘
11:20:05,51.0,0.01,223,1139567,买盘
11:20:08,51.0,0.0,15,76500,买盘
11:20:14,51.0,0.0,41,210528,买盘
11:20:17,51.0,0.0,27,137699,买盘
11:20:23,51.0,0.0,6,29529,买盘
11:20:26,50.98,-0.02,20,104120,卖盘
11:20:44,51.0,0.02,22,110039,买盘
11:20:47,51.0,0.0,282,1438200,买盘
11:20:50,51.0,0.0,7,35700,买盘
11:20:53,51.0,0.0,9,43962,买盘
11:20:56,51.0,0.0,39,196500,买盘
11:20:59,51.0,0.0,7,35700,买盘
11:21:02,51.01,0.01,69,351450,买盘
11:21:05,51.05,0.04,34,173999,买盘
11:21:08,51.1,0.05,183,935207,买盘
11:21:11,51.13,0.03,214,1094491,买盘
11:21:14,51.18,0.05,15,75102,买盘
11:21:20,51.25,0.07,171,877830,买盘
11:21:23,51.25,0.0,10,53244,买盘
11:21:26,51.32,0.07,80,410417,买盘
11:21:29,51.39,0.07,102,525300,买盘
11:21:32,51.38,-0.01,2,10276,卖盘
11:21:35,51.39,0.01,148,761967,买盘
11:21:38,51.47,0.08,2,10294,买盘
11:21:41,51.5,0.03,80,411983,买盘
11:21:44,51.47,-0.03,58,298434,中性盘
11:21:47,51.47,0.0,2,10294,买盘
11:21:50,51.5,0.03,28,144110,买盘
11:21:53,51.45,-0.05,2,10290,卖盘
11:21:56,51.47,0.02,4,20584,中性盘
11:21:59,51.45,-0.02,1,5145,卖盘
11:22:02,51.5,0.05,184,945385,买盘
11:22:05,51.55,0.05,49,254607,买盘
11:22:08,51.49,-0.06,5,25748,卖盘
11:22:11,51.63,0.14,14,72253,买盘
11:22:14,51.63,0.0,7,36141,卖盘
11:22:17,51.65,0.02,4,20660,买盘
11:22:20,51.69,0.04,54,279027,买盘
11:22:23,51.71,0.02,3,15513,卖盘
11:22:26,51.71,0.0,7,36213,卖盘
11:22:29,51.74,0.03,2,10348,中性盘
11:22:32,51.71,-0.03,5,25863,卖盘
11:22:35,51.71,0.0,5,25855,卖盘
11:22:38,51.76,0.05,58,300112,买盘
11:22:41,51.65,-0.11,27,137627,卖盘
11:22:44,51.77,0.12,50,258850,买盘
11:22:47,51.79,0.02,19,96345,买盘
11:22:56,51.63,-0.16,9,45859,卖盘
11:22:59,51.63,0.0,2,10326,买盘
11:23:02,51.49,-0.14,11,57945,卖盘
11:23:17,51.53,0.04,54,279210,买盘
11:23:20,51.63,0.1,55,283551,买盘
11:23:23,51.68,0.05,124,639540,买盘
11:23:26,51.47,-0.21,0,618,买盘
11:23:29,51.71,0.24,87,449481,买盘
11:23:35,51.71,0.0,80,413680,买盘
11:23:38,51.76,0.05,55,286328,卖盘
11:23:41,51.71,-0.05,50,259503,卖盘
11:23:44,51.76,0.05,12,62112,买盘
11:23:47,51.76,0.0,2,10352,买盘
11:23:53,51.78,0.02,14,72479,买盘
11:23:59,51.78,0.0,4,20969,买盘
11:24:02,51.78,0.0,2,10356,卖盘
11:24:05,51.79,0.01,29,148339,买盘
11:24:08,51.8,0.01,96,497271,买盘
11:24:11,51.8,0.0,21,106190,卖盘
11:24:14,51.82,0.02,77,398892,买盘
11:24:20,51.87,0.05,10,53685,买盘
11:24:23,51.88,0.01,72,373534,买盘
11:24:26,51.9,0.02,66,342949,买盘
11:24:29,51.93,0.03,6,31158,卖盘
11:24:32,51.96,0.03,112,582206,买盘
11:24:35,51.99,0.03,54,281786,买盘
11:24:38,52.0,0.01,287,1491725,买盘
11:24:41,52.05,0.05,230,1195136,买盘
11:24:44,52.05,0.0,34,175969,买盘
11:24:47,52.18,0.13,19,99011,买盘
11:24:53,52.18,0.0,6,31308,卖盘
11:24:56,52.18,0.0,45,232464,卖盘
11:24:59,52.18,0.0,31,161061,买盘
11:25:02,52.0,-0.18,63,330118,中性盘
11:25:05,51.88,-0.12,2,10376,卖盘
11:25:08,52.18,0.3,45,232169,买盘
11:25:11,51.87,-0.31,48,250461,卖盘
11:25:14,51.76,-0.11,18,90829,卖盘
11:25:20,51.88,0.12,86,444346,买盘
11:25:23,51.71,-0.17,159,825221,卖盘
11:25:26,52.0,0.29,10,49944,买盘
11:25:29,52.05,0.05,25,127737,买盘
11:25:32,52.0,-0.05,70,362264,买盘
11:25:35,52.15,0.15,9,46930,买盘
11:25:41,52.18,0.03,26,135581,买盘
11:25:44,52.18,0.0,49,257403,卖盘
11:25:47,52.25,0.07,33,170395,买盘
11:25:50,52.2,-0.05,10,52204,卖盘
11:25:56,52.28,0.08,15,80354,买盘
11:25:59,52.25,-0.03,41,216747,买盘
11:26:02,52.25,0.0,208,1088371,卖盘
11:26:05,52.18,-0.07,23,120014,中性盘
11:26:08,52.18,0.0,46,240255,买盘
11:26:11,52.1,-0.08,29,151315,卖盘
11:26:14,51.8,-0.3,5,25900,中性盘
11:26:17,52.17,0.37,12,62577,买盘
11:26:20,51.81,-0.36,2,12538,卖盘
11:26:29,51.77,-0.04,4,20708,卖盘
11:26:32,51.88,0.11,26,134828,买盘
11:26:35,52.2,0.32,33,170686,买盘
11:26:38,51.83,-0.37,3,17104,卖盘
11:26:44,51.92,0.09,4,20768,买盘
11:26:47,51.97,0.05,6,31218,卖盘
11:26:50,51.97,0.0,6,31182,卖盘
11:26:59,51.9,-0.07,8,39504,买盘
11:27:02,51.76,-0.14,3,15529,卖盘
11:27:05,51.73,-0.03,92,477174,卖盘
11:27:11,51.77,0.04,172,888737,买盘
11:27:14,51.77,0.0,27,137290,买盘
11:27:17,51.75,-0.02,4,20700,卖盘
11:27:23,51.75,0.0,19,98335,卖盘
11:27:26,51.75,0.0,47,243315,卖盘
11:27:29,51.73,-0.02,4,20692,卖盘
11:27:38,51.77,0.04,22,112872,买盘
11:27:41,51.73,-0.04,10,51730,卖盘
11:27:50,51.66,-0.07,7,36162,卖盘
11:28:02,51.66,0.0,5,25830,卖盘
11:28:08,51.75,0.09,12,62066,买盘
11:28:11,51.66,-0.09,2,10332,卖盘
11:28:17,51.66,0.0,79,410584,卖盘
11:28:20,51.66,0.0,2,10383,买盘
11:28:23,51.66,0.0,2,10332,买盘
11:28:26,51.5,-0.16,2,10300,卖盘
11:28:29,51.51,0.01,2,10302,卖盘
11:28:32,51.51,0.0,3,15453,卖盘
11:28:35,51.55,0.04,69,354850,买盘
11:28:38,51.66,0.11,4,20974,买盘
11:28:41,51.7,0.04,10,51887,买盘
11:28:44,51.74,0.04,2,10398,买盘
11:28:47,51.74,0.0,2,10917,买盘
11:28:56,51.71,-0.03,6,30819,卖盘
11:28:59,52.0,0.29,100,516759,买盘
11:29:02,52.0,0.0,30,155958,买盘
11:29:05,51.6,-0.4,238,1228600,卖盘
11:29:08,51.51,-0.09,17,88166,卖盘
11:29:14,51.54,0.03,2,10308,卖盘
11:29:17,51.6,0.06,2,10320,买盘
11:29:23,51.84,0.24,18,93168,买盘
11:29:26,51.94,0.1,13,66769,买盘
11:29:35,51.59,-0.35,86,443125,卖盘
11:29:38,51.58,-0.01,88,455038,买盘
11:29:41,51.58,0.0,106,549224,买盘
11:29:53,51.63,0.05,12,61956,卖盘
11:29:56,51.63,0.0,18,92862,卖盘
11:30:02,51.67,0.04,2,10334,中性盘
13:00:02,51.87,0.2,102,525470,买盘
13:00:05,52.0,0.13,210,1086712,买盘
13:00:08,52.1,0.1,182,945299,买盘
13:00:11,52.2,0.1,65,338668,买盘
13:00:14,52.28,0.08,138,720439,买盘
13:00:17,52.3,0.02,179,936632,买盘
13:00:20,52.48,0.18,104,543005,买盘
13:00:23,52.51,0.03,56,295296,买盘
13:00:26,52.55,0.04,60,314474,买盘
13:00:29,52.56,0.01,46,243590,买盘
13:00:32,52.59,0.03,56,293002,买盘
13:00:35,52.65,0.06,217,1140910,买盘
13:00:38,52.88,0.23,142,747464,买盘
13:00:41,52.88,0.0,42,220937,买盘
13:00:44,52.98,0.1,147,775895,买盘
13:00:47,53.0,0.02,197,1046606,买盘
13:00:50,53.15,0.15,78,414314,卖盘
13:00:53,53.18,0.03,47,250028,卖盘
13:00:56,53.18,0.0,57,304389,卖盘
13:00:59,53.18,0.0,42,224301,卖盘
13:01:02,53.5,0.32,133,709936,买盘
13:01:05,53.62,0.12,27,144654,买盘
13:01:08,53.5,-0.12,14,74971,卖盘
13:01:11,53.64,0.14,23,124110,中性盘
13:01:14,53.68,0.04,10,53680,买盘
13:01:17,54.0,0.32,553,2981535,买盘
13:01:20,54.0,0.0,20,108378,卖盘
13:01:23,54.01,0.01,189,1021509,买盘
13:01:26,54.01,0.0,11,60761,买盘
13:01:29,54.01,0.0,2,10802,卖盘
13:01:32,54.3,0.29,52,279671,买盘
13:01:35,54.3,0.0,27,146378,买盘
13:01:38,54.3,0.0,34,181587,买盘
13:01:41,54.3,0.0,27,146159,买盘
13:01:44,54.3,0.0,6,32580,卖盘
13:01:47,54.5,0.2,236,1283280,买盘
13:01:50,54.5,0.0,29,157178,卖盘
13:01:53,54.53,0.03,84,456506,买盘
13:01:56,54.1,-0.43,192,1042156,卖盘
13:01:59,54.5,0.4,93,504976,买盘
13:02:02,54.6,0.1,494,2696815,买盘
13:02:05,54.67,0.07,61,334368,买盘
13:02:08,54.59,-0.08,105,574901,卖盘
13:02:11,54.45,-0.14,24,132721,卖盘
13:02:14,54.6,0.15,22,118641,买盘
13:02:17,54.6,0.0,59,319932,买盘
13:02:20,54.5,-0.1,5,27028,买盘
13:02:23,54.5,0.0,116,632528,买盘
13:02:26,54.5,0.0,38,204882,买盘
13:02:29,54.13,-0.37,12,65028,中性盘
13:02:32,54.43,0.3,94,511757,买盘
13:02:35,54.13,-0.3,28,151566,卖盘
13:02:38,54.14,0.01,327,1771669,买盘
13:02:41,54.03,-0.11,67,359750,卖盘
13:02:44,54.12,0.09,6,31552,买盘
13:02:47,54.01,-0.11,90,486148,卖盘
13:02:50,54.01,0.0,25,135291,卖盘
13:02:53,54.0,-0.01,63,338562,卖盘
13:02:56,54.0,0.0,264,1427654,卖盘
13:02:59,54.01,0.01,72,389414,中性盘
13:03:02,54.0,-0.01,57,308511,卖盘
13:03:05,54.03,0.03,42,226726,买盘
13:03:08,54.03,0.0,17,90908,卖盘
13:03:11,54.4,0.37,29,157695,买盘
13:03:17,54.41,0.01,2,10882,卖盘
13:03:20,54.49,0.08,68,371136,买盘
13:03:23,54.49,0.0,48,260376,买盘
13:03:26,54.5,0.01,20,106397,中性盘
13:03:29,54.6,0.1,30,160996,买盘
13:03:32,54.49,-0.11,5,29724,卖盘
13:03:35,54.52,0.03,2,10904,卖盘
13:03:38,54.45,-0.07,89,487791,卖盘
13:03:41,54.45,0.0,6,32740,卖盘
13:03:44,54.62,0.17,73,400348,买盘
13:03:47,54.6,-0.02,16,86985,买盘
13:03:50,54.6,0.0,212,1155376,买盘
13:03:53,54.41,-0.19,123,672171,卖盘
13:03:56,54.47,0.06,17,92415,买盘
13:03:59,54.6,0.13,83,450294,买盘
13:04:02,54.45,-0.15,7,37702,卖盘
13:04:05,54.45,0.0,18,97978,卖盘
13:04:08,54.52,0.07,70,383016,中性盘
13:04:11,54.41,-0.11,31,169874,卖盘
13:04:14,54.41,0.0,3,16051,卖盘
13:04:17,54.41,0.0,3,15888,卖盘
13:04:20,54.18,-0.23,16,87483,卖盘
13:04:23,54.18,0.0,8,42250,卖盘
13:04:29,54.18,0.0,2,10836,卖盘
13:04:32,54.18,0.0,11,58871,卖盘
13:04:35,54.49,0.31,54,290724,买盘
13:04:38,54.16,-0.33,111,602491,卖盘
13:04:41,54.0,-0.16,3,18630,卖盘
13:04:44,54.11,0.11,2,12067,买盘
13:04:47,54.0,-0.11,58,312317,卖盘
13:04:50,54.0,0.0,71,385225,卖盘
13:04:53,53.9,-0.1,9,50415,中性盘
13:04:56,53.81,-0.09,7,37669,卖盘
13:05:05,53.8,-0.01,2,10760,卖盘
13:05:08,53.73,-0.07,42,223409,中性盘
13:05:11,53.73,0.0,18,94293,买盘
13:05:14,53.81,0.08,45,243578,买盘
13:05:17,53.99,0.18,33,177779,买盘
13:05:20,54.0,0.01,28,151541,买盘
13:05:23,54.0,0.0,17,91193,买盘
13:05:26,54.0,0.0,17,90982,买盘
13:05:29,53.99,-0.01,19,102745,卖盘
13:05:32,54.0,0.01,36,196325,买盘
13:05:35,53.99,-0.01,62,334344,卖盘
13:05:38,54.0,0.01,31,168074,买盘
13:05:41,53.99,-0.01,6,32398,卖盘
13:05:44,54.0,0.01,112,605479,买盘
13:05:47,54.0,0.0,33,178026,买盘
13:05:50,54.15,0.15,53,288319,买盘
13:05:53,54.18,0.03,23,124380,买盘
13:05:56,54.18,0.0,122,659208,买盘
13:05:59,54.33,0.15,36,195626,买盘
13:06:02,54.5,0.17,13,71710,买盘
13:06:05,54.18,-0.32,58,317002,卖盘
13:06:08,54.53,0.35,19,103056,买盘
13:06:11,54.52,-0.01,10,55234,卖盘
13:06:14,54.5,-0.02,16,86924,买盘
13:06:17,54.5,0.0,37,200778,卖盘
13:06:20,54.52,0.02,56,307181,买盘
13:06:23,54.5,-0.02,35,191221,卖盘
13:06:26,54.21,-0.29,73,399895,卖盘
13:06:29,54.5,0.29,40,218855,买盘
13:06:32,54.52,0.02,25,136904,买盘
13:06:35,54.6,0.08,4,24406,买盘
13:06:38,54.5,-0.1,72,390042,卖盘
13:06:41,54.66,0.16,32,174892,买盘
13:06:44,54.6,-0.06,39,212568,卖盘
13:06:47,54.68,0.08,26,142242,买盘
13:06:50,54.6,-0.08,44,240679,中性盘
13:06:53,54.78,0.18,47,256137,买盘
13:06:56,54.78,0.0,13,69521,卖盘
13:06:59,54.8,0.02,64,349140,买盘
13:07:02,54.87,0.07,41,222294,买盘
13:07:05,54.89,0.02,43,234969,买盘
13:07:08,55.0,0.11,497,2735015,买盘
13:07:11,55.18,0.18,179,984502,买盘
13:07:14,55.34,0.16,53,294910,买盘
13:07:17,55.38,0.04,112,621544,买盘
13:07:20,55.41,0.03,76,421028,买盘
13:07:23,55.47,0.06,38,211219,买盘
13:07:26,55.44,-0.03,39,215033,卖盘
13:07:29,55.17,-0.27,59,328058,卖盘
13:07:32,55.56,0.39,346,1918210,买盘
13:07:35,55.67,0.11,29,160587,买盘
13:07:38,55.7,0.03,60,333542,买盘
13:07:41,55.79,0.09,14,76829,买盘
13:07:44,55.8,0.01,13,72820,买盘
13:07:47,55.88,0.08,319,1777715,买盘
13:07:50,55.89,0.01,148,827739,买盘
13:07:53,55.81,-0.08,34,189971,卖盘
13:07:56,55.88,0.07,535,2992501,卖盘
13:07:59,55.8,-0.08,85,472220,卖盘
13:08:02,55.86,0.06,165,924580,买盘
13:08:05,55.81,-0.05,46,257702,卖盘
13:08:08,55.8,-0.01,104,578261,卖盘
13:08:11,55.8,0.0,38,212120,卖盘
13:08:14,55.7,-0.1,319,1776767,卖盘
13:08:17,55.8,0.1,82,455445,卖盘
13:08:20,55.8,0.0,48,267616,买盘
13:08:23,55.7,-0.1,41,226598,卖盘
13:08:26,55.79,0.09,7,41762,买盘
13:08:29,55.7,-0.09,23,129896,卖盘
13:08:32,55.7,0.0,38,213055,卖盘
13:08:35,55.7,0.0,24,134527,卖盘
13:08:38,55.71,0.01,83,465020,买盘
13:08:41,55.47,-0.24,409,2275192,卖盘
13:08:44,55.5,0.03,612,3395712,买盘
13:08:47,55.37,-0.13,12,63749,卖盘
13:08:50,55.33,-0.04,122,678625,中性盘
13:08:53,55.47,0.14,70,390843,买盘
13:08:56,55.01,-0.46,23,126330,卖盘
13:09:02,55.65,0.64,25,141185,买盘
13:09:05,55.33,-0.32,10,58063,卖盘
13:09:08,55.33,0.0,11,60863,卖盘
13:09:11,55.33,0.0,78,435964,卖盘
13:09:14,55.65,0.32,56,313623,买盘
13:09:17,55.37,-0.28,51,284071,卖盘
13:09:20,55.68,0.31,39,216392,中性盘
13:09:23,55.41,-0.27,3,16623,中性盘
13:09:26,55.38,-0.03,45,250827,中性盘
13:09:29,55.33,-0.05,22,121706,卖盘
13:09:32,55.02,-0.31,24,132181,卖盘
13:09:38,55.58,0.56,28,154104,买盘
13:09:41,55.38,-0.2,59,329636,中性盘
13:09:44,55.65,0.27,37,207166,买盘
13:09:47,55.75,0.1,224,1238634,买盘
13:09:50,55.68,-0.07,32,178879,卖盘
13:09:53,55.78,0.1,61,337929,买盘
13:09:56,55.01,-0.77,40,218185,卖盘
13:09:59,55.01,0.0,60,331931,买盘
13:10:02,55.32,0.31,10,57326,买盘
13:10:05,55.3,-0.02,11,60898,卖盘
13:10:11,55.02,-0.28,100,550351,卖盘
13:10:14,55.51,0.49,17,92798,买盘
13:10:17,55.2,-0.31,5,27600,卖盘
13:10:20,55.3,0.1,8,44075,买盘
13:10:23,55.3,0.0,68,377614,买盘
13:10:26,55.21,-0.09,30,163856,卖盘
13:10:29,55.3,0.09,30,164627,买盘
13:10:32,55.25,-0.05,16,90190,卖盘
13:10:35,55.29,0.04,8,46542,中性盘
13:10:38,55.3,0.01,35,191887,买盘
13:10:41,55.58,0.28,8,44687,买盘
13:10:44,55.6,0.02,158,874029,买盘
13:10:47,55.6,0.0,22,121552,买盘
13:10:50,55.21,-0.39,2,11042,中性盘
13:10:53,55.2,-0.01,21,114309,卖盘
13:10:56,55.5,0.3,5,28416,买盘
13:10:59,55.5,0.0,64,352548,买盘
13:11:02,55.6,0.1,13,72664,买盘
13:11:05,55.6,0.0,125,692430,买盘
13:11:08,55.66,0.06,36,200970,买盘
13:11:11,55.67,0.01,41,225623,买盘
13:11:14,55.65,-0.02,16,88999,买盘
13:11:17,55.68,0.03,39,214314,买盘
13:11:20,55.68,0.0,18,99694,买盘
13:11:26,55.98,0.3,4019,22469672,买盘
13:11:29,55.98,0.0,2401,13438338,买盘
13:11:32,55.98,0.0,10,55980,卖盘
13:11:35,55.98,0.0,263,1472666,卖盘
13:11:38,55.98,0.0,30,167940,卖盘
13:11:41,55.98,0.0,197,1102806,卖盘
13:11:44,55.98,0.0,167,936433,卖盘
13:11:47,55.98,0.0,95,531810,卖盘
13:11:50,55.98,0.0,504,2818593,卖盘
13:11:53,55.98,0.0,550,3076269,卖盘
13:11:56,55.98,0.0,327,1830546,卖盘
13:11:59,55.98,0.0,66,366837,卖盘
13:12:02,55.97,-0.01,170,950310,卖盘
13:12:05,55.98,0.01,151,842746,买盘
13:12:08,55.98,0.0,168,938001,买盘
13:12:11,55.98,0.0,138,774987,买盘
13:12:14,55.98,0.0,18,97955,买盘
13:12:17,55.98,0.0,214,1198375,买盘
13:12:20,55.98,0.0,99,553988,卖盘
13:12:23,55.98,0.0,331,1852938,卖盘
13:12:26,55.8,-0.18,147,822365,卖盘
13:12:29,55.98,0.18,121,679069,买盘
13:12:32,55.98,0.0,96,535626,买盘
13:12:35,55.98,0.0,56,313356,买盘
13:12:38,55.98,0.0,31,171578,买盘
13:12:41,55.8,-0.18,16,90124,卖盘
13:12:44,55.98,0.18,54,304115,买盘
13:12:47,55.8,-0.18,41,229218,卖盘
13:12:50,55.78,-0.02,94,524460,卖盘
13:12:53,55.79,0.01,32,178503,中性盘
13:12:56,55.79,0.0,34,189060,买盘
13:12:59,55.75,-0.04,26,144620,卖盘
13:13:02,55.75,0.0,8,45863,买盘
13:13:05,55.75,0.0,7,41490,买盘
13:13:08,55.75,0.0,13,72450,买盘
13:13:11,55.34,-0.41,54,298067,卖盘
13:13:14,55.34,0.0,11,60458,买盘
13:13:17,55.74,0.4,51,282946,买盘
13:13:20,55.35,-0.39,18,99644,卖盘
13:13:26,55.35,0.0,52,288372,买盘
13:13:29,55.35,0.0,29,161213,买盘
13:13:32,55.31,-0.04,30,165969,卖盘
13:13:35,55.38,0.07,66,364468,买盘
13:13:38,55.66,0.28,54,298433,买盘
13:13:41,55.66,0.0,27,151833,买盘
13:13:44,55.66,0.0,23,127685,买盘
13:13:47,55.66,0.0,7,38787,买盘
13:13:53,55.38,-0.28,4,22152,中性盘
13:13:56,55.66,0.28,13,74863,买盘
13:13:59,55.73,0.07,40,222106,买盘
13:14:02,55.4,-0.33,11,60959,卖盘
13:14:05,55.62,0.22,53,296630,中性盘
13:14:08,55.73,0.11,20,111190,买盘
13:14:11,55.72,-0.01,7,38864,中性盘
13:14:14,55.66,-0.06,2,13526,中性盘
13:14:17,55.73,0.07,17,91894,买盘
13:14:20,55.74,0.01,14,75796,买盘
13:14:23,55.73,-0.01,5,27308,中性盘
13:14:26,55.5,-0.23,20,111084,卖盘
13:14:29,55.5,0.0,90,497767,卖盘
13:14:32,55.72,0.22,49,272698,买盘
13:14:35,55.72,0.0,18,100032,买盘
13:14:38,55.5,-0.22,76,421249,卖盘
13:14:41,55.7,0.2,46,255948,中性盘
13:14:44,55.7,0.0,30,167011,买盘
13:14:47,55.66,-0.04,13,72214,中性盘
13:14:53,55.5,-0.16,10,55500,卖盘
13:14:56,55.51,0.01,16,88906,卖盘
13:14:59,55.7,0.19,65,361540,买盘
13:15:02,55.66,-0.04,24,133617,卖盘
13:15:05,55.6,-0.06,53,293097,卖盘
13:15:08,55.63,0.03,11,61187,买盘
13:15:11,55.6,-0.03,8,46197,卖盘
13:15:14,55.6,0.0,6,33320,买盘
13:15:20,55.6,0.0,10,54949,买盘
13:15:23,55.6,0.0,38,211735,买盘
13:15:26,55.59,-0.01,18,99960,中性盘
13:15:29,55.68,0.09,47,261574,买盘
13:15:32,55.66,-0.02,36,200003,中性盘
13:15:35,55.66,0.0,9,49983,买盘
13:15:38,55.66,0.0,23,128847,买盘
13:15:41,55.66,0.0,13,72183,买盘
13:15:44,55.5,-0.16,8,43700,中性盘
13:15:47,55.66,0.16,8,44441,买盘
13:15:53,55.63,-0.03,30,164555,买盘
13:15:56,55.61,-0.02,17,96383,中性盘
13:15:59,55.67,0.06,64,354200,买盘
13:16:02,55.67,0.0,47,261357,买盘
13:16:05,55.67,0.0,23,127231,买盘
13:16:08,55.6,-0.07,25,140563,中性盘
13:16:11,55.65,0.05,9,50040,中性盘
13:16:14,55.65,0.0,32,178468,买盘
13:16:17,55.57,-0.08,18,101390,中性盘
13:16:20,55.4,-0.17,144,799255,卖盘
13:16:23,55.4,0.0,78,430740,买盘
13:16:26,55.4,0.0,69,382816,卖盘
13:16:29,55.57,0.17,54,300620,买盘
13:16:32,55.45,-0.12,30,166250,卖盘
13:16:35,55.45,0.0,27,147103,买盘
13:16:38,55.57,0.12,35,192564,买盘
13:16:41,55.57,0.0,27,148385,买盘
13:16:44,55.35,-0.22,36,197612,卖盘
13:16:47,55.56,0.21,26,145687,中性盘
13:16:50,55.5,-0.06,9,49875,中性盘
13:16:53,55.5,0.0,21,118716,买盘
13:16:56,55.49,-0.01,8,44374,中性盘
13:16:59,55.5,0.01,46,254428,买盘
13:17:02,55.5,0.0,60,333131,买盘
13:17:05,55.49,-0.01,20,110812,中性盘
13:17:08,55.45,-0.04,29,162841,中性盘
13:17:11,55.45,0.0,10,55370,买盘
13:17:14,55.5,0.05,19,103463,买盘
13:17:17,55.48,-0.02,18,99598,中性盘
13:17:23,55.45,-0.03,8,44441,买盘
13:17:26,55.5,0.05,92,507765,买盘
13:17:29,55.37,-0.13,72,400298,卖盘
13:17:32,55.42,0.05,31,173597,买盘
13:17:35,55.32,-0.1,23,125644,卖盘
13:17:38,55.55,0.23,84,466498,买盘
13:17:41,55.56,0.01,30,168191,买盘
13:17:44,55.38,-0.18,9,49942,卖盘
13:17:47,55.37,-0.01,37,205296,中性盘
13:17:50,55.37,0.0,11,60841,买盘
13:17:56,55.5,0.13,62,344137,买盘
13:17:59,55.5,0.0,40,224148,买盘
13:18:02,55.5,0.0,14,77576,买盘
13:18:05,55.3,-0.2,17,93371,卖盘
13:18:08,55.31,0.01,43,237500,中性盘
13:18:11,55.31,0.0,11,61220,买盘
13:18:14,55.5,0.19,25,139167,买盘
13:18:17,55.5,0.0,20,110168,买盘
13:18:20,55.5,0.0,6,34105,买盘
13:18:23,55.46,-0.04,17,96376,中性盘
13:18:26,55.5,0.04,69,380598,买盘
13:18:29,55.5,0.0,39,216564,买盘
13:18:32,55.5,0.0,85,472612,买盘
13:18:35,55.5,0.0,63,350332,买盘
13:18:38,55.5,0.0,60,330169,买盘
13:18:41,55.5,0.0,20,110760,买盘
13:18:44,55.5,0.0,23,128788,买盘
13:18:47,55.55,0.05,16,88308,买盘
13:18:50,55.23,-0.32,16,85803,卖盘
13:18:53,55.5,0.27,17,92895,中性盘
13:18:56,55.5,0.0,57,317127,买盘
13:18:59,55.5,0.0,33,182541,买盘
13:19:02,55.5,0.0,16,88440,买盘
13:19:05,55.2,-0.3,4,22080,卖盘
13:19:08,55.25,0.05,2,13260,卖盘
13:19:11,55.23,-0.02,32,179421,卖盘
13:19:14,55.3,0.07,95,524709,买盘
13:19:17,55.3,0.0,50,277517,买盘
13:19:20,55.23,-0.07,6,33166,中性盘
13:19:23,55.23,0.0,111,612782,买盘
13:19:26,55.27,0.04,82,450822,买盘
13:19:29,55.3,0.03,110,606510,买盘
13:19:32,55.19,-0.11,51,278444,中性盘
13:19:35,55.01,-0.18,21,117910,中性盘
13:19:38,55.26,0.25,18,101391,中性盘
13:19:41,55.23,-0.03,12,65432,中性盘
13:19:44,55.23,0.0,7,35942,买盘
13:19:47,55.21,-0.02,16,88643,中性盘
13:19:50,55.19,-0.02,6,35487,中性盘
13:19:53,55.2,0.01,6,33040,买盘
13:19:56,55.27,0.07,76,416968,买盘
13:19:59,55.27,0.0,52,288203,买盘
13:20:02,55.26,-0.01,21,115395,中性盘
13:20:05,55.26,0.0,9,49614,买盘
13:20:08,55.26,0.0,17,92931,买盘
13:20:11,55.27,0.01,47,257959,买盘
13:20:14,55.27,0.0,114,629064,买盘
13:20:17,54.96,-0.31,138,759217,卖盘
13:20:20,55.0,0.04,0,2310,买盘
13:20:23,55.25,0.25,95,525390,中性盘
13:20:26,55.27,0.02,88,487506,买盘
13:20:29,55.3,0.03,43,235090,买盘
13:20:38,54.85,-0.45,10,54850,卖盘
13:20:41,55.01,0.16,18,100240,买盘
13:20:44,55.28,0.27,12,68047,买盘
13:20:50,55.03,-0.25,3,16942,卖盘
13:20:53,55.03,0.0,2,11006,买盘
13:20:56,54.85,-0.18,123,676446,卖盘
13:20:59,55.27,0.42,33,182079,买盘
13:21:02,55.23,-0.04,8,43150,中性盘
13:21:05,55.23,0.0,7,37126,买盘
13:21:17,55.23,0.0,8,44791,买盘
13:21:20,55.27,0.04,21,115276,买盘
13:21:23,55.26,-0.01,18,97152,买盘
13:21:26,55.03,-0.23,48,262467,买盘
13:21:29,55.27,0.24,185,1022211,买盘
13:21:32,55.27,0.0,119,654684,买盘
13:21:35,55.32,0.05,250,1378036,买盘
13:21:38,55.01,-0.31,83,455520,买盘
13:21:41,55.21,0.2,6,33130,中性盘
13:21:44,54.92,-0.29,8,44509,卖盘
13:21:47,54.9,-0.02,29,160192,卖盘
13:21:50,54.95,0.05,16,89211,买盘
13:21:53,54.85,-0.1,14,78422,买盘
13:21:56,55.21,0.36,38,211239,买盘
13:21:59,55.45,0.24,13,71741,中性盘
13:22:02,55.5,0.05,10,57458,买盘
13:22:05,55.49,-0.01,2,11098,买盘
13:22:08,55.48,-0.01,43,236594,中性盘
13:22:11,55.48,0.0,9,48558,买盘
13:22:14,55.48,0.0,2,11096,买盘
13:22:17,55.48,0.0,34,190907,买盘
13:22:20,55.48,0.0,2,11096,买盘
13:22:23,55.47,-0.01,5,27344,买盘
13:22:26,54.96,-0.51,50,275954,中性盘
13:22:29,55.48,0.52,22,121614,买盘
13:22:32,55.47,-0.01,2,11094,中性盘
13:22:35,55.48,0.01,11,63743,买盘
13:22:38,55.48,0.0,21,118242,买盘
13:22:41,55.02,-0.46,22,120532,中性盘
13:22:44,55.48,0.46,2,11096,买盘
13:22:47,55.45,-0.03,6,34711,中性盘
13:22:50,55.49,0.04,50,279248,买盘
13:22:53,55.48,-0.01,32,176693,买盘
13:22:56,54.98,-0.5,10,55787,卖盘
13:22:59,55.45,0.47,2,11090,买盘
13:23:08,55.38,-0.07,4,22076,中性盘
13:23:17,55.38,0.0,10,55440,买盘
13:23:20,55.4,0.02,9,47748,买盘
13:23:23,55.4,0.0,10,55505,买盘
13:23:26,55.4,0.0,7,40331,买盘
13:23:29,55.4,0.0,41,227110,买盘
13:23:32,55.47,0.07,14,75686,中性盘
13:23:35,55.45,-0.02,15,83188,中性盘
13:23:38,55.42,-0.03,11,61016,卖盘
13:23:41,55.48,0.06,4,22192,买盘
13:23:44,55.48,0.0,2,11096,买盘
13:23:47,55.49,0.01,84,466756,买盘
13:23:50,55.5,0.01,139,773191,买盘
13:23:53,55.6,0.1,115,641219,买盘
13:23:56,55.61,0.01,74,412947,买盘
13:23:59,55.05,-0.56,37,201865,中性盘
13:24:02,55.64,0.59,62,345188,买盘
13:24:05,55.51,-0.13,57,316487,卖盘
13:24:08,55.51,0.0,39,217600,买盘
13:24:11,55.54,0.03,43,239774,买盘
13:24:14,55.6,0.06,37,202685,买盘
13:24:17,55.61,0.01,45,247885,买盘
13:24:20,55.65,0.04,75,416379,买盘
13:24:23,55.67,0.02,91,504127,买盘
13:24:26,55.71,0.04,56,314036,买盘
13:24:29,55.75,0.04,126,701068,买盘
13:24:32,55.8,0.05,73,405299,买盘
13:24:35,55.98,0.18,896,5010088,买盘
13:24:38,55.98,0.0,266,1487746,买盘
13:24:41,55.98,0.0,1035,5791776,买盘
13:24:44,55.98,0.0,336,1875248,买盘
13:24:47,55.98,0.0,914,5117553,买盘
13:24:50,55.98,0.0,742,4155802,买盘
13:24:53,55.98,0.0,742,4153601,买盘
13:24:56,55.98,0.0,131,733338,卖盘
13:24:59,55.98,0.0,196,1096816,卖盘
13:25:02,55.98,0.0,15,83970,卖盘
13:25:08,55.98,0.0,102,570996,卖盘
13:25:11,55.98,0.0,183,1023819,卖盘
13:25:14,55.98,0.0,4,22392,卖盘
13:25:17,55.98,0.0,2,11196,卖盘
13:25:20,55.98,0.0,140,783720,卖盘
13:25:23,55.98,0.0,2,11196,卖盘
13:25:26,55.98,0.0,60,336943,卖盘
13:25:32,55.98,0.0,2,11196,卖盘
13:25:35,55.98,0.0,38,209925,卖盘
13:25:47,55.98,0.0,2,11196,卖盘
13:25:56,55.98,0.0,110,615780,卖盘
13:25:59,55.98,0.0,2,11196,卖盘
13:26:02,55.98,0.0,100,559800,卖盘
13:26:05,55.98,0.0,4,22392,卖盘
13:26:08,55.98,0.0,2,11196,卖盘
13:26:11,55.98,0.0,41,230358,卖盘
13:26:17,55.98,0.0,10,55980,卖盘
13:26:20,55.98,0.0,52,291096,卖盘
13:26:26,55.98,0.0,2,11196,卖盘
13:26:32,55.98,0.0,2,11196,卖盘
13:26:38,55.98,0.0,66,369468,卖盘
13:26:41,55.98,0.0,4,22392,卖盘
13:26:44,55.98,0.0,51,285442,卖盘
13:26:50,55.98,0.0,10,55980,卖盘
13:26:53,55.98,0.0,72,403056,卖盘
13:26:56,55.98,0.0,106,593388,卖盘
13:26:59,55.98,0.0,3,16794,卖盘
13:27:02,55.98,0.0,10,55980,卖盘
13:27:08,55.98,0.0,152,850896,卖盘
13:27:11,55.98,0.0,20,111960,卖盘
13:27:17,55.98,0.0,4,22392,卖盘
13:27:20,55.98,0.0,10,55980,卖盘
13:27:32,55.98,0.0,10,55980,卖盘
13:27:35,55.98,0.0,25,141070,卖盘
13:27:53,55.98,0.0,150,839700,卖盘
13:27:56,55.98,0.0,1,5598,卖盘
13:28:02,55.98,0.0,53,293895,卖盘
13:28:05,55.98,0.0,3,16794,卖盘
13:28:08,55.98,0.0,6,33588,卖盘
13:28:11,55.98,0.0,5,27990,卖盘
13:28:17,55.98,0.0,2,11196,卖盘
13:28:20,55.98,0.0,20,111960,卖盘
13:28:23,55.98,0.0,4,22392,卖盘
13:28:26,55.98,0.0,159,891201,卖盘
13:28:29,55.98,0.0,2,11196,卖盘
13:28:35,55.98,0.0,2,11196,卖盘
13:28:38,55.98,0.0,15,83970,卖盘
13:28:44,55.98,0.0,53,296694,卖盘
13:28:50,55.98,0.0,2,11196,卖盘
13:28:53,55.98,0.0,69,386094,卖盘
13:29:05,55.98,0.0,14,78372,卖盘
13:29:08,55.98,0.0,3,15395,卖盘
13:29:11,55.98,0.0,43,239650,卖盘
13:29:17,55.98,0.0,12,67176,卖盘
13:29:23,55.98,0.0,30,167940,卖盘
13:29:29,55.98,0.0,202,1130796,卖盘
13:29:32,55.98,0.0,1055,5905890,卖盘
13:29:38,55.98,0.0,8,44784,卖盘
13:29:41,55.98,0.0,10,55980,卖盘
13:29:44,55.98,0.0,53,295351,卖盘
13:29:47,55.98,0.0,325,1817894,卖盘
13:29:50,55.98,0.0,232,1299744,卖盘
13:29:53,55.98,0.0,550,3078900,卖盘
13:29:56,55.98,0.0,158,881965,卖盘
13:29:59,55.98,0.0,38,210093,卖盘
13:30:02,55.98,0.0,192,1072688,卖盘
13:30:05,55.98,0.0,135,755730,卖盘
13:30:08,55.98,0.0,130,726509,卖盘
13:30:11,55.98,0.0,520,2910568,卖盘
13:30:14,55.98,0.0,97,542334,卖盘
13:30:17,55.98,0.0,90,504604,卖盘
13:30:20,55.98,0.0,10,55980,卖盘
13:30:23,55.98,0.0,2,11196,卖盘
13:30:26,55.98,0.0,20,111960,卖盘
13:30:29,55.98,0.0,48,268704,卖盘
13:30:32,55.98,0.0,250,1399500,卖盘
13:30:35,55.98,0.0,2,13267,卖盘
13:30:38,55.98,0.0,100,559800,卖盘
13:30:41,55.98,0.0,50,279900,卖盘
13:30:44,55.98,0.0,285,1597557,卖盘
13:30:47,55.98,0.0,117,652335,卖盘
13:30:50,55.98,0.0,315,1765216,卖盘
13:30:53,55.98,0.0,115,643770,买盘
13:30:56,55.98,0.0,21,117166,买盘
13:30:59,55.98,0.0,59,327483,买盘
13:31:02,55.98,0.0,5,25247,卖盘
13:31:05,55.98,0.0,52,289249,买盘
13:31:08,55.98,0.0,32,177390,卖盘
13:31:11,55.98,0.0,20,111960,买盘
13:31:14,55.98,0.0,14,78182,买盘
13:31:17,55.97,-0.01,19,106351,中性盘
13:31:20,55.98,0.01,6,33588,买盘
13:31:26,55.98,0.0,125,697502,买盘
13:31:29,55.98,0.0,154,864499,买盘
13:31:32,55.98,0.0,12,69695,买盘
13:31:35,55.84,-0.14,77,427943,卖盘
13:31:38,55.84,0.0,28,156352,买盘
13:31:41,55.84,0.0,17,94827,买盘
13:31:44,55.84,0.0,7,39088,买盘
13:31:50,55.84,0.0,17,94065,买盘
13:31:53,55.84,0.0,8,44672,买盘
13:31:56,55.84,0.0,9,50186,买盘
13:31:59,55.84,0.0,16,89204,买盘
13:32:02,55.84,0.0,188,1049838,买盘
13:32:05,55.98,0.14,47,263106,买盘
13:32:08,55.98,0.0,20,111960,买盘
13:32:11,55.87,-0.11,70,391622,卖盘
13:32:14,55.98,0.11,26,145548,买盘
13:32:17,55.98,0.0,10,55980,买盘
13:32:20,55.88,-0.1,44,246242,卖盘
13:32:23,55.84,-0.04,104,581900,卖盘
13:32:26,55.89,0.05,31,173439,买盘
13:32:29,55.97,0.08,12,67148,买盘
13:32:32,55.97,0.0,8,44744,买盘
13:32:35,55.91,-0.06,7,39137,买盘
13:32:38,55.88,-0.03,9,50299,卖盘
13:32:41,55.89,0.01,5,27944,买盘
13:32:44,55.85,-0.04,1,5585,卖盘
13:32:47,55.89,0.04,26,145306,买盘
13:32:50,55.91,0.02,15,83861,买盘
13:32:53,55.96,0.05,6,33567,买盘
13:32:56,55.93,-0.03,4,22536,中性盘
13:32:59,55.97,0.04,61,341414,买盘
13:33:02,55.98,0.01,90,504930,买盘
13:33:05,55.98,0.0,46,257508,买盘
13:33:08,55.98,0.0,21,117558,买盘
13:33:11,55.98,0.0,39,216362,买盘
13:33:14,55.98,0.0,35,195930,买盘
13:33:17,55.97,-0.01,27,151136,卖盘
13:33:20,55.98,0.01,238,1331958,买盘
13:33:23,55.98,0.0,86,479413,买盘
13:33:26,55.98,0.0,55,308170,买盘
13:33:29,55.98,0.0,23,128754,买盘
13:33:32,55.98,0.0,99,555210,买盘
13:33:38,55.98,0.0,10,55980,卖盘
13:33:41,55.98,0.0,20,114535,卖盘
13:33:44,55.98,0.0,17,92982,卖盘
13:33:47,55.98,0.0,28,156744,卖盘
13:33:53,55.97,-0.01,211,1182520,卖盘
13:33:56,55.98,0.01,98,547204,买盘
13:33:59,55.98,0.0,46,258908,卖盘
13:34:02,55.98,0.0,35,194530,买盘
13:34:05,55.97,-0.01,30,167936,卖盘
13:34:08,55.98,0.01,2,11196,卖盘
13:34:11,55.98,0.0,127,712523,买盘
13:34:14,55.98,0.0,15,82291,卖盘
13:34:17,55.98,0.0,18,102443,买盘
13:34:23,55.97,-0.01,12,66447,卖盘
13:34:26,55.98,0.01,10,56763,买盘
13:34:29,55.98,0.0,6,30901,卖盘
13:34:32,55.97,-0.01,7,40638,卖盘
13:34:35,55.98,0.01,25,142190,买盘
13:34:38,55.98,0.0,29,161100,买盘
13:34:41,55.98,0.0,8,44784,买盘
13:34:44,55.98,0.0,4,22392,买盘
13:34:47,55.93,-0.05,12,65616,卖盘
13:34:50,55.98,0.05,9,50371,买盘
13:34:53,55.98,0.0,2,11196,买盘
13:35:02,55.97,-0.01,10,55970,买盘
13:35:05,55.91,-0.06,19,106283,卖盘
13:35:08,55.97,0.06,12,67151,买盘
13:35:11,55.91,-0.06,11,59889,中性盘
13:35:14,55.93,0.02,12,65923,买盘
13:35:17,55.97,0.04,8,44770,买盘
13:35:20,55.97,0.0,14,78294,买盘
13:35:23,55.97,0.0,8,42818,买盘
13:35:26,55.97,0.0,25,138070,买盘
13:35:29,55.97,0.0,16,89552,买盘
13:35:32,55.93,-0.04,11,60404,卖盘
13:35:35,55.97,0.04,128,716294,买盘
13:35:38,55.98,0.01,43,240697,买盘
13:35:41,55.98,0.0,15,83970,买盘
13:35:44,55.98,0.0,13,72759,买盘
13:35:47,55.95,-0.03,9,49244,卖盘
13:35:50,55.95,0.0,4,22380,买盘
13:35:53,55.95,0.0,6,34410,买盘
13:35:56,55.95,0.0,6,33570,买盘
13:35:59,55.95,0.0,2,11190,买盘
13:36:02,55.9,-0.05,91,506382,卖盘
13:36:05,55.95,0.05,242,1351939,买盘
13:36:08,55.95,0.0,133,744135,买盘
13:36:11,55.96,0.01,54,302132,买盘
13:36:14,55.96,0.0,30,167810,买盘
13:36:17,55.96,0.0,10,55960,买盘
13:36:20,55.92,-0.04,12,67122,卖盘
13:36:23,55.92,0.0,5,27960,买盘
13:36:29,55.91,-0.01,61,338393,买盘
13:36:32,55.95,0.04,22,123003,买盘
13:36:35,55.95,0.0,7,39165,买盘
13:36:38,55.95,0.0,5,27975,买盘
13:36:41,55.95,0.0,2,11190,买盘
13:36:47,55.95,0.0,11,62152,买盘
13:36:50,55.95,0.0,3,16785,买盘
13:36:56,55.95,0.0,6,33850,买盘
13:36:59,55.95,0.0,5,27975,买盘
13:37:05,55.95,0.0,10,54719,买盘
13:37:08,55.95,0.0,104,580687,买盘
13:37:11,55.95,0.0,78,436802,买盘
13:37:14,55.95,0.0,21,117495,买盘
13:37:17,55.95,0.0,9,50355,买盘
13:37:20,55.94,-0.01,2,11188,中性盘
13:37:41,55.96,0.02,324,1809340,买盘
13:37:44,55.97,0.01,110,615610,买盘
13:37:47,55.97,0.0,40,223880,买盘
13:37:50,55.97,0.0,20,109941,买盘
13:37:53,55.97,0.0,6,33580,买盘
13:37:56,55.97,0.0,2,11194,买盘
13:37:59,55.97,0.0,99,555452,买盘
13:38:02,55.98,0.01,54,302254,买盘
13:38:05,55.98,0.0,20,111960,买盘
13:38:08,55.98,0.0,73,408468,买盘
13:38:11,55.98,0.0,53,298989,买盘
13:38:14,55.98,0.0,8,44784,买盘
13:38:17,55.98,0.0,134,750071,买盘
13:38:20,55.81,-0.17,298,1664253,卖盘
13:38:23,55.98,0.17,177,990846,买盘
13:38:26,55.98,0.0,75,419845,买盘
13:38:29,55.98,0.0,9,50382,买盘
13:38:32,55.98,0.0,47,263386,买盘
13:38:35,55.98,0.0,16,89563,买盘
13:38:38,55.98,0.0,8,44784,买盘
13:38:41,55.98,0.0,2,11196,买盘
13:38:44,55.98,0.0,108,602400,买盘
13:38:47,55.98,0.0,54,302740,买盘
13:38:50,55.88,-0.1,32,180276,卖盘
13:38:53,55.98,0.1,32,177905,买盘
13:38:56,55.98,0.0,30,167940,买盘
13:38:59,55.98,0.0,14,78372,买盘
13:39:02,55.98,0.0,15,83522,买盘
13:39:05,55.86,-0.12,47,262454,卖盘
13:39:08,55.98,0.12,34,191620,买盘
13:39:11,55.98,0.0,25,139950,买盘
13:39:14,55.97,-0.01,12,67164,买盘
13:39:20,55.93,-0.04,20,110404,卖盘
13:39:23,55.9,-0.03,4,22360,买盘
13:39:32,55.9,0.0,14,80664,买盘
13:39:35,55.9,0.0,2,11180,买盘
13:39:38,55.86,-0.04,2,11172,卖盘
13:39:44,55.9,0.04,5,26608,买盘
13:39:47,55.9,0.0,2,11851,买盘
13:39:53,55.9,0.0,13,75297,买盘
13:39:59,55.9,0.0,4,23031,买盘
13:40:02,55.9,0.0,67,376599,买盘
13:40:05,55.96,0.06,7,38388,买盘
13:40:08,55.96,0.0,3,13990,买盘
13:40:11,55.97,0.01,24,135978,买盘
13:40:14,55.97,0.0,16,87537,买盘
13:40:17,55.98,0.01,21,114983,买盘
13:40:20,55.98,0.0,42,235086,买盘
13:40:23,55.98,0.0,56,315447,买盘
13:40:26,55.98,0.0,35,195929,买盘
13:40:29,55.98,0.0,56,316220,买盘
13:40:32,55.98,0.0,16,89568,买盘
13:40:35,55.98,0.0,4,22392,买盘
13:40:38,55.98,0.0,100,562263,买盘
13:40:41,55.98,0.0,7,39186,买盘
13:40:44,55.98,0.0,2,11196,买盘
13:40:47,55.98,0.0,60,335880,买盘
13:40:50,55.98,0.0,49,273238,买盘
13:41:17,55.98,0.0,105,587790,卖盘
13:41:26,55.98,0.0,9,50382,卖盘
13:41:32,55.98,0.0,2,11196,卖盘
13:41:56,55.98,0.0,4,22392,卖盘
13:42:08,55.98,0.0,10,55980,卖盘
13:42:14,55.98,0.0,5,27990,卖盘
13:42:17,55.98,0.0,10,55980,卖盘
13:42:32,55.98,0.0,5,27990,卖盘
13:42:38,55.98,0.0,80,447840,卖盘
13:42:44,55.98,0.0,5,27990,卖盘
13:43:05,55.98,0.0,5,27990,卖盘
13:43:08,55.98,0.0,3,19145,卖盘
13:43:14,55.98,0.0,14,78596,卖盘
13:43:17,55.98,0.0,5,27990,卖盘
13:43:23,55.98,0.0,5,27990,卖盘
13:43:44,55.98,0.0,5,27990,卖盘
13:43:47,55.98,0.0,2,11196,卖盘
13:43:53,55.98,0.0,2,11196,卖盘
13:44:02,55.98,0.0,5,27990,卖盘
13:44:08,55.98,0.0,5,27990,卖盘
13:44:14,55.98,0.0,23,128754,卖盘
13:44:38,55.98,0.0,43,243457,卖盘
13:44:41,55.98,0.0,8,45680,卖盘
13:44:59,55.98,0.0,10,55980,卖盘
13:45:08,55.98,0.0,8,44784,卖盘
13:46:11,55.98,0.0,4,22392,卖盘
13:46:14,55.98,0.0,40,223920,卖盘
13:46:41,55.98,0.0,5,27990,卖盘
13:46:56,55.98,0.0,11,61578,卖盘
13:47:35,55.98,0.0,5,27990,卖盘
13:47:59,55.98,0.0,5,27990,卖盘
13:48:02,55.98,0.0,11,62586,卖盘
13:48:05,55.98,0.0,10,55980,卖盘
13:48:08,55.98,0.0,5,27990,卖盘
13:49:41,55.98,0.0,20,111960,卖盘
13:49:59,55.98,0.0,3,18137,卖盘
13:50:05,55.98,0.0,10,55980,卖盘
13:50:17,55.98,0.0,10,55980,卖盘
13:50:23,55.98,0.0,2,11196,卖盘
13:51:32,55.98,0.0,5,27990,卖盘
13:51:41,55.98,0.0,5,27990,卖盘
13:51:53,55.98,0.0,5,27990,卖盘
13:51:59,55.98,0.0,11,63257,卖盘
13:52:02,55.98,0.0,5,27990,卖盘
13:53:05,55.98,0.0,8,44784,卖盘
13:53:08,55.98,0.0,5,27990,卖盘
13:53:26,55.98,0.0,5,27990,卖盘
13:53:47,55.98,0.0,1,5598,卖盘
13:53:53,55.98,0.0,9,50382,卖盘
13:54:23,55.98,0.0,2,11196,卖盘
13:54:32,55.98,0.0,1,8174,卖盘
13:54:47,55.98,0.0,3,15226,卖盘
13:54:56,55.98,0.0,10,55980,卖盘
13:55:05,55.98,0.0,2,11196,卖盘
13:55:26,55.98,0.0,3,13995,卖盘
13:55:53,55.98,0.0,5,26870,卖盘
13:56:02,55.98,0.0,2,11196,卖盘
13:56:38,55.98,0.0,10,55980,卖盘
13:56:56,55.98,0.0,2,11196,卖盘
13:57:56,55.98,0.0,10,55980,卖盘
13:59:08,55.98,0.0,5,28718,卖盘
13:59:23,55.98,0.0,2,11196,卖盘
13:59:53,55.98,0.0,1000,5598000,卖盘
14:00:17,55.98,0.0,12,66560,卖盘
14:00:23,55.98,0.0,5,27990,卖盘
14:00:50,55.98,0.0,15,82011,卖盘
14:01:11,55.98,0.0,90,503820,卖盘
14:02:08,55.98,0.0,20,111960,卖盘
14:02:17,55.98,0.0,10,55980,卖盘
14:03:35,55.98,0.0,1,5598,卖盘
14:03:53,55.98,0.0,15,84306,卖盘
14:04:32,55.98,0.0,25,139950,卖盘
14:04:50,55.98,0.0,20,111960,卖盘
14:05:17,55.98,0.0,5,27990,卖盘
14:06:05,55.98,0.0,1000,5598000,卖盘
14:06:32,55.98,0.0,2,11196,卖盘
14:06:35,55.98,0.0,2,11196,卖盘
14:06:38,55.98,0.0,44,244409,卖盘
14:08:32,55.98,0.0,2,12259,卖盘
14:09:11,55.98,0.0,50,279900,卖盘
14:09:56,55.98,0.0,1000,5598000,卖盘
14:10:05,55.98,0.0,3,16794,卖盘
14:10:14,55.98,0.0,2,11196,卖盘
14:10:23,55.98,0.0,10,55980,卖盘
14:10:32,55.98,0.0,5,29726,卖盘
14:10:59,55.98,0.0,100,559800,卖盘
14:11:02,55.98,0.0,40,226103,卖盘
14:12:17,55.98,0.0,35,196490,卖盘
14:12:32,55.98,0.0,5,27990,卖盘
14:12:38,55.98,0.0,10,55980,卖盘
14:12:44,55.98,0.0,5,27990,卖盘
14:12:47,55.98,0.0,12,67120,卖盘
14:12:50,55.98,0.0,5,27990,卖盘
14:12:53,55.98,0.0,20,111960,卖盘
14:13:08,55.98,0.0,3,14275,卖盘
14:14:02,55.98,0.0,15,86601,卖盘
14:14:26,55.98,0.0,20,111960,卖盘
14:14:50,55.98,0.0,5,27990,卖盘
14:14:56,55.98,0.0,10,55980,卖盘
14:15:14,55.98,0.0,10,55980,卖盘
14:15:47,55.98,0.0,2,11196,卖盘
14:16:02,55.98,0.0,53,294790,卖盘
14:16:08,55.98,0.0,9,48311,卖盘
14:17:14,55.98,0.0,2,11196,卖盘
14:17:17,55.98,0.0,4,21720,卖盘
14:17:32,55.98,0.0,57,317351,卖盘
14:18:32,55.98,0.0,10,55980,卖盘
14:18:47,55.98,0.0,2,11196,卖盘
14:19:08,55.98,0.0,1000,5598000,卖盘
14:19:11,55.98,0.0,11,60850,卖盘
14:19:14,55.98,0.0,56,313488,卖盘
14:19:41,55.98,0.0,5,27990,卖盘
14:19:56,55.98,0.0,9,49710,卖盘
14:20:05,55.98,0.0,2,11196,卖盘
14:20:20,55.98,0.0,4,19593,卖盘
14:20:35,55.98,0.0,2,11196,卖盘
14:20:38,55.98,0.0,5,27990,卖盘
14:20:41,55.98,0.0,5,27990,卖盘
14:20:59,55.98,0.0,10,55980,卖盘
14:21:08,55.98,0.0,2,11196,卖盘
14:21:32,55.98,0.0,2,11196,卖盘
14:22:26,55.98,0.0,100,559800,卖盘
14:23:02,55.98,0.0,1000,5598000,卖盘
14:23:17,55.98,0.0,5,27990,卖盘
14:23:20,55.98,0.0,1004,5620392,卖盘
14:23:26,55.98,0.0,12,67176,卖盘
14:23:29,55.98,0.0,2,11196,卖盘
14:23:35,55.98,0.0,7,39298,卖盘
14:23:44,55.98,0.0,320,1791360,卖盘
14:23:47,55.98,0.0,27,153050,卖盘
14:23:50,55.98,0.0,3,14778,卖盘
14:24:02,55.98,0.0,5,27990,卖盘
14:24:05,55.98,0.0,50,279900,卖盘
14:24:08,55.98,0.0,10,55980,卖盘
14:24:26,55.98,0.0,805,4506390,卖盘
14:24:35,55.98,0.0,5,27990,卖盘
14:24:41,55.98,0.0,10,55980,卖盘
14:24:47,55.98,0.0,4,22392,卖盘
14:24:53,55.98,0.0,6,33588,卖盘
14:25:05,55.98,0.0,40,223920,卖盘
14:25:08,55.98,0.0,10,55980,卖盘
14:25:11,55.98,0.0,25,139950,卖盘
14:25:14,55.98,0.0,50,279900,卖盘
14:25:20,55.98,0.0,10,55980,卖盘
14:25:23,55.98,0.0,10,55980,卖盘
14:25:35,55.98,0.0,12,67624,卖盘
14:25:41,55.98,0.0,4,22392,卖盘
14:25:44,55.98,0.0,110,615780,卖盘
14:25:47,55.98,0.0,50,279900,卖盘
14:25:53,55.98,0.0,2,11196,卖盘
14:25:56,55.98,0.0,55,310185,卖盘
14:25:59,55.98,0.0,100,559800,卖盘
14:26:08,55.98,0.0,50,279900,卖盘
14:26:14,55.98,0.0,100,559800,卖盘
14:26:17,55.98,0.0,5,27990,卖盘
14:26:20,55.98,0.0,2,11196,卖盘
14:26:23,55.98,0.0,25,139950,卖盘
14:26:50,55.98,0.0,5,27990,卖盘
14:26:53,55.98,0.0,3,16794,卖盘
14:26:56,55.98,0.0,10,55980,卖盘
14:26:59,55.98,0.0,30,167940,卖盘
14:27:05,55.98,0.0,10,55980,卖盘
14:27:14,55.98,0.0,14,78205,卖盘
14:27:35,55.98,0.0,2,11196,卖盘
14:27:38,55.98,0.0,56,313488,卖盘
14:27:50,55.98,0.0,2,11196,卖盘
14:28:05,55.98,0.0,4,22392,卖盘
14:28:08,55.98,0.0,20,111960,卖盘
14:28:11,55.98,0.0,10,55980,卖盘
14:28:38,55.98,0.0,4,22392,卖盘
14:28:47,55.98,0.0,2,11811,卖盘
14:28:56,55.98,0.0,8,47303,卖盘
14:29:08,55.98,0.0,2,11196,卖盘
14:29:14,55.98,0.0,32,177513,卖盘
14:29:38,55.98,0.0,2,11196,卖盘
14:30:02,55.98,0.0,2,11196,卖盘
14:30:05,55.98,0.0,90,503820,卖盘
14:30:11,55.98,0.0,90,503820,卖盘
14:30:26,55.98,0.0,5,27990,卖盘
14:30:38,55.98,0.0,5,27990,卖盘
14:30:44,55.98,0.0,5,27990,卖盘
14:30:47,55.98,0.0,30,167940,卖盘
14:31:02,55.98,0.0,5,30621,卖盘
14:31:23,55.98,0.0,45,251910,卖盘
14:31:29,55.98,0.0,50,279900,卖盘
14:31:41,55.98,0.0,2,11196,卖盘
14:31:47,55.98,0.0,12,67176,卖盘
14:31:50,55.98,0.0,35,195930,卖盘
14:31:56,55.98,0.0,80,447840,卖盘
14:32:20,55.98,0.0,20,111960,卖盘
14:32:26,55.98,0.0,2,11196,卖盘
14:32:47,55.98,0.0,208,1164384,卖盘
14:32:50,55.98,0.0,18,100764,卖盘
14:32:56,55.98,0.0,6,33588,卖盘
14:32:59,55.98,0.0,136,763343,卖盘
14:33:02,55.98,0.0,2,11196,卖盘
14:33:29,55.98,0.0,3,16067,卖盘
14:33:41,55.98,0.0,2,12651,卖盘
14:33:50,55.98,0.0,5,27990,卖盘
14:33:59,55.98,0.0,33,184734,卖盘
14:34:05,55.98,0.0,40,222577,卖盘
14:34:50,55.98,0.0,2,11196,卖盘
14:34:56,55.98,0.0,2,11196,卖盘
14:35:14,55.98,0.0,62,348307,卖盘
14:35:23,55.98,0.0,5,29446,卖盘
14:35:50,55.98,0.0,2,12483,卖盘
14:36:05,55.98,0.0,16,89568,卖盘
14:36:17,55.98,0.0,3,16794,卖盘
14:36:29,55.98,0.0,2,11196,卖盘
14:37:17,55.98,0.0,4,21552,卖盘
14:37:23,55.98,0.0,1,3303,卖盘
14:37:32,55.98,0.0,2,11196,卖盘
14:37:44,55.98,0.0,10,55980,卖盘
14:38:02,55.98,0.0,5,27990,卖盘
14:38:26,55.98,0.0,5,29558,卖盘
14:40:20,55.98,0.0,12,67680,卖盘
14:40:56,55.98,0.0,5,27990,卖盘
14:42:17,55.98,0.0,5,27990,卖盘
14:42:35,55.98,0.0,3,15898,卖盘
14:42:38,55.98,0.0,19,106194,卖盘
14:43:08,55.98,0.0,70,391860,卖盘
14:44:14,55.98,0.0,10,55980,卖盘
14:44:26,55.98,0.0,30,167940,卖盘
14:44:41,55.98,0.0,3,16794,卖盘
14:45:05,55.98,0.0,2,11196,卖盘
14:47:23,55.98,0.0,5,28550,卖盘
14:47:35,55.98,0.0,13,73557,卖盘
14:48:32,55.98,0.0,10,55980,卖盘
14:49:05,55.98,0.0,20,111960,卖盘
14:49:08,55.98,0.0,5,27990,卖盘
14:49:14,55.98,0.0,4,22392,卖盘
14:51:41,55.98,0.0,2,11196,卖盘
14:51:56,55.98,0.0,50,279900,卖盘
14:52:02,55.98,0.0,10,55980,卖盘
14:52:11,55.98,0.0,2,11196,卖盘
14:52:14,55.98,0.0,5,27990,卖盘
14:52:50,55.98,0.0,4,19817,卖盘
14:52:56,55.98,0.0,30,167940,卖盘
14:52:59,55.98,0.0,2,11196,卖盘
14:53:14,55.98,0.0,5,27990,卖盘
14:53:50,55.98,0.0,4,22392,卖盘
14:54:11,55.98,0.0,2,11196,卖盘
14:56:02,55.98,0.0,4,20825,卖盘
14:56:23,55.98,0.0,2,11196,卖盘
14:56:53,55.98,0.0,2,11196,卖盘
15:00:02,55.98,0.0,252,1409968,卖盘
15:05:04,55.98,0.0,10,55980,卖盘
