成交时间,成交价格,价格变动,成交量,成交金额,性质
09:25:04,30.12,0.0,7089,21352008,卖盘
09:30:01,30.12,0.0,19,55933,卖盘
09:30:04,30.12,0.0,85,256020,卖盘
09:30:07,30.12,0.0,1402,4223998,卖盘
09:30:10,30.12,0.0,113,340567,卖盘
09:30:13,30.12,0.0,316,951792,卖盘
09:30:16,30.12,0.0,383,1153174,卖盘
09:30:19,30.12,0.0,1253,3772741,卖盘
09:30:22,30.12,0.0,449,1352177,卖盘
09:30:25,30.12,0.0,859,2586917,卖盘
09:30:28,30.12,0.0,460,1384164,卖盘
09:30:31,30.12,0.0,678,2042046,卖盘
09:30:34,30.12,0.0,26,77890,卖盘
09:30:37,30.12,0.0,794,2390173,卖盘
09:30:40,30.12,0.0,1282,3861113,卖盘
09:30:43,30.12,0.0,856,2579477,卖盘
09:30:46,30.12,0.0,2308,6950642,卖盘
09:30:49,30.12,0.0,610,1837470,卖盘
09:30:52,30.12,0.0,2401,7233228,卖盘
09:30:55,30.12,0.0,1969,5931682,卖盘
09:30:58,30.12,0.0,1728,5206061,卖盘
09:31:01,30.12,0.0,1500,4516555,卖盘
09:31:04,30.12,0.0,5417,16317389,卖盘
09:31:07,30.12,0.0,2728,8217278,卖盘
09:31:10,30.12,0.0,2219,6682875,卖盘
09:31:13,30.12,0.0,1900,5721836,卖盘
09:31:16,30.12,0.0,1894,5706054,卖盘
09:31:19,30.12,0.0,1145,3447806,卖盘
09:31:22,30.12,0.0,1741,5245187,卖盘
09:31:25,30.12,0.0,1387,4176801,卖盘
09:31:28,30.12,0.0,1123,3383048,卖盘
09:31:31,30.12,0.0,1102,3319465,卖盘
09:31:34,30.12,0.0,2734,8234416,卖盘
09:31:37,30.12,0.0,1355,4080778,卖盘
09:31:40,30.12,0.0,1220,3673827,卖盘
09:31:43,30.12,0.0,907,2732878,卖盘
09:31:46,30.12,0.0,2095,6309267,卖盘
09:31:49,30.12,0.0,502,1512626,卖盘
09:31:52,30.12,0.0,1435,4321437,卖盘
09:31:55,30.12,0.0,329,992123,卖盘
09:31:58,30.12,0.0,248,746735,卖盘
09:32:01,30.12,0.0,349,1051188,卖盘
09:32:04,30.12,0.0,995,2997542,卖盘
09:32:07,30.12,0.0,1774,5344764,卖盘
09:32:10,30.12,0.0,935,2816371,卖盘
09:32:13,30.12,0.0,1244,3747650,卖盘
09:32:16,30.12,0.0,4156,12517812,卖盘
09:32:19,30.12,0.0,3401,10245077,卖盘
09:32:22,30.12,0.0,5292,15940890,卖盘
09:32:25,30.12,0.0,4318,13006900,卖盘
09:32:28,30.12,0.0,4221,12714616,卖盘
09:32:31,30.03,-0.09,3727,11224045,卖盘
09:32:34,29.55,-0.48,424,1263493,卖盘
09:32:37,29.04,-0.51,236,689014,卖盘
09:32:40,29.0,-0.04,641,1852060,卖盘
09:32:43,28.74,-0.26,263,757862,卖盘
09:32:46,28.5,-0.24,385,1102925,卖盘
09:32:49,28.0,-0.5,535,1514258,卖盘
09:32:52,28.5,0.5,409,1153426,买盘
09:32:55,28.29,-0.21,597,1689572,中性盘
09:32:58,29.01,0.72,1375,3955087,买盘
09:33:01,29.21,0.2,298,869274,买盘
09:33:04,29.1,-0.11,903,2628352,中性盘
09:33:07,29.04,-0.06,623,1814413,卖盘
09:33:10,29.05,0.01,800,2329882,买盘
09:33:13,29.2,0.15,441,1289478,中性盘
09:33:16,29.29,0.09,730,2134345,买盘
09:33:19,29.41,0.12,753,2203200,买盘
09:33:22,29.29,-0.12,852,2525613,卖盘
09:33:25,29.2,-0.09,748,2181161,卖盘
09:33:28,29.0,-0.2,741,2151542,卖盘
09:33:31,28.99,-0.01,102,296227,中性盘
09:33:34,28.84,-0.15,97,280408,卖盘
09:33:37,28.8,-0.04,69,198645,卖盘
09:33:40,28.64,-0.16,205,589848,卖盘
09:33:43,28.48,-0.16,267,761138,卖盘
09:33:46,28.75,0.27,427,1219562,买盘
09:33:49,28.66,-0.09,294,839655,买盘
09:33:52,28.5,-0.16,433,1238779,卖盘
09:33:55,28.5,0.0,273,780244,卖盘
09:33:58,28.66,0.16,854,2443391,买盘
09:34:01,28.84,0.18,72,207419,买盘
09:34:04,28.84,0.0,222,639110,买盘
09:34:07,28.84,0.0,171,494995,卖盘
09:34:10,29.01,0.17,593,1715413,买盘
09:34:13,29.0,-0.01,466,1351123,卖盘
09:34:16,29.01,0.01,320,927743,买盘
09:34:19,29.03,0.02,912,2645437,买盘
09:34:22,29.05,0.02,941,2732425,中性盘
09:34:25,29.2,0.15,294,857270,买盘
09:34:28,29.07,-0.13,750,2188418,卖盘
09:34:31,29.29,0.22,230,672437,买盘
09:34:34,29.2,-0.09,272,795487,卖盘
09:34:37,29.05,-0.15,561,1636188,卖盘
09:34:40,29.25,0.2,401,1170278,中性盘
09:34:43,29.08,-0.17,415,1207627,卖盘
09:34:46,29.25,0.17,750,2189742,买盘
09:34:49,29.14,-0.11,110,318528,中性盘
09:34:52,29.1,-0.04,183,532562,中性盘
09:34:55,29.08,-0.02,251,730126,卖盘
09:34:58,29.1,0.02,412,1199131,买盘
09:35:01,29.1,0.0,618,1798374,买盘
09:35:04,29.1,0.0,1010,2944637,买盘
09:35:07,29.1,0.0,118,344394,卖盘
09:35:10,29.16,0.06,228,663227,中性盘
09:35:13,29.2,0.04,570,1662526,买盘
09:35:16,29.19,-0.01,311,909027,卖盘
09:35:19,29.13,-0.06,225,656173,卖盘
09:35:22,29.13,0.0,238,692677,买盘
09:35:25,29.13,0.0,875,2548998,买盘
09:35:28,29.1,-0.03,218,633675,卖盘
09:35:31,29.12,0.02,278,809339,买盘
09:35:34,29.1,-0.02,310,902254,买盘
09:35:37,29.1,0.0,379,1104245,卖盘
09:35:40,29.13,0.03,73,212773,买盘
09:35:43,29.11,-0.02,616,1791039,卖盘
09:35:46,29.1,-0.01,156,451992,卖盘
09:35:49,29.1,0.0,203,590273,买盘
09:35:52,29.01,-0.09,287,832657,中性盘
09:35:55,29.0,-0.01,297,862837,卖盘
09:35:58,29.01,0.01,323,935520,买盘
09:36:01,28.96,-0.05,139,402863,卖盘
09:36:04,28.86,-0.1,466,1346333,卖盘
09:36:07,28.55,-0.31,143,411690,卖盘
09:36:10,28.55,0.0,15,42140,买盘
09:36:13,28.55,0.0,117,333507,买盘
09:36:16,28.5,-0.05,598,1704575,卖盘
09:36:19,28.61,0.11,183,522777,买盘
09:36:22,28.4,-0.21,786,2228604,卖盘
09:36:25,28.09,-0.31,50,140864,中性盘
09:36:28,28.4,0.31,85,238928,买盘
09:36:31,28.15,-0.25,1029,2882962,中性盘
09:36:34,28.09,-0.06,184,518020,卖盘
09:36:37,27.97,-0.12,373,1043591,卖盘
09:36:40,27.97,0.0,120,336591,买盘
09:36:43,27.98,0.01,415,1160969,买盘
09:36:46,27.94,-0.04,394,1101888,卖盘
09:36:49,27.9,-0.04,133,370487,卖盘
09:36:52,27.9,0.0,104,290727,买盘
09:36:55,27.8,-0.1,284,786575,卖盘
09:36:58,27.8,0.0,152,422422,买盘
09:37:01,27.65,-0.15,249,691020,卖盘
09:37:04,27.62,-0.03,414,1144156,卖盘
09:37:07,27.66,0.04,486,1344130,买盘
09:37:10,27.66,0.0,641,1771592,买盘
09:37:13,27.66,0.0,519,1435546,卖盘
09:37:16,27.66,0.0,436,1207148,卖盘
09:37:19,27.63,-0.03,622,1723438,卖盘
09:37:22,27.63,0.0,254,702745,中性盘
09:37:25,27.69,0.06,1072,2964630,买盘
09:37:28,27.5,-0.19,891,2455374,卖盘
09:37:31,27.62,0.12,179,492201,买盘
09:37:34,27.6,-0.02,118,327447,中性盘
09:37:37,27.67,0.07,154,426436,买盘
09:37:40,27.67,0.0,446,1237058,卖盘
09:37:43,27.7,0.03,25,69424,中性盘
09:37:46,27.67,-0.03,481,1331741,卖盘
09:37:49,27.65,-0.02,406,1120955,卖盘
09:37:52,27.63,-0.02,101,278584,中性盘
09:37:55,27.6,-0.03,155,427442,买盘
09:37:58,27.59,-0.01,45,124623,中性盘
09:38:01,27.45,-0.14,335,920873,卖盘
09:38:04,27.45,0.0,148,405977,卖盘
09:38:07,27.2,-0.25,80,218060,卖盘
09:38:10,27.4,0.2,89,244585,中性盘
09:38:13,27.12,-0.28,252,685978,卖盘
09:38:16,27.26,0.14,411,1117184,买盘
09:38:19,27.07,-0.19,235,638292,卖盘
09:38:22,27.03,-0.04,336,911342,卖盘
09:38:25,27.03,0.0,213,576483,买盘
09:38:28,27.03,0.0,385,1041669,卖盘
09:38:31,27.03,0.0,216,584388,卖盘
09:38:34,27.07,0.04,138,373655,买盘
09:38:37,27.02,-0.05,160,433666,卖盘
09:38:40,27.02,0.0,288,778249,买盘
09:38:43,27.01,-0.01,381,1028986,卖盘
09:38:46,27.02,0.01,260,701376,卖盘
09:38:49,27.01,-0.01,376,1014229,卖盘
09:38:52,27.0,-0.01,209,565713,卖盘
09:38:55,27.0,0.0,299,806350,卖盘
09:38:58,27.0,0.0,259,699437,买盘
09:39:01,26.9,-0.1,35,94941,卖盘
09:39:04,27.0,0.1,258,695264,买盘
09:39:07,26.93,-0.07,157,423956,中性盘
09:39:10,26.9,-0.03,241,647376,卖盘
09:39:13,26.9,0.0,193,520672,买盘
09:39:16,26.89,-0.01,132,353546,中性盘
09:39:19,26.84,-0.05,83,222264,卖盘
09:39:22,26.9,0.06,344,925294,买盘
09:39:25,26.88,-0.02,528,1416921,卖盘
09:39:28,26.88,0.0,88,235084,买盘
09:39:31,26.88,0.0,372,1000277,买盘
09:39:34,26.8,-0.08,409,1097041,卖盘
09:39:37,26.79,-0.01,132,353896,卖盘
09:39:40,26.79,0.0,49,131297,买盘
09:39:43,26.8,0.01,90,240412,买盘
09:39:46,26.7,-0.1,208,554281,卖盘
09:39:49,26.67,-0.03,39,104797,卖盘
09:39:52,26.7,0.03,262,698559,买盘
09:39:55,26.6,-0.1,137,364596,卖盘
09:39:58,26.59,-0.01,722,1926305,中性盘
09:40:01,26.56,-0.03,82,217325,卖盘
09:40:04,26.53,-0.03,368,978519,卖盘
09:40:07,26.52,-0.01,124,328785,中性盘
09:40:10,26.51,-0.01,150,398609,中性盘
09:40:13,26.5,-0.01,114,303341,卖盘
09:40:16,26.39,-0.11,153,406235,卖盘
09:40:19,26.39,0.0,112,296217,卖盘
09:40:22,26.36,-0.03,342,901549,卖盘
09:40:25,26.36,0.0,128,336822,卖盘
09:40:28,26.04,-0.32,218,573240,卖盘
09:40:31,26.03,-0.01,92,241863,卖盘
09:40:34,26.28,0.25,322,845347,买盘
09:40:37,26.36,0.08,753,1975918,买盘
09:40:40,26.56,0.2,546,1447215,买盘
09:40:43,26.58,0.02,52,139409,买盘
09:40:46,26.59,0.01,1017,2695319,买盘
09:40:49,26.6,0.01,563,1498242,买盘
09:40:52,26.65,0.05,226,601580,买盘
09:40:55,26.7,0.05,936,2505158,买盘
09:40:58,26.85,0.15,79,211811,买盘
09:41:01,26.9,0.05,501,1348987,买盘
09:41:04,26.91,0.01,886,2381988,买盘
09:41:07,26.92,0.01,469,1261583,买盘
09:41:10,27.0,0.08,71,192390,买盘
09:41:13,27.0,0.0,416,1122429,买盘
09:41:16,26.99,-0.01,581,1567789,卖盘
09:41:19,27.03,0.04,731,1974748,买盘
09:41:22,27.13,0.1,87,236184,买盘
09:41:25,27.13,0.0,85,231584,买盘
09:41:28,27.13,0.0,600,1627687,买盘
09:41:31,27.13,0.0,180,487528,卖盘
09:41:34,27.38,0.25,63,170575,买盘
09:41:37,27.36,-0.02,87,237234,中性盘
09:41:40,27.36,0.0,101,275912,买盘
09:41:43,27.4,0.04,417,1140759,买盘
09:41:46,27.49,0.09,20,54995,买盘
09:41:49,27.48,-0.01,224,615117,买盘
09:41:52,27.6,0.12,186,512533,买盘
09:41:55,27.6,0.0,74,203511,买盘
09:41:58,27.63,0.03,212,584157,买盘
09:42:01,27.66,0.03,52,144773,买盘
09:42:04,27.66,0.0,161,444876,买盘
09:42:07,27.7,0.04,67,185751,卖盘
09:42:10,27.78,0.08,195,542186,买盘
09:42:13,27.79,0.01,311,862855,买盘
09:42:16,27.8,0.01,148,412388,买盘
09:42:19,27.8,0.0,201,558556,买盘
09:42:22,27.87,0.07,42,118009,买盘
09:42:25,27.98,0.11,107,298999,买盘
09:42:28,27.87,-0.11,65,182862,卖盘
09:42:31,27.87,0.0,150,417873,卖盘
09:42:34,27.93,0.06,374,1047183,买盘
09:42:37,27.98,0.05,44,122753,卖盘
09:42:40,27.98,0.0,105,294701,卖盘
09:42:43,27.99,0.01,112,313794,买盘
09:42:46,27.9,-0.09,65,182627,卖盘
09:42:49,27.85,-0.05,296,825541,卖盘
09:42:52,27.98,0.13,326,906059,买盘
09:42:55,27.95,-0.03,39,110002,中性盘
09:42:58,27.95,0.0,129,359426,买盘
09:43:01,27.89,-0.06,194,543076,中性盘
09:43:04,27.88,-0.01,63,174465,卖盘
09:43:07,27.72,-0.16,69,192224,卖盘
09:43:10,27.63,-0.09,149,411463,卖盘
09:43:13,27.7,0.07,106,293635,中性盘
09:43:16,27.69,-0.01,145,401619,中性盘
09:43:19,27.62,-0.07,73,201354,卖盘
09:43:22,27.57,-0.05,43,119892,卖盘
09:43:25,27.5,-0.07,19,53588,卖盘
09:43:28,27.49,-0.01,145,397556,卖盘
09:43:31,27.36,-0.13,195,534354,卖盘
09:43:34,27.36,0.0,40,110342,卖盘
09:43:37,27.07,-0.29,324,882165,卖盘
09:43:40,27.18,0.11,7,18265,中性盘
09:43:43,27.07,-0.11,61,166345,卖盘
09:43:46,27.03,-0.04,54,145980,卖盘
09:43:49,27.04,0.01,103,279160,买盘
09:43:52,27.04,0.0,254,685614,买盘
09:43:55,27.0,-0.04,350,946697,卖盘
09:43:58,26.99,-0.01,22,60325,卖盘
09:44:01,26.99,0.0,67,179843,卖盘
09:44:04,26.99,0.0,39,105646,卖盘
09:44:07,27.0,0.01,427,1151883,买盘
09:44:10,27.0,0.0,379,1020540,买盘
09:44:13,27.0,0.0,63,170285,买盘
09:44:16,27.0,0.0,63,169267,卖盘
09:44:19,27.0,0.0,110,296210,买盘
09:44:22,27.0,0.0,46,124714,买盘
09:44:25,26.99,-0.01,106,286513,中性盘
09:44:28,26.91,-0.08,364,981768,卖盘
09:44:31,26.82,-0.09,58,156027,卖盘
09:44:34,26.82,0.0,81,216757,卖盘
09:44:37,26.79,-0.03,129,344958,卖盘
09:44:40,26.82,0.03,28,73873,买盘
09:44:43,26.73,-0.09,32,86870,卖盘
09:44:46,26.73,0.0,85,226538,卖盘
09:44:49,26.79,0.06,29,77994,买盘
09:44:52,26.79,0.0,213,568229,买盘
09:44:55,26.79,0.0,167,447780,买盘
09:44:58,26.71,-0.08,85,227028,卖盘
09:45:01,26.79,0.08,216,579570,买盘
09:45:04,26.8,0.01,175,469034,买盘
09:45:07,26.79,-0.01,67,179040,中性盘
09:45:10,26.79,0.0,45,120105,买盘
09:45:13,26.74,-0.05,159,426900,卖盘
09:45:16,26.79,0.05,146,390363,买盘
09:45:19,26.8,0.01,216,579783,买盘
09:45:22,26.88,0.08,280,751393,买盘
09:45:25,26.99,0.11,18,48581,买盘
09:45:28,27.0,0.01,212,573457,买盘
09:45:31,27.0,0.0,108,291362,买盘
09:45:34,27.01,0.01,72,194138,买盘
09:45:37,27.04,0.03,37,99794,买盘
09:45:40,27.07,0.03,344,930354,买盘
09:45:43,27.07,0.0,65,176523,买盘
09:45:49,27.07,0.0,37,100297,卖盘
09:45:52,27.16,0.09,51,139421,买盘
09:45:55,27.23,0.07,91,247587,买盘
09:45:58,27.31,0.08,33,90584,买盘
09:46:01,27.17,-0.14,49,132682,卖盘
09:46:04,27.29,0.12,149,404828,买盘
09:46:07,27.16,-0.13,180,490577,卖盘
09:46:10,27.25,0.09,204,554078,中性盘
09:46:13,27.15,-0.1,71,193736,卖盘
09:46:16,27.17,0.02,102,276274,买盘
09:46:19,27.07,-0.1,16,44478,卖盘
09:46:22,27.07,0.0,65,174631,卖盘
09:46:25,27.07,0.0,19,51812,卖盘
09:46:28,27.08,0.01,59,160409,中性盘
09:46:31,27.1,0.02,41,112025,买盘
09:46:34,27.1,0.0,268,725060,买盘
09:46:37,27.11,0.01,164,443604,买盘
09:46:40,27.11,0.0,108,292793,买盘
09:46:43,27.12,0.01,53,142872,买盘
09:46:46,27.11,-0.01,23,61516,卖盘
09:46:52,27.12,0.01,3,7322,卖盘
09:46:55,27.12,0.0,177,479033,卖盘
09:46:58,27.11,-0.01,7,18979,卖盘
09:47:01,27.12,0.01,33,89541,买盘
09:47:04,27.1,-0.02,74,199614,卖盘
09:47:07,27.11,0.01,232,629556,买盘
09:47:10,27.1,-0.01,230,621834,中性盘
09:47:13,27.07,-0.03,290,784440,卖盘
09:47:16,27.09,0.02,49,132206,买盘
09:47:19,27.07,-0.02,47,128533,卖盘
09:47:22,27.07,0.0,66,179682,卖盘
09:47:25,27.08,0.01,68,183226,中性盘
09:47:28,27.08,0.0,170,459547,买盘
09:47:31,27.08,0.0,77,207190,卖盘
09:47:34,27.08,0.0,34,92072,卖盘
09:47:37,27.07,-0.01,113,307145,卖盘
09:47:40,27.07,0.0,3,7466,买盘
09:47:43,27.04,-0.03,32,86233,卖盘
09:47:46,27.08,0.04,9,25130,买盘
09:47:49,27.07,-0.01,61,165055,买盘
09:47:52,27.07,0.0,134,363851,买盘
09:47:55,27.05,-0.02,64,173707,卖盘
09:47:58,27.05,0.0,50,135250,买盘
09:48:01,27.04,-0.01,12,31781,卖盘
09:48:04,27.04,0.0,27,72169,卖盘
09:48:07,27.03,-0.01,36,98011,卖盘
09:48:10,27.03,0.0,32,86047,买盘
09:48:13,27.03,0.0,48,129150,买盘
09:48:16,27.03,0.0,54,145989,卖盘
09:48:19,27.03,0.0,94,254377,买盘
09:48:22,27.03,0.0,48,130663,买盘
09:48:25,27.03,0.0,72,193697,卖盘
09:48:28,27.02,-0.01,62,168918,卖盘
09:48:31,27.04,0.02,163,441423,买盘
09:48:34,27.03,-0.01,49,132481,卖盘
09:48:37,27.03,0.0,27,73008,卖盘
09:48:40,27.04,0.01,43,116315,买盘
09:48:46,27.04,0.0,41,109551,卖盘
09:48:49,27.05,0.01,54,145850,买盘
09:48:52,27.04,-0.01,32,85318,卖盘
09:48:55,27.06,0.02,2,5412,买盘
09:48:58,27.06,0.0,72,194832,买盘
09:49:01,27.06,0.0,320,864661,买盘
09:49:04,27.05,-0.01,32,85289,中性盘
09:49:07,27.04,-0.01,2,5408,卖盘
09:49:10,27.04,0.0,13,34557,卖盘
09:49:13,27.04,0.0,101,271808,买盘
09:49:16,27.04,0.0,207,560844,卖盘
09:49:19,27.06,0.02,47,126714,买盘
09:49:22,27.07,0.01,81,218885,买盘
09:49:25,27.1,0.03,225,610533,买盘
09:49:28,27.23,0.13,60,162182,买盘
09:49:31,27.26,0.03,6,16374,买盘
09:49:34,27.29,0.03,4,11350,买盘
09:49:37,27.3,0.01,104,285066,买盘
09:49:40,27.3,0.0,9,25171,买盘
09:49:43,27.5,0.2,147,401167,买盘
09:49:46,27.46,-0.04,14,38551,中性盘
09:49:49,27.46,0.0,17,46008,买盘
09:49:52,27.47,0.01,6,16048,买盘
09:49:55,27.47,0.0,7,19777,买盘
09:49:58,27.49,0.02,119,327666,中性盘
09:50:01,27.46,-0.03,98,268155,卖盘
09:50:04,27.5,0.04,487,1337105,买盘
09:50:07,27.5,0.0,153,421206,买盘
09:50:10,27.49,-0.01,46,126454,卖盘
09:50:13,27.46,-0.03,84,229692,卖盘
09:50:16,27.35,-0.11,76,207093,卖盘
09:50:19,27.35,0.0,6,16410,卖盘
09:50:22,27.37,0.02,434,1192752,买盘
09:50:25,27.35,-0.02,57,156936,卖盘
09:50:28,27.36,0.01,35,95705,买盘
09:50:31,27.36,0.0,114,312834,买盘
09:50:34,27.31,-0.05,152,416238,卖盘
09:50:37,27.39,0.08,34,91848,买盘
09:50:40,27.37,-0.02,224,615374,卖盘
09:50:46,27.37,0.0,63,172059,买盘
09:50:52,27.3,-0.07,130,354099,卖盘
09:50:55,27.33,0.03,104,283347,买盘
09:50:58,27.3,-0.03,46,125798,卖盘
09:51:01,27.33,0.03,72,197867,买盘
09:51:04,27.3,-0.03,64,174780,卖盘
09:51:07,27.3,0.0,6,16518,卖盘
09:51:10,27.3,0.0,19,52200,卖盘
09:51:13,27.3,0.0,150,409145,卖盘
09:51:16,27.3,0.0,158,431067,卖盘
09:51:25,27.33,0.03,103,281884,买盘
09:51:28,27.32,-0.01,24,64522,卖盘
09:51:31,27.36,0.04,31,84383,买盘
09:51:34,27.32,-0.04,21,56854,卖盘
09:51:37,27.32,0.0,19,51908,买盘
09:51:40,27.33,0.01,28,76378,买盘
09:51:43,27.3,-0.03,180,491529,卖盘
09:51:46,27.31,0.01,4,10733,卖盘
09:51:49,27.32,0.01,113,307525,中性盘
09:51:52,27.33,0.01,41,110632,买盘
09:51:55,27.33,0.0,5,13665,买盘
09:51:58,27.33,0.0,67,183736,买盘
09:52:01,27.33,0.0,16,44931,买盘
09:52:04,27.33,0.0,40,109336,卖盘
09:52:07,27.39,0.06,133,365143,买盘
09:52:10,27.42,0.03,60,163810,买盘
09:52:13,27.48,0.06,119,326060,买盘
09:52:16,27.48,0.0,5,13736,买盘
09:52:19,27.48,0.0,9,25447,买盘
09:52:22,27.48,0.0,17,46413,买盘
09:52:25,27.5,0.02,20,54638,买盘
09:52:28,27.5,0.0,225,618648,买盘
09:52:31,27.5,0.0,187,514085,买盘
09:52:34,27.5,0.0,12,33351,买盘
09:52:37,27.62,0.12,198,544705,买盘
09:52:40,27.61,-0.01,22,60106,中性盘
09:52:43,27.61,0.0,47,130456,买盘
09:52:46,27.62,0.01,196,540864,买盘
09:52:49,27.59,-0.03,176,483981,卖盘
09:52:52,27.58,-0.01,42,116169,中性盘
09:52:55,27.5,-0.08,89,244424,买盘
09:52:58,27.5,0.0,157,432270,买盘
09:53:01,27.5,0.0,37,102765,买盘
09:53:04,27.48,-0.02,55,149952,卖盘
09:53:07,27.5,0.02,56,154942,买盘
09:53:10,27.5,0.0,81,222172,卖盘
09:53:13,27.5,0.0,25,69728,买盘
09:53:16,27.5,0.0,20,55517,买盘
09:53:19,27.5,0.0,94,257207,买盘
09:53:22,27.52,0.02,28,77170,买盘
09:53:25,27.52,0.0,30,83022,买盘
09:53:28,27.5,-0.02,66,180871,卖盘
09:53:31,27.5,0.0,24,66389,买盘
09:53:34,27.51,0.01,64,175088,买盘
09:53:37,27.51,0.0,4,11006,卖盘
09:53:40,27.52,0.01,42,116467,买盘
09:53:43,27.51,-0.01,271,746484,卖盘
09:53:46,27.51,0.0,78,213622,买盘
09:53:49,27.5,-0.01,3,9322,卖盘
09:53:52,27.48,-0.02,17,46746,卖盘
09:53:55,27.48,0.0,39,106627,卖盘
09:53:58,27.48,0.0,14,39599,卖盘
09:54:01,27.44,-0.04,21,57093,卖盘
09:54:04,27.41,-0.03,38,103719,卖盘
09:54:07,27.41,0.0,28,76748,卖盘
09:54:10,27.41,0.0,19,51350,卖盘
09:54:13,27.41,0.0,9,25793,卖盘
09:54:16,27.43,0.02,53,145589,中性盘
09:54:19,27.42,-0.01,2,5484,中性盘
09:54:22,27.4,-0.02,82,223754,卖盘
09:54:25,27.4,0.0,6,16440,买盘
09:54:28,27.39,-0.01,12,32868,卖盘
09:54:31,27.39,0.0,3,8792,买盘
09:54:34,27.39,0.0,43,117067,买盘
09:54:37,27.35,-0.04,271,741657,卖盘
09:54:40,27.33,-0.02,2,5466,卖盘
09:54:43,27.33,0.0,57,156273,卖盘
09:54:46,27.33,0.0,112,307137,卖盘
09:54:49,27.33,0.0,43,117157,买盘
09:54:52,27.31,-0.02,10,28075,卖盘
09:54:55,27.33,0.02,12,31602,买盘
09:54:58,27.3,-0.03,102,279375,卖盘
09:55:01,27.28,-0.02,6,16890,卖盘
09:55:04,27.26,-0.02,9,24024,卖盘
09:55:07,27.25,-0.01,25,68472,卖盘
09:55:10,27.25,0.0,46,125352,卖盘
09:55:13,27.25,0.0,285,777193,卖盘
09:55:16,27.26,0.01,178,481772,买盘
09:55:19,27.26,0.0,33,89821,卖盘
09:55:22,27.28,0.02,85,231151,买盘
09:55:25,27.28,0.0,153,417877,卖盘
09:55:31,27.33,0.05,124,337938,买盘
09:55:34,27.33,0.0,3,8062,卖盘
09:55:40,27.33,0.0,40,109283,卖盘
09:55:43,27.28,-0.05,61,167657,卖盘
09:55:46,27.37,0.09,6,17289,买盘
09:55:52,27.23,-0.14,43,117409,卖盘
09:55:55,27.26,0.03,114,310864,买盘
09:55:58,27.26,0.0,13,34945,卖盘
09:56:01,27.31,0.05,20,53528,买盘
09:56:04,27.26,-0.05,3,8178,卖盘
09:56:07,27.3,0.04,3,8190,买盘
09:56:10,27.25,-0.05,5,13627,卖盘
09:56:13,27.3,0.05,2,5460,买盘
09:56:16,27.35,0.05,39,106539,买盘
09:56:19,27.3,-0.05,46,124989,卖盘
09:56:22,27.26,-0.04,4,10904,卖盘
09:56:28,27.29,0.03,137,375295,卖盘
09:56:31,27.3,0.01,36,98276,买盘
09:56:34,27.3,0.0,36,98306,卖盘
09:56:37,27.39,0.09,30,82820,买盘
09:56:40,27.39,0.0,6,16434,买盘
09:56:43,27.39,0.0,17,46393,买盘
09:56:46,27.38,-0.01,22,59886,中性盘
09:56:49,27.38,0.0,46,126851,买盘
09:56:52,27.38,0.0,4,10843,买盘
09:56:55,27.37,-0.01,10,27569,中性盘
09:56:58,27.32,-0.05,25,69143,卖盘
09:57:04,27.34,0.02,12,32804,买盘
09:57:07,27.31,-0.03,10,26219,卖盘
09:57:10,27.32,0.01,10,27314,买盘
09:57:13,27.31,-0.01,2,5462,卖盘
09:57:16,27.32,0.01,89,242165,买盘
09:57:19,27.32,0.0,139,378619,买盘
09:57:22,27.32,0.0,2,5464,卖盘
09:57:25,27.31,-0.01,15,40977,卖盘
09:57:28,27.31,0.0,12,31907,卖盘
09:57:31,27.33,0.02,24,66378,买盘
09:57:34,27.33,0.0,4,9702,卖盘
09:57:37,27.34,0.01,8,22386,买盘
09:57:40,27.34,0.0,3,7354,买盘
09:57:43,27.34,0.0,62,168223,买盘
09:57:46,27.33,-0.01,1,3307,卖盘
09:57:49,27.32,-0.01,4,10928,卖盘
09:57:52,27.32,0.0,4,10928,卖盘
09:57:55,27.3,-0.02,60,163219,卖盘
09:57:58,27.29,-0.01,37,100871,卖盘
09:58:01,27.29,0.0,14,37285,卖盘
09:58:04,27.29,0.0,17,45193,卖盘
09:58:07,27.29,0.0,2,5458,卖盘
09:58:10,27.3,0.01,285,779131,买盘
09:58:16,27.3,0.0,3,9255,卖盘
09:58:22,27.3,0.0,79,214620,买盘
09:58:25,27.3,0.0,19,51868,买盘
09:58:28,27.29,-0.01,23,61485,卖盘
09:58:31,27.29,0.0,10,27290,卖盘
09:58:34,27.3,0.01,21,57319,买盘
09:58:37,27.31,0.01,10,27303,买盘
09:58:40,27.31,0.0,7,18512,买盘
09:58:43,27.3,-0.01,3,8081,卖盘
09:58:46,27.31,0.01,100,273100,买盘
09:58:49,27.3,-0.01,113,307589,卖盘
09:58:52,27.3,0.0,20,55419,买盘
09:58:55,27.3,0.0,10,27300,买盘
09:58:58,27.29,-0.01,64,173892,卖盘
09:59:01,27.29,0.0,194,528872,卖盘
09:59:04,27.29,0.0,45,123405,卖盘
09:59:07,27.3,0.01,83,226533,买盘
09:59:10,27.28,-0.02,83,226588,卖盘
09:59:13,27.29,0.01,36,97609,中性盘
09:59:16,27.27,-0.02,56,151349,卖盘
09:59:19,27.26,-0.01,12,33562,卖盘
09:59:22,27.25,-0.01,37,100994,卖盘
09:59:25,27.25,0.0,42,114859,卖盘
09:59:28,27.27,0.02,116,315428,买盘
09:59:31,27.23,-0.04,24,66496,卖盘
09:59:34,27.09,-0.14,15,40264,卖盘
09:59:37,27.09,0.0,4,10213,卖盘
09:59:40,27.09,0.0,3,9373,买盘
09:59:43,27.06,-0.03,50,134057,卖盘
09:59:46,27.04,-0.02,9,24046,卖盘
09:59:49,27.05,0.01,133,359294,中性盘
09:59:52,27.04,-0.01,4,10817,卖盘
09:59:58,27.05,0.01,5,13525,卖盘
10:00:01,27.17,0.12,13,36307,买盘
10:00:04,27.05,-0.12,1,3922,卖盘
10:00:10,27.04,-0.01,25,68612,卖盘
10:00:13,27.04,0.0,77,208447,卖盘
10:00:16,27.04,0.0,37,101370,卖盘
10:00:19,27.04,0.0,31,83614,买盘
10:00:28,27.02,-0.02,45,122903,卖盘
10:00:31,27.01,-0.01,98,264357,卖盘
10:00:34,27.01,0.0,187,505498,买盘
10:00:37,27.0,-0.01,95,255815,卖盘
10:00:40,27.01,0.01,300,810523,买盘
10:00:43,27.0,-0.01,46,123486,卖盘
10:00:46,27.0,0.0,15,40500,买盘
10:00:49,27.0,0.0,137,369108,买盘
10:00:52,27.0,0.0,29,77307,买盘
10:00:55,26.99,-0.01,21,55788,中性盘
10:00:58,27.0,0.01,26,70156,买盘
10:01:01,27.0,0.0,23,62233,买盘
10:01:04,27.03,0.03,4,10812,中性盘
10:01:07,27.03,0.0,38,102141,买盘
10:01:10,27.0,-0.03,107,287920,卖盘
10:01:13,27.02,0.02,11,28466,卖盘
10:01:16,27.03,0.01,23,62796,买盘
10:01:19,27.02,-0.01,17,46961,卖盘
10:01:22,27.02,0.0,6,17455,卖盘
10:01:25,27.09,0.07,5,12180,买盘
10:01:28,27.05,-0.04,26,70332,卖盘
10:01:31,27.05,0.0,15,39388,卖盘
10:01:34,27.03,-0.02,129,348064,卖盘
10:01:37,27.02,-0.01,53,142857,卖盘
10:01:40,27.02,0.0,9,25181,中性盘
10:01:43,27.02,0.0,123,332147,买盘
10:01:46,27.01,-0.01,54,145023,买盘
10:01:49,27.01,0.0,40,107094,卖盘
10:01:52,27.01,0.0,27,72474,卖盘
10:01:55,27.02,0.01,137,369592,买盘
10:01:58,27.02,0.0,44,118672,卖盘
10:02:04,27.02,0.0,65,176197,卖盘
10:02:07,27.03,0.01,83,223351,买盘
10:02:10,27.03,0.0,61,165863,买盘
10:02:13,27.02,-0.01,151,408830,卖盘
10:02:16,27.02,0.0,97,261879,卖盘
10:02:19,27.02,0.0,19,51396,卖盘
10:02:22,27.03,0.01,4,11218,卖盘
10:02:25,27.03,0.0,43,115066,卖盘
10:02:28,27.05,0.02,151,409025,买盘
10:02:31,27.07,0.02,111,300229,买盘
10:02:34,27.07,0.0,63,171066,买盘
10:02:37,27.09,0.02,70,188262,买盘
10:02:40,27.07,-0.02,32,87499,卖盘
10:02:43,27.06,-0.01,13,36420,中性盘
10:02:46,27.05,-0.01,20,55372,卖盘
10:02:49,27.06,0.01,17,46425,买盘
10:02:52,27.05,-0.01,35,94596,卖盘
10:02:55,27.06,0.01,76,205677,买盘
10:02:58,27.06,0.0,41,111841,买盘
10:03:01,27.07,0.01,19,50989,买盘
10:03:04,27.06,-0.01,4,11500,卖盘
10:03:07,27.06,0.0,21,56667,卖盘
10:03:10,27.05,-0.01,120,323395,卖盘
10:03:13,27.06,0.01,82,220610,中性盘
10:03:16,27.04,-0.02,127,342763,卖盘
10:03:19,27.04,0.0,86,231499,卖盘
10:03:22,27.04,0.0,60,162997,卖盘
10:03:25,27.05,0.01,52,141894,买盘
10:03:28,27.04,-0.01,25,67249,卖盘
10:03:31,27.04,0.0,26,69720,卖盘
10:03:34,27.03,-0.01,37,100795,卖盘
10:03:37,27.03,0.0,22,60314,卖盘
10:03:40,27.03,0.0,17,46789,卖盘
10:03:43,27.03,0.0,47,127290,卖盘
10:03:46,27.02,-0.01,23,61579,卖盘
10:03:49,27.02,0.0,21,58039,卖盘
10:03:52,27.02,0.0,19,50959,卖盘
10:03:55,27.0,-0.02,17,45915,卖盘
10:03:58,26.98,-0.02,31,83464,卖盘
10:04:01,27.0,0.02,9,25473,买盘
10:04:04,26.97,-0.03,56,150417,卖盘
10:04:07,27.0,0.03,70,189484,买盘
10:04:10,26.97,-0.03,34,90453,卖盘
10:04:13,26.97,0.0,15,39269,卖盘
10:04:16,26.98,0.01,50,134873,买盘
10:04:19,26.88,-0.1,28,76376,卖盘
10:04:22,26.88,0.0,29,77408,卖盘
10:04:25,26.9,0.02,16,44338,买盘
10:04:34,26.9,0.0,24,64550,买盘
10:04:37,26.89,-0.01,29,78901,卖盘
10:04:40,26.9,0.01,78,208871,买盘
10:04:43,26.9,0.0,48,129250,卖盘
10:04:46,26.9,0.0,8,21896,卖盘
10:04:49,26.92,0.02,2,5384,买盘
10:04:52,26.9,-0.02,20,53800,卖盘
10:04:55,26.89,-0.01,7,19718,卖盘
10:04:58,26.9,0.01,35,93053,卖盘
10:05:01,26.9,0.0,32,85905,买盘
10:05:04,26.9,0.0,4,9953,卖盘
10:05:07,26.92,0.02,76,205422,买盘
10:05:10,26.92,0.0,35,94786,买盘
10:05:13,26.92,0.0,5,13460,卖盘
10:05:19,26.95,0.03,32,86213,买盘
10:05:22,26.95,0.0,14,36895,买盘
10:05:25,26.95,0.0,198,534398,买盘
10:05:28,26.95,0.0,39,106344,买盘
10:05:31,26.95,0.0,188,506687,买盘
10:05:34,26.94,-0.01,70,187533,中性盘
10:05:37,26.95,0.01,21,56587,买盘
10:05:40,26.98,0.03,4,10792,买盘
10:05:43,26.95,-0.03,104,279028,卖盘
10:05:46,26.99,0.04,3,7531,中性盘
10:05:49,26.99,0.0,22,59376,买盘
10:05:52,26.99,0.0,112,301543,买盘
10:05:55,27.0,0.01,27,73710,买盘
10:05:58,27.01,0.01,115,311579,买盘
10:06:01,27.0,-0.01,23,61155,卖盘
10:06:04,27.0,0.0,31,84852,卖盘
10:06:07,27.01,0.01,7,19501,买盘
10:06:10,27.01,0.0,42,113564,买盘
10:06:13,27.0,-0.01,190,513411,卖盘
10:06:16,27.04,0.04,5,13273,买盘
10:06:19,27.01,-0.03,5,13505,卖盘
10:06:22,27.04,0.03,6,16224,买盘
10:06:25,27.04,0.0,9,24028,买盘
10:06:28,27.04,0.0,12,31393,买盘
10:06:31,27.04,0.0,7,20178,卖盘
10:06:34,27.07,0.03,4,11667,买盘
10:06:37,27.04,-0.03,6,16576,卖盘
10:06:40,27.07,0.03,25,66782,买盘
10:06:43,27.04,-0.03,9,25561,中性盘
10:06:46,27.03,-0.01,18,49500,卖盘
10:06:49,27.03,0.0,182,493053,买盘
10:06:55,27.07,0.04,40,109496,买盘
10:07:01,27.03,-0.04,22,60579,卖盘
10:07:04,27.07,0.04,2,5414,卖盘
10:07:07,27.07,0.0,2,5414,买盘
10:07:10,27.03,-0.04,31,85234,卖盘
10:07:13,27.07,0.04,97,262032,买盘
10:07:16,27.07,0.0,66,179853,买盘
10:07:19,27.06,-0.01,33,89663,卖盘
10:07:22,27.07,0.01,8,22222,买盘
10:07:25,27.06,-0.01,52,140867,卖盘
10:07:34,27.1,0.04,97,262008,买盘
10:07:37,27.12,0.02,2,5424,买盘
10:07:40,27.1,-0.02,8,21680,卖盘
10:07:43,27.11,0.01,63,170788,买盘
10:07:46,27.06,-0.05,30,80402,卖盘
10:07:49,27.07,0.01,7,19712,卖盘
10:07:52,27.09,0.02,93,251373,买盘
10:07:55,27.08,-0.01,39,105703,卖盘
10:07:58,27.11,0.03,19,50476,买盘
10:08:07,27.11,0.0,27,73177,买盘
10:08:10,27.08,-0.03,5,13540,卖盘
10:08:13,27.09,0.01,8,21672,卖盘
10:08:16,27.09,0.0,9,24381,卖盘
10:08:19,27.09,0.0,9,24377,买盘
10:08:22,27.11,0.02,42,114172,买盘
10:08:25,27.09,-0.02,9,24733,卖盘
10:08:28,27.1,0.01,51,137144,买盘
10:08:31,27.1,0.0,10,27100,买盘
10:08:34,27.09,-0.01,42,114997,买盘
10:08:37,27.1,0.01,4,10840,买盘
10:08:40,27.11,0.01,30,81330,买盘
10:08:43,27.1,-0.01,2,6127,中性盘
10:08:46,27.12,0.02,4,10848,买盘
10:08:49,27.12,0.0,13,35519,买盘
10:08:52,27.13,0.01,82,221842,买盘
10:08:55,27.14,0.01,15,40710,买盘
10:09:01,27.15,0.01,2,6055,卖盘
10:09:04,27.16,0.01,18,49637,买盘
10:09:07,27.16,0.0,35,93974,买盘
10:09:13,27.19,0.03,62,168500,买盘
10:09:16,27.16,-0.03,25,68714,卖盘
10:09:19,27.19,0.03,57,155035,买盘
10:09:22,27.19,0.0,8,21589,卖盘
10:09:25,27.2,0.01,90,245838,买盘
10:09:28,27.21,0.01,21,56864,买盘
10:09:31,27.21,0.0,17,46363,买盘
10:09:34,27.21,0.0,2,5442,卖盘
10:09:37,27.22,0.01,4,10888,买盘
10:09:40,27.22,0.0,72,194920,买盘
10:09:43,27.25,0.03,15,40754,买盘
10:09:46,27.25,0.0,3,8175,买盘
10:09:49,27.25,0.0,86,233512,买盘
10:09:52,27.26,0.01,2,5452,买盘
10:09:55,27.26,0.0,20,55284,买盘
10:09:58,27.26,0.0,60,162719,买盘
10:10:01,27.26,0.0,25,68140,买盘
10:10:04,27.26,0.0,40,109151,买盘
10:10:07,27.26,0.0,24,66182,买盘
10:10:10,27.26,0.0,81,221682,买盘
10:10:13,27.26,0.0,29,79054,买盘
10:10:16,27.26,0.0,13,35738,买盘
10:10:19,27.26,0.0,9,23498,卖盘
10:10:22,27.26,0.0,17,47026,卖盘
10:10:25,27.23,-0.03,17,46421,卖盘
10:10:28,27.23,0.0,4,11355,卖盘
10:10:31,27.22,-0.01,41,110360,卖盘
10:10:34,27.22,0.0,6,16795,卖盘
10:10:37,27.22,0.0,1,1497,卖盘
10:10:40,27.2,-0.02,6,16324,卖盘
10:10:43,27.19,-0.01,12,31978,卖盘
10:10:46,27.21,0.02,8,22794,买盘
10:10:52,27.21,0.0,30,81283,买盘
10:10:55,27.21,0.0,15,40689,买盘
10:10:58,27.2,-0.01,2,5440,卖盘
10:11:01,27.2,0.0,20,54400,卖盘
10:11:04,27.21,0.01,4,10884,买盘
10:11:10,27.21,0.0,13,34448,买盘
10:11:13,27.26,0.05,308,837445,买盘
10:11:16,27.27,0.01,7,17807,买盘
10:11:19,27.27,0.0,6,16090,买盘
10:11:25,27.3,0.03,30,81488,买盘
10:11:34,27.3,0.0,32,86262,买盘
10:11:37,27.3,0.0,8,21840,买盘
10:11:43,27.3,0.0,40,108736,买盘
10:11:46,27.26,-0.04,5,13634,卖盘
10:11:49,27.3,0.04,29,80153,买盘
10:11:52,27.3,0.0,48,132050,卖盘
10:12:07,27.3,0.0,103,281231,卖盘
10:12:10,27.3,0.0,2,5460,卖盘
10:12:13,27.31,0.01,30,81305,中性盘
10:12:19,27.31,0.0,40,108116,卖盘
10:12:22,27.3,-0.01,84,229544,卖盘
10:12:25,27.3,0.0,17,46394,买盘
10:12:28,27.26,-0.04,41,111861,卖盘
10:12:31,27.3,0.04,12,32752,买盘
10:12:34,27.26,-0.04,30,83088,卖盘
10:12:37,27.26,0.0,30,80432,买盘
10:12:40,27.26,0.0,8,21290,卖盘
10:12:43,27.26,0.0,11,28950,卖盘
10:12:46,27.26,0.0,37,101543,卖盘
10:12:49,27.26,0.0,97,265185,卖盘
10:12:52,27.26,0.0,134,365871,买盘
10:12:55,27.21,-0.05,10,27536,卖盘
10:12:58,27.27,0.06,168,458359,买盘
10:13:01,27.26,-0.01,48,130358,卖盘
10:13:07,27.21,-0.05,9,23346,卖盘
10:13:10,27.21,0.0,10,26910,卖盘
10:13:13,27.21,0.0,23,62284,卖盘
10:13:16,27.21,0.0,3,8163,卖盘
10:13:19,27.22,0.01,14,38987,买盘
10:13:22,27.22,0.0,0,844,买盘
10:13:25,27.23,0.01,15,40887,买盘
10:13:28,27.2,-0.03,98,266651,卖盘
10:13:31,27.18,-0.02,41,112423,卖盘
10:13:34,27.18,0.0,2,5626,卖盘
10:13:37,27.18,0.0,147,399991,卖盘
10:13:40,27.19,0.01,4,10876,买盘
10:13:43,27.14,-0.05,188,511243,卖盘
10:13:46,27.11,-0.03,29,78413,卖盘
10:13:49,27.08,-0.03,14,37950,卖盘
10:13:52,27.05,-0.03,42,114832,卖盘
10:13:55,27.14,0.09,152,412472,买盘
10:13:58,27.14,0.0,54,146501,卖盘
10:14:04,27.14,0.0,12,33763,卖盘
10:14:13,27.05,-0.09,8,21640,卖盘
10:14:16,27.05,0.0,7,18935,卖盘
10:14:19,27.05,0.0,10,28213,卖盘
10:14:22,27.07,0.02,28,75657,买盘
10:14:25,27.03,-0.04,174,470940,卖盘
10:14:28,27.01,-0.02,23,62940,卖盘
10:14:31,26.99,-0.02,138,372084,卖盘
10:14:34,26.99,0.0,2,5398,卖盘
10:14:37,26.99,0.0,33,88984,买盘
10:14:40,26.91,-0.08,2,5543,卖盘
10:14:43,26.91,0.0,52,138829,卖盘
10:14:46,26.89,-0.02,99,267196,卖盘
10:14:49,26.8,-0.09,431,1156591,卖盘
10:14:52,26.78,-0.02,81,216918,卖盘
10:14:55,26.77,-0.01,53,140569,卖盘
10:14:58,26.76,-0.01,89,239449,卖盘
10:15:04,26.75,-0.01,508,1359205,卖盘
10:15:07,26.71,-0.04,39,105160,卖盘
10:15:10,26.75,0.04,196,522477,买盘
10:15:13,26.66,-0.09,35,93585,卖盘
10:15:16,26.7,0.04,64,169539,中性盘
10:15:19,26.66,-0.04,65,174398,卖盘
10:15:22,26.66,0.0,47,125841,买盘
10:15:25,26.6,-0.06,50,133023,卖盘
10:15:28,26.65,0.05,75,198375,买盘
10:15:31,26.57,-0.08,178,474435,卖盘
10:15:34,26.57,0.0,112,296596,买盘
10:15:37,26.55,-0.02,2,5310,中性盘
10:15:40,26.52,-0.03,504,1335621,卖盘
10:15:43,26.51,-0.01,2,5302,买盘
10:15:46,26.41,-0.1,13,35122,卖盘
10:15:49,26.38,-0.03,43,113834,卖盘
10:15:52,26.37,-0.01,10,26370,卖盘
10:15:58,26.35,-0.02,13,34266,卖盘
10:16:01,26.37,0.02,53,138967,买盘
10:16:04,26.35,-0.02,18,46215,卖盘
10:16:07,26.37,0.02,145,383013,买盘
10:16:10,26.37,0.0,415,1093234,买盘
10:16:13,26.33,-0.04,101,265523,中性盘
10:16:16,26.35,0.02,26,67185,买盘
10:16:19,26.35,0.0,5,13175,买盘
10:16:22,26.35,0.0,93,244710,买盘
10:16:25,26.34,-0.01,32,84286,买盘
10:16:28,26.34,0.0,34,90800,买盘
10:16:31,26.34,0.0,135,355360,买盘
10:16:34,26.33,-0.01,75,197945,中性盘
10:16:37,26.33,0.0,60,157980,买盘
10:16:40,26.34,0.01,57,150312,买盘
10:16:43,26.3,-0.04,67,175296,卖盘
10:16:46,26.33,0.03,38,100656,卖盘
10:16:49,26.33,0.0,207,544303,卖盘
10:16:52,26.34,0.01,21,55751,买盘
10:16:55,26.34,0.0,80,209728,买盘
10:16:58,26.3,-0.04,3,7470,卖盘
10:17:01,26.3,0.0,68,178745,卖盘
10:17:04,26.29,-0.01,2,5258,中性盘
10:17:07,26.29,0.0,18,47900,买盘
10:17:10,26.26,-0.03,16,42019,卖盘
10:17:13,26.29,0.03,23,61650,买盘
10:17:16,26.29,0.0,18,48453,卖盘
10:17:19,26.32,0.03,19,50112,买盘
10:17:22,26.32,0.0,318,836586,买盘
10:17:25,26.34,0.02,34,89357,买盘
10:17:28,26.32,-0.02,51,133210,卖盘
10:17:31,26.33,0.01,114,299097,中性盘
10:17:34,26.34,0.01,40,106592,中性盘
10:17:37,26.25,-0.09,378,991988,卖盘
10:17:40,26.25,0.0,50,132143,买盘
10:17:43,26.2,-0.05,136,357697,卖盘
10:17:46,26.23,0.03,59,154206,中性盘
10:17:49,26.14,-0.09,54,141264,卖盘
10:17:55,26.14,0.0,39,103122,卖盘
10:17:58,26.15,0.01,224,584164,买盘
10:18:01,26.18,0.03,37,96914,中性盘
10:18:04,26.1,-0.08,510,1332773,卖盘
10:18:07,26.1,0.0,141,368663,买盘
10:18:10,26.1,0.0,12,31575,买盘
10:18:13,26.1,0.0,163,424655,买盘
10:18:16,26.04,-0.06,91,238114,卖盘
10:18:19,26.04,0.0,2,5208,买盘
10:18:22,26.04,0.0,299,777167,买盘
10:18:25,26.04,0.0,12,31242,买盘
10:18:28,26.01,-0.03,261,678235,卖盘
10:18:31,26.0,-0.01,263,685242,卖盘
10:18:34,26.0,0.0,126,328467,卖盘
10:18:37,26.01,0.01,258,670973,买盘
10:18:40,26.02,0.01,387,1007898,买盘
10:18:43,26.01,-0.01,168,436684,卖盘
10:18:46,26.0,-0.01,480,1249386,卖盘
10:18:49,25.99,-0.01,50,129700,中性盘
10:18:52,25.9,-0.09,93,241487,卖盘
10:18:55,25.98,0.08,59,152173,买盘
10:18:58,25.88,-0.1,203,525512,卖盘
10:19:01,25.85,-0.03,30,77479,卖盘
10:19:04,25.99,0.14,204,527363,买盘
10:19:07,26.0,0.01,29,75293,买盘
10:19:10,25.91,-0.09,7,18438,中性盘
10:19:13,25.99,0.08,153,398342,买盘
10:19:16,25.91,-0.08,126,326564,卖盘
10:19:19,25.9,-0.01,239,620080,卖盘
10:19:22,25.9,0.0,24,63248,买盘
10:19:25,25.89,-0.01,6,15797,中性盘
10:19:28,25.9,0.01,163,422463,买盘
10:19:31,25.89,-0.01,4,10356,买盘
10:19:34,25.9,0.01,136,352183,买盘
10:19:37,25.91,0.01,154,398588,买盘
10:19:40,25.92,0.01,16,41836,买盘
10:19:43,25.98,0.06,123,319008,买盘
10:19:46,25.98,0.0,25,64345,买盘
10:19:49,25.91,-0.07,500,1296440,卖盘
10:19:52,25.99,0.08,7,18297,买盘
10:19:55,25.98,-0.01,67,173558,卖盘
10:19:58,26.0,0.02,272,707540,买盘
10:20:01,26.14,0.14,30,78420,买盘
10:20:04,26.18,0.04,7,17515,买盘
10:20:07,26.16,-0.02,5,13076,中性盘
10:20:10,26.18,0.02,59,153368,买盘
10:20:13,26.18,0.0,219,573247,买盘
10:20:16,26.23,0.05,13,34725,买盘
10:20:19,26.3,0.07,12,31546,买盘
10:20:25,26.33,0.03,126,331516,买盘
10:20:28,26.34,0.01,2,5268,买盘
10:20:31,26.36,0.02,24,63264,买盘
10:20:34,26.4,0.04,146,386376,买盘
10:20:37,26.41,0.01,5,13205,买盘
10:20:40,26.41,0.0,11,28388,中性盘
10:20:43,26.41,0.0,72,189978,买盘
10:20:46,26.36,-0.05,124,326340,卖盘
10:20:49,26.5,0.14,24,63415,买盘
10:20:52,26.41,-0.09,102,269999,卖盘
10:20:55,26.42,0.01,19,49537,中性盘
10:20:58,26.56,0.14,125,329899,买盘
10:21:01,26.42,-0.14,78,207298,卖盘
10:21:04,26.55,0.13,5,13274,中性盘
10:21:07,26.42,-0.13,9,24069,卖盘
10:21:10,26.42,0.0,43,112380,卖盘
10:21:13,26.45,0.03,11,29326,买盘
10:21:16,26.42,-0.03,99,261376,卖盘
10:21:19,26.4,-0.02,49,128284,卖盘
10:21:22,26.4,0.0,10,26396,买盘
10:21:25,26.36,-0.04,42,109914,卖盘
10:21:28,26.36,0.0,102,269782,卖盘
10:21:34,26.3,-0.06,96,251468,卖盘
10:21:37,26.24,-0.06,9,23406,卖盘
10:21:40,26.3,0.06,113,297873,买盘
10:21:43,26.24,-0.06,9,23406,卖盘
10:21:46,26.24,0.0,2,5248,卖盘
10:21:49,26.24,0.0,15,39719,卖盘
10:21:52,26.23,-0.01,115,301650,卖盘
10:21:55,26.28,0.05,132,346907,买盘
10:22:01,26.28,0.0,75,197100,卖盘
10:22:04,26.23,-0.05,10,25821,卖盘
10:22:07,26.23,0.0,6,15292,卖盘
10:22:10,26.2,-0.03,52,135208,卖盘
10:22:13,26.23,0.03,154,404318,买盘
10:22:16,26.2,-0.03,30,78650,卖盘
10:22:19,26.24,0.04,26,68224,买盘
10:22:22,26.2,-0.04,4,10482,卖盘
10:22:25,26.21,0.01,47,122611,买盘
10:22:28,26.21,0.0,15,39340,卖盘
10:22:31,26.2,-0.01,50,131578,卖盘
10:22:34,26.23,0.03,372,975509,买盘
10:22:37,26.24,0.01,426,1116599,买盘
10:22:43,26.28,0.04,309,812545,买盘
10:22:46,26.35,0.07,115,303860,买盘
10:22:49,26.36,0.01,2,5272,买盘
10:22:52,26.36,0.0,5,13180,买盘
10:22:55,26.35,-0.01,114,301561,卖盘
10:22:58,26.35,0.0,106,279975,卖盘
10:23:01,26.36,0.01,65,171359,买盘
10:23:04,26.36,0.0,10,26360,买盘
10:23:07,26.35,-0.01,30,77874,卖盘
10:23:10,26.28,-0.07,47,122365,卖盘
10:23:13,26.35,0.07,27,71154,买盘
10:23:16,26.35,0.0,61,161441,买盘
10:23:19,26.3,-0.05,5,13150,卖盘
10:23:22,26.35,0.05,5,13175,买盘
10:23:28,26.3,-0.05,20,52574,卖盘
10:23:31,26.3,0.0,5,13150,卖盘
10:23:34,26.3,0.0,5,13150,卖盘
10:23:37,26.35,0.05,12,31728,买盘
10:23:40,26.3,-0.05,10,25511,卖盘
10:23:43,26.3,0.0,100,263005,卖盘
10:23:46,26.35,0.05,13,33981,买盘
10:23:49,26.3,-0.05,5,13165,卖盘
10:23:55,26.35,0.05,43,112223,买盘
10:23:58,26.31,-0.04,6,17077,卖盘
10:24:01,26.35,0.04,102,268316,买盘
10:24:04,26.34,-0.01,12,31568,中性盘
10:24:07,26.3,-0.04,39,103201,卖盘
10:24:13,26.3,0.0,14,37425,卖盘
10:24:16,26.33,0.03,8,21090,买盘
10:24:19,26.35,0.02,65,171165,买盘
10:24:22,26.32,-0.03,13,33716,卖盘
10:24:31,26.32,0.0,3,7211,买盘
10:24:34,26.31,-0.01,219,576422,卖盘
10:24:40,26.32,0.01,1,2632,卖盘
10:24:43,26.33,0.01,13,33097,买盘
10:24:46,26.34,0.01,11,27913,买盘
10:24:49,26.33,-0.01,9,22434,卖盘
10:24:52,26.33,0.0,18,48210,卖盘
10:25:01,26.33,0.0,111,292263,买盘
10:25:04,26.34,0.01,56,147519,买盘
10:25:07,26.35,0.01,14,37523,买盘
10:25:10,26.35,0.0,15,39182,买盘
10:25:13,26.35,0.0,135,354543,买盘
10:25:16,26.35,0.0,4,9565,买盘
10:25:19,26.34,-0.01,10,26998,卖盘
10:25:22,26.35,0.01,13,35091,买盘
10:25:31,26.35,0.0,25,65875,买盘
10:25:34,26.35,0.0,3,8274,买盘
10:25:37,26.36,0.01,20,52720,买盘
10:25:40,26.35,-0.01,2,5270,卖盘
10:25:43,26.36,0.01,3,7091,买盘
10:25:46,26.39,0.03,130,342133,买盘
10:25:49,26.38,-0.01,110,290016,卖盘
10:25:52,26.4,0.02,2,5491,买盘
10:25:55,26.4,0.0,29,76507,买盘
10:25:58,26.4,0.0,103,273019,买盘
10:26:01,26.4,0.0,17,45540,买盘
10:26:04,26.41,0.01,15,39531,买盘
10:26:07,26.49,0.08,10,25184,买盘
10:26:10,26.5,0.01,18,47250,买盘
10:26:13,26.5,0.0,177,470295,买盘
10:26:16,26.56,0.06,0,27,买盘
10:26:19,26.57,0.01,26,69848,买盘
10:26:22,26.57,0.0,108,287725,买盘
10:26:25,26.5,-0.07,29,76093,卖盘
10:26:28,26.56,0.06,87,230180,买盘
10:26:31,26.56,0.0,30,78854,买盘
10:26:34,26.56,0.0,26,68658,买盘
10:26:37,26.56,0.0,12,31878,买盘
10:26:40,26.57,0.01,14,36890,买盘
10:26:43,26.5,-0.07,4,11792,卖盘
10:26:46,26.5,0.0,31,83449,买盘
10:26:49,26.49,-0.01,188,498621,卖盘
10:26:52,26.49,0.0,2,5298,买盘
10:26:58,26.49,0.0,20,52974,买盘
10:27:01,26.49,0.0,10,26490,买盘
10:27:04,26.48,-0.01,134,354948,中性盘
10:27:10,26.49,0.01,20,52962,买盘
10:27:13,26.5,0.01,2,5300,买盘
10:27:16,26.5,0.0,3,8639,买盘
10:27:19,26.5,0.0,41,108579,买盘
10:27:22,26.5,0.0,49,129108,买盘
10:27:28,26.57,0.07,11,30103,买盘
10:27:31,26.5,-0.07,5,13255,卖盘
10:27:34,26.57,0.07,26,69985,买盘
10:27:37,26.6,0.03,4,10640,买盘
10:27:40,26.57,-0.03,2,5317,卖盘
10:27:43,26.68,0.11,29,76296,买盘
10:27:46,26.6,-0.08,5,13938,买盘
10:27:49,26.68,0.08,152,405402,买盘
10:27:52,26.68,0.0,22,58702,卖盘
10:27:55,26.72,0.04,102,271621,买盘
10:28:01,26.72,0.0,4,11917,买盘
10:28:04,26.72,0.0,161,430829,卖盘
10:28:07,26.78,0.06,43,115490,买盘
10:28:10,26.68,-0.1,200,534443,卖盘
10:28:13,26.72,0.04,22,58784,买盘
10:28:16,26.72,0.0,104,276911,买盘
10:28:22,26.72,0.0,20,54269,买盘
10:28:25,26.71,-0.01,9,23348,买盘
10:28:28,26.77,0.06,101,268799,买盘
10:28:34,26.75,-0.02,47,125803,卖盘
10:28:37,26.75,0.0,40,106732,买盘
10:28:40,26.72,-0.03,11,29422,卖盘
10:28:43,26.75,0.03,46,124010,买盘
10:28:46,26.75,0.0,10,27098,买盘
10:28:49,26.75,0.0,57,152849,买盘
10:28:55,26.76,0.01,65,173149,买盘
10:29:01,26.76,0.0,14,37464,卖盘
10:29:04,26.77,0.01,51,136066,买盘
10:29:07,26.77,0.0,240,642709,买盘
10:29:10,26.77,0.0,2,5354,卖盘
10:29:13,26.8,0.03,36,96507,买盘
10:29:16,26.77,-0.03,7,19441,卖盘
10:29:19,26.77,0.0,48,127178,卖盘
10:29:22,26.76,-0.01,176,469695,中性盘
10:29:25,26.67,-0.09,32,84467,卖盘
10:29:31,26.57,-0.1,2,5500,卖盘
10:29:37,26.66,0.09,3,7998,买盘
10:29:46,26.65,-0.01,46,123216,买盘
10:29:49,26.65,0.0,10,26655,卖盘
10:29:55,26.67,0.02,11,30172,中性盘
10:29:58,26.75,0.08,3,8534,买盘
10:30:01,26.75,0.0,20,54007,买盘
10:30:04,26.75,0.0,14,38051,买盘
10:30:07,26.7,-0.05,2,5340,卖盘
10:30:13,26.7,0.0,200,534020,卖盘
10:30:16,26.75,0.05,3,9282,买盘
10:30:19,26.7,-0.05,211,562907,卖盘
10:30:22,26.75,0.05,30,80238,买盘
10:30:25,26.7,-0.05,17,46672,卖盘
10:30:28,26.7,0.0,11,28331,卖盘
10:30:31,26.7,0.0,8,20426,卖盘
10:30:34,26.7,0.0,16,41385,卖盘
10:30:37,26.71,0.01,12,31860,买盘
10:30:40,26.75,0.04,13,33961,买盘
10:30:43,26.71,-0.04,4,10070,卖盘
10:30:46,26.69,-0.02,195,521699,卖盘
10:30:49,26.75,0.06,36,95168,买盘
10:30:52,26.69,-0.06,8,21352,卖盘
10:30:55,26.75,0.06,5,14602,买盘
10:31:01,26.71,-0.04,90,240722,中性盘
10:31:04,26.7,-0.01,4,11267,中性盘
10:31:07,26.7,0.0,14,37380,卖盘
10:31:10,26.71,0.01,22,58121,买盘
10:31:13,26.71,0.0,8,21370,卖盘
10:31:19,26.71,0.0,2,5342,卖盘
10:31:22,26.73,0.02,8,21321,买盘
10:31:25,26.72,-0.01,16,42770,中性盘
10:31:28,26.74,0.02,18,49357,买盘
10:31:34,26.75,0.01,59,157875,买盘
10:31:37,26.75,0.0,20,53286,卖盘
10:31:40,26.76,0.01,16,41609,买盘
10:31:43,26.74,-0.02,14,37763,卖盘
10:31:49,26.72,-0.02,32,85358,卖盘
10:31:52,26.72,0.0,3,8096,卖盘
10:31:58,26.74,0.02,20,53480,中性盘
10:32:01,26.74,0.0,20,53480,买盘
10:32:04,26.72,-0.02,41,110033,卖盘
10:32:07,26.75,0.03,76,203659,买盘
10:32:13,26.72,-0.03,165,442209,卖盘
10:32:16,26.72,0.0,64,171963,买盘
10:32:19,26.72,0.0,23,60465,买盘
10:32:22,26.76,0.04,9,24084,买盘
10:32:25,26.76,0.0,117,313016,卖盘
10:32:28,26.72,-0.04,3,8764,卖盘
10:32:31,26.72,0.0,50,133129,卖盘
10:32:34,26.72,0.0,7,18383,卖盘
10:32:37,26.75,0.03,19,49675,买盘
10:32:40,26.75,0.0,64,171842,卖盘
10:32:46,26.75,0.0,3,8025,卖盘
10:32:49,26.75,0.0,11,29425,卖盘
10:32:52,26.75,0.0,6,16050,卖盘
10:32:58,26.81,0.06,52,139658,买盘
10:33:01,26.76,-0.05,9,23334,卖盘
10:33:04,26.81,0.05,18,48816,买盘
10:33:07,26.81,0.0,2,5362,买盘
10:33:10,26.79,-0.02,8,20843,卖盘
10:33:13,26.79,0.0,65,175160,卖盘
10:33:16,26.82,0.03,92,245383,买盘
10:33:19,26.82,0.0,12,32289,买盘
10:33:25,26.82,0.0,38,102431,买盘
10:33:28,26.83,0.01,17,45647,买盘
10:33:31,26.81,-0.02,4,10724,中性盘
10:33:34,26.83,0.02,14,37240,买盘
10:33:37,26.82,-0.01,47,125601,卖盘
10:33:40,26.83,0.01,69,185127,买盘
10:33:43,26.83,0.0,3,8156,买盘
10:33:46,26.87,0.04,4,10640,买盘
10:33:52,26.87,0.0,2,5563,买盘
10:33:55,26.87,0.0,0,376,买盘
10:34:01,26.9,0.03,4,11594,买盘
10:34:04,26.9,0.0,26,69106,买盘
10:34:07,26.98,0.08,2,5396,买盘
10:34:10,26.97,-0.01,19,51166,买盘
10:34:13,26.95,-0.02,8,21506,买盘
10:34:16,26.98,0.03,54,144294,买盘
10:34:19,26.98,0.0,69,187320,买盘
10:34:22,27.0,0.02,39,104998,买盘
10:34:25,27.0,0.0,22,58077,买盘
10:34:34,27.0,0.0,6,16200,买盘
10:34:37,27.0,0.0,39,106083,买盘
10:34:40,27.01,0.01,3,7509,卖盘
10:34:43,27.06,0.05,5,13530,买盘
10:34:46,27.06,0.0,2,5412,买盘
10:34:49,27.05,-0.01,44,118699,中性盘
10:34:52,27.05,0.0,54,145970,买盘
10:34:55,27.05,0.0,17,45688,买盘
10:34:58,27.03,-0.02,36,97721,卖盘
10:35:01,27.03,0.0,2,5406,买盘
10:35:04,27.03,0.0,27,73952,买盘
10:35:07,27.02,-0.01,54,146974,卖盘
10:35:10,27.02,0.0,20,54038,买盘
10:35:13,27.02,0.0,43,117382,买盘
10:35:16,27.02,0.0,50,135100,卖盘
10:35:19,27.02,0.0,9,25110,卖盘
10:35:22,27.02,0.0,30,81060,卖盘
10:35:28,27.02,0.0,90,243315,卖盘
10:35:31,27.05,0.03,30,81040,买盘
10:35:34,27.05,0.0,40,107543,买盘
10:35:37,27.02,-0.03,60,162242,卖盘
10:35:40,27.12,0.1,338,915493,买盘
10:35:43,27.13,0.01,2,5426,中性盘
10:35:46,27.12,-0.01,72,195992,卖盘
10:35:49,27.06,-0.06,10,26843,卖盘
10:35:55,27.11,0.05,102,275010,买盘
10:36:04,27.11,0.0,3,7049,买盘
10:36:07,27.11,0.0,34,91171,买盘
10:36:10,27.11,0.0,213,578012,买盘
10:36:16,27.11,0.0,20,54224,卖盘
10:36:19,27.11,0.0,8,21688,卖盘
10:36:22,27.11,0.0,7,18995,卖盘
10:36:25,27.11,0.0,3,8973,卖盘
10:36:28,27.15,0.04,9,24571,买盘
10:36:34,27.14,-0.01,78,212074,买盘
10:36:37,27.15,0.01,31,83935,买盘
10:36:40,27.15,0.0,13,35295,卖盘
10:36:43,27.11,-0.04,58,156311,卖盘
10:36:46,27.06,-0.05,11,30549,卖盘
10:36:49,27.06,0.0,3,8632,卖盘
10:37:04,27.15,0.09,50,136172,买盘
10:37:07,27.07,-0.08,18,48732,卖盘
10:37:10,27.07,0.0,17,45867,卖盘
10:37:16,27.07,0.0,2,5414,卖盘
10:37:19,27.09,0.02,48,130048,买盘
10:37:22,27.09,0.0,7,17690,卖盘
10:37:28,27.09,0.0,4,10836,卖盘
10:37:31,27.1,0.01,4,10840,买盘
10:37:34,27.09,-0.01,7,18963,卖盘
10:37:37,27.09,0.0,41,110825,卖盘
10:37:40,27.06,-0.03,25,66614,卖盘
10:37:43,27.02,-0.04,18,49160,卖盘
10:37:46,27.02,0.0,7,17995,卖盘
10:37:49,27.02,0.0,2,6485,卖盘
10:37:52,27.02,0.0,35,93786,卖盘
10:37:55,27.01,-0.01,17,46139,卖盘
10:37:58,27.01,0.0,4,11182,卖盘
10:38:01,27.01,0.0,4,10858,卖盘
10:38:04,27.03,0.02,67,182141,买盘
10:38:07,26.97,-0.06,72,193995,卖盘
10:38:13,26.96,-0.01,8,20836,买盘
10:38:16,26.95,-0.01,32,85563,卖盘
10:38:19,26.95,0.0,20,53900,卖盘
10:38:22,26.95,0.0,7,18973,卖盘
10:38:25,26.9,-0.05,2,5568,卖盘
10:38:28,26.9,0.0,40,107620,卖盘
10:38:34,26.9,0.0,5,13450,卖盘
10:38:37,26.9,0.0,2,5730,卖盘
10:38:40,26.95,0.05,31,83465,买盘
10:38:46,26.9,-0.05,12,31876,卖盘
10:38:58,26.91,0.01,10,27126,卖盘
10:39:01,26.91,0.0,22,59202,卖盘
10:39:07,26.91,0.0,6,16630,卖盘
10:39:10,26.91,0.0,22,58260,卖盘
10:39:13,26.91,0.0,5,14209,卖盘
10:39:19,26.8,-0.11,7,19702,卖盘
10:39:25,26.8,0.0,9,23235,卖盘
10:39:37,26.91,0.11,24,65246,买盘
10:39:43,26.8,-0.11,100,268009,卖盘
10:39:46,26.8,0.0,4,11631,卖盘
10:40:01,26.79,-0.01,22,58887,卖盘
10:40:04,26.88,0.09,27,73626,买盘
10:40:07,26.76,-0.12,81,217925,卖盘
10:40:10,26.8,0.04,5,12381,卖盘
10:40:13,26.8,0.0,5,13416,卖盘
10:40:16,26.8,0.0,50,135360,卖盘
10:40:31,26.8,0.0,235,629766,买盘
10:40:34,26.8,0.0,13,34760,卖盘
10:40:37,26.8,0.0,3,8013,卖盘
10:40:40,26.8,0.0,4,10934,卖盘
10:40:43,26.8,0.0,30,80400,卖盘
10:40:46,26.8,0.0,2,5360,卖盘
10:40:49,26.87,0.07,5,13435,买盘
10:40:52,26.8,-0.07,4,10827,卖盘
10:40:55,26.8,0.0,16,42103,卖盘
10:40:58,26.8,0.0,36,96721,买盘
10:41:04,26.8,0.0,37,98169,买盘
10:41:07,26.84,0.04,46,122465,买盘
10:41:10,26.9,0.06,3,7828,中性盘
10:41:16,26.91,0.01,20,54896,买盘
10:41:19,26.9,-0.01,6,17135,卖盘
10:41:22,26.91,0.01,7,19294,买盘
10:41:25,26.92,0.01,2,6434,买盘
10:41:31,26.93,0.01,6,16158,买盘
10:41:34,26.93,0.0,36,96760,买盘
10:41:37,26.92,-0.01,142,381259,卖盘
10:41:49,26.93,0.01,21,56553,买盘
10:41:52,26.92,-0.01,11,28465,卖盘
10:41:55,26.93,0.01,22,58196,买盘
10:42:01,26.93,0.0,29,78097,买盘
10:42:04,26.93,0.0,18,48438,买盘
10:42:13,26.91,-0.02,3,7643,卖盘
10:42:16,26.91,0.0,4,10764,卖盘
10:42:22,26.92,0.01,20,54405,买盘
10:42:25,26.93,0.01,30,80790,买盘
10:42:40,26.93,0.0,35,94390,买盘
10:42:43,26.93,0.0,6,16158,买盘
10:42:46,26.93,0.0,32,85688,买盘
10:42:49,26.93,0.0,3,8079,买盘
10:42:52,26.93,0.0,16,43465,买盘
10:42:55,26.93,0.0,88,235665,买盘
10:43:01,26.93,0.0,49,131256,买盘
10:43:07,26.93,0.0,35,94255,买盘
10:43:13,26.93,0.0,72,193735,买盘
10:43:16,26.93,0.0,19,51409,买盘
10:43:22,26.93,0.0,2,5386,买盘
10:43:25,26.93,0.0,223,601374,买盘
10:43:34,26.93,0.0,5,12819,买盘
10:43:37,26.93,0.0,80,215440,买盘
10:43:43,26.92,-0.01,2,5384,卖盘
10:43:49,26.93,0.01,5,13465,买盘
10:43:58,26.93,0.0,23,62610,买盘
10:44:01,26.93,0.0,34,92612,买盘
10:44:07,26.92,-0.01,25,67320,卖盘
10:44:10,26.93,0.01,45,122261,买盘
10:44:13,26.92,-0.01,31,84647,卖盘
10:44:25,26.92,0.0,49,132661,卖盘
10:44:28,26.93,0.01,9,24775,买盘
10:44:31,26.91,-0.02,44,118835,卖盘
10:44:34,26.91,0.0,15,39504,卖盘
10:44:37,26.9,-0.01,3,7720,卖盘
10:44:52,26.9,0.0,4,11244,卖盘
10:44:58,26.91,0.01,11,30543,买盘
10:45:04,26.9,-0.01,5,13451,卖盘
10:45:07,26.92,0.02,2,5384,买盘
10:45:13,26.92,0.0,2,5384,买盘
10:45:25,26.9,-0.02,13,35339,卖盘
10:45:28,26.93,0.03,2,5386,买盘
10:45:37,26.93,0.0,14,36855,买盘
10:45:52,26.86,-0.07,6,16114,中性盘
10:45:55,26.86,0.0,4,10744,卖盘
10:45:58,26.92,0.06,60,161516,买盘
10:46:01,26.88,-0.04,43,115826,中性盘
10:46:04,26.92,0.04,4,10768,买盘
10:46:07,26.92,0.0,5,13460,买盘
10:46:10,26.85,-0.07,76,203345,卖盘
10:46:13,26.92,0.07,42,113052,买盘
10:46:22,26.85,-0.07,6,16114,卖盘
10:46:31,26.85,0.0,13,34503,卖盘
10:46:34,26.88,0.03,23,60749,买盘
10:46:37,26.86,-0.02,11,28944,卖盘
10:46:43,26.88,0.02,10,25644,买盘
10:46:49,26.88,0.0,10,26804,卖盘
10:46:55,26.88,0.0,5,13440,卖盘
10:47:01,26.88,0.0,2,6048,卖盘
10:47:04,26.88,0.0,8,21987,卖盘
10:47:10,26.88,0.0,2,4113,卖盘
10:47:13,26.89,0.01,35,93480,买盘
10:47:16,26.89,0.0,7,17506,卖盘
10:47:19,26.91,0.02,90,240837,买盘
10:47:22,26.9,-0.01,8,21520,卖盘
10:47:25,26.89,-0.01,12,32269,卖盘
10:47:34,26.91,0.02,3,8073,买盘
10:47:37,26.91,0.0,2,4925,买盘
10:47:46,26.9,-0.01,65,173896,卖盘
10:47:49,26.89,-0.01,52,139828,卖盘
10:47:52,26.9,0.01,2,5380,买盘
10:47:55,26.9,0.0,4,10760,买盘
10:48:10,26.87,-0.03,4,12011,卖盘
10:48:13,26.88,0.01,4,9757,买盘
10:48:16,26.88,0.0,1,2258,卖盘
10:48:19,26.88,0.0,2,4193,买盘
10:48:22,26.88,0.0,4,10752,卖盘
10:48:25,26.88,0.0,6,17257,卖盘
10:48:31,26.88,0.0,33,88704,卖盘
10:48:58,26.88,0.0,18,47104,卖盘
10:49:01,26.88,0.0,6,14918,卖盘
10:49:04,26.88,0.0,2,5376,卖盘
10:49:10,26.88,0.0,5,13440,卖盘
10:49:34,26.88,0.0,5,13440,卖盘
10:49:37,26.89,0.01,10,26348,中性盘
10:49:40,26.88,-0.01,2,4919,卖盘
10:49:46,26.88,0.0,1,2553,买盘
10:49:49,26.88,0.0,4,11962,卖盘
10:49:55,26.88,0.0,4,10752,卖盘
10:49:58,26.89,0.01,2,5378,买盘
10:50:13,26.89,0.0,12,32026,买盘
10:50:16,26.89,0.0,6,17398,买盘
10:50:34,26.88,-0.01,9,24138,卖盘
10:50:49,26.88,0.0,30,80640,买盘
10:50:55,26.88,0.0,11,29917,买盘
10:51:04,26.89,0.01,1,3631,买盘
10:51:07,26.89,0.0,2,5485,卖盘
10:51:10,26.87,-0.02,14,38466,卖盘
10:51:16,26.86,-0.01,10,27641,卖盘
10:51:19,26.86,0.0,4,10746,卖盘
10:51:34,26.88,0.02,6,17391,买盘
10:51:37,26.86,-0.02,65,175787,卖盘
10:51:43,26.85,-0.01,10,26850,卖盘
10:51:46,26.85,0.0,8,21024,卖盘
10:51:58,26.85,0.0,26,70931,卖盘
10:52:07,26.86,0.01,3,8058,买盘
10:52:22,26.87,0.01,25,66964,买盘
10:52:37,26.88,0.01,17,45689,买盘
10:52:40,26.87,-0.01,0,484,卖盘
10:52:43,26.87,0.0,8,20631,买盘
10:52:49,26.88,0.01,3,8064,买盘
10:53:10,26.88,0.0,10,26880,买盘
10:53:16,26.87,-0.01,2,5374,卖盘
10:53:19,26.88,0.01,30,80640,买盘
10:53:25,26.88,0.0,24,64512,买盘
10:53:31,26.88,0.0,7,17552,买盘
10:53:43,26.88,0.0,3,7419,买盘
10:53:49,26.88,0.0,8,22469,买盘
10:53:58,26.88,0.0,10,26880,买盘
10:54:07,26.88,0.0,4,10752,买盘
10:54:10,26.87,-0.01,7,19485,卖盘
10:54:16,26.88,0.01,2,5376,买盘
10:54:28,26.87,-0.01,46,124677,卖盘
10:54:34,26.88,0.01,12,30965,买盘
10:54:40,26.87,-0.01,20,53740,卖盘
10:54:52,26.87,0.0,6,14863,卖盘
10:54:55,26.88,0.01,7,18816,买盘
10:55:04,26.88,0.0,6,17391,买盘
10:55:07,26.88,0.0,8,22391,买盘
10:55:10,26.88,0.0,48,129186,买盘
10:55:19,26.88,0.0,17,44378,卖盘
10:55:34,26.88,0.0,2,5376,卖盘
10:55:37,26.89,0.01,20,53780,买盘
10:55:40,26.88,-0.01,3,7204,卖盘
10:55:46,26.89,0.01,9,25384,买盘
10:55:58,26.89,0.0,19,50581,卖盘
10:56:04,26.9,0.01,4,10760,买盘
10:56:10,26.9,0.0,8,20982,买盘
10:56:13,26.9,0.0,98,262490,买盘
10:56:16,26.9,0.0,5,13450,买盘
10:56:25,26.9,0.0,4,12024,买盘
10:56:28,26.9,0.0,27,73652,买盘
10:56:31,26.91,0.01,2,5598,买盘
10:56:37,26.91,0.0,6,16065,买盘
10:56:43,26.92,0.01,2,5384,买盘
10:56:46,26.92,0.0,2,5384,买盘
10:56:55,26.92,0.0,10,26920,买盘
10:56:58,26.92,0.0,7,18844,买盘
10:57:01,26.91,-0.01,4,10793,卖盘
10:57:10,26.91,0.0,8,21662,卖盘
10:57:16,26.91,0.0,14,36625,买盘
10:57:19,26.91,0.0,4,11813,卖盘
10:57:28,26.92,0.01,5,13460,买盘
10:57:31,26.92,0.0,4,12034,买盘
10:57:34,26.92,0.0,1,3553,买盘
10:57:43,26.94,0.02,101,271572,买盘
10:57:46,26.94,0.0,4,10776,买盘
10:57:49,26.94,0.0,7,17996,买盘
10:57:52,26.94,0.0,4,10696,买盘
10:57:55,26.95,0.01,4,10833,买盘
10:58:01,26.95,0.0,5,13422,买盘
10:58:04,26.96,0.01,8,21001,卖盘
10:58:10,27.0,0.04,37,98577,买盘
10:58:16,26.96,-0.04,10,26960,卖盘
10:58:25,26.98,0.02,3,9066,买盘
10:58:34,26.97,-0.01,57,154959,中性盘
10:58:40,26.97,0.0,4,12002,买盘
10:58:49,26.97,0.0,7,18874,买盘
10:58:52,26.97,0.0,17,45849,买盘
10:58:55,26.95,-0.02,56,149774,卖盘
10:59:01,26.97,0.02,5,13485,买盘
10:59:04,26.95,-0.02,2,5390,卖盘
10:59:19,26.95,0.0,16,43480,卖盘
10:59:22,26.95,0.0,2,5983,卖盘
10:59:25,26.95,0.0,6,16197,卖盘
10:59:28,26.95,0.0,6,16979,卖盘
10:59:31,26.95,0.0,2,5524,卖盘
10:59:34,26.95,0.0,2,5471,卖盘
10:59:37,26.95,0.0,6,17194,卖盘
10:59:40,26.95,0.0,9,24956,卖盘
10:59:43,26.95,0.0,2,5821,卖盘
10:59:46,26.95,0.0,181,488444,卖盘
11:00:01,26.95,0.0,6,16172,卖盘
11:00:04,26.99,0.04,50,134948,买盘
11:00:10,26.99,0.0,4,10796,买盘
11:00:16,26.99,0.0,18,48582,买盘
11:00:22,26.99,0.0,8,22780,买盘
11:00:25,26.99,0.0,9,23751,卖盘
11:00:28,26.99,0.0,13,34439,卖盘
11:00:40,26.96,-0.03,10,26960,卖盘
11:00:46,26.99,0.03,147,397644,买盘
11:00:55,27.0,0.01,2,5400,买盘
11:01:01,27.0,0.0,7,17901,买盘
11:01:04,27.0,0.0,5,13500,买盘
11:01:10,27.0,0.0,11,28431,买盘
11:01:16,26.99,-0.01,23,61186,卖盘
11:01:22,26.99,0.0,62,167176,买盘
11:01:37,26.99,0.0,15,41538,买盘
11:01:52,27.0,0.01,50,135000,买盘
11:01:58,27.0,0.0,2,5400,买盘
11:02:04,27.0,0.0,5,13500,买盘
11:02:07,26.99,-0.01,6,16194,卖盘
11:02:10,27.0,0.01,10,27000,买盘
11:02:13,27.0,0.0,4,10800,买盘
11:02:16,27.0,0.0,10,27000,买盘
11:02:22,27.0,0.0,8,21060,买盘
11:02:25,27.0,0.0,5,12663,买盘
11:02:31,27.0,0.0,2,5832,买盘
11:02:37,27.0,0.0,2,5400,卖盘
11:02:43,27.01,0.01,10,27010,买盘
11:02:49,27.0,-0.01,23,62640,卖盘
11:02:52,27.01,0.01,2,5402,买盘
11:02:55,27.0,-0.01,9,23736,卖盘
11:03:01,26.99,-0.01,1,4022,卖盘
11:03:04,27.0,0.01,4,11367,买盘
11:03:10,27.0,0.0,11,28674,卖盘
11:03:13,27.0,0.0,38,103275,卖盘
11:03:16,27.0,0.0,38,103275,卖盘
11:03:25,27.0,0.0,225,608960,卖盘
11:03:40,27.01,0.01,3,7185,买盘
11:03:49,27.0,-0.01,5,13500,卖盘
11:03:52,27.01,0.01,5,14774,买盘
11:04:16,27.01,0.0,6,15180,买盘
11:04:25,27.01,0.0,6,17448,买盘
11:04:31,27.01,0.0,19,51859,买盘
11:04:34,27.01,0.0,1,3485,卖盘
11:04:37,27.01,0.0,7,18123,买盘
11:04:43,27.01,0.0,5,12911,卖盘
11:04:46,27.01,0.0,10,27334,卖盘
11:04:49,27.02,0.01,3,8106,买盘
11:04:52,27.02,0.0,15,41071,买盘
11:04:58,27.01,-0.01,27,72927,卖盘
11:05:01,27.02,0.01,4,10483,买盘
11:05:04,27.02,0.0,6,15996,买盘
11:05:10,27.02,0.0,6,16428,卖盘
11:05:25,27.03,0.01,15,40525,买盘
11:05:28,27.0,-0.03,14,37812,卖盘
11:05:40,27.01,0.01,22,58116,卖盘
11:05:43,27.03,0.02,2,5406,买盘
11:05:46,27.03,0.0,5,13511,买盘
11:05:49,27.01,-0.02,16,43216,卖盘
11:06:01,27.01,0.0,2,5402,卖盘
11:06:04,27.01,0.0,7,19501,买盘
11:06:07,27.02,0.01,6,16212,中性盘
11:06:10,27.01,-0.01,158,428589,卖盘
11:06:25,27.01,0.0,5,13505,卖盘
11:06:31,27.01,0.0,20,53831,卖盘
11:06:40,27.02,0.01,61,165308,卖盘
11:07:01,27.03,0.01,6,15002,买盘
11:07:10,27.03,0.0,3,7785,卖盘
11:07:25,27.02,-0.01,36,98109,卖盘
11:07:28,27.02,0.0,4,11997,买盘
11:07:31,27.02,0.0,9,24994,买盘
11:07:34,27.02,0.0,53,142773,卖盘
11:07:40,27.02,0.0,3,7512,卖盘
11:07:52,27.04,0.02,12,32258,买盘
11:08:07,27.05,0.01,10,27050,买盘
11:08:10,27.05,0.0,13,36349,买盘
11:08:16,27.05,0.0,20,54154,买盘
11:08:22,27.05,0.0,15,39926,买盘
11:08:28,27.06,0.01,3,8118,买盘
11:08:31,27.06,0.0,10,27060,买盘
11:08:37,27.07,0.01,10,27070,买盘
11:08:43,27.08,0.01,30,81240,买盘
11:08:52,27.08,0.0,12,32496,买盘
11:09:01,27.09,0.01,96,260741,买盘
11:09:04,27.09,0.0,12,32643,买盘
11:09:10,27.09,0.0,1,3224,卖盘
11:09:13,27.1,0.01,4,10838,买盘
11:09:19,27.11,0.01,48,130355,买盘
11:09:28,27.1,-0.01,5,13550,买盘
11:09:37,27.11,0.01,22,58286,买盘
11:09:40,27.14,0.03,111,301208,买盘
11:09:52,27.15,0.01,114,309433,买盘
11:09:55,27.15,0.0,84,227649,买盘
11:09:58,27.16,0.01,2,5432,买盘
11:10:01,27.17,0.01,10,26518,买盘
11:10:04,27.17,0.0,18,47819,买盘
11:10:07,27.17,0.0,51,139894,买盘
11:10:10,27.17,0.0,7,18910,买盘
11:10:13,27.16,-0.01,56,152151,卖盘
11:10:16,27.17,0.01,5,13585,买盘
11:10:19,27.17,0.0,5,13585,买盘
11:10:22,27.17,0.0,5,13585,买盘
11:10:25,27.15,-0.02,61,165953,卖盘
11:10:31,27.18,0.03,89,241171,买盘
11:10:34,27.17,-0.01,2,5217,卖盘
11:10:37,27.18,0.01,26,70684,买盘
11:10:43,27.18,0.0,18,47552,买盘
11:10:46,27.18,0.0,2,5436,买盘
11:10:49,27.18,0.0,14,36720,买盘
11:10:55,27.18,0.0,10,27946,卖盘
11:11:04,27.2,0.02,13,36173,买盘
11:11:07,27.2,0.0,20,55515,买盘
11:11:10,27.19,-0.01,10,27193,卖盘
11:11:13,27.2,0.01,3,8486,中性盘
11:11:22,27.2,0.0,9,25351,卖盘
11:11:25,27.23,0.03,2,5446,买盘
11:11:28,27.23,0.0,3,8114,卖盘
11:11:34,27.25,0.02,8,22174,买盘
11:11:40,27.24,-0.01,9,24520,卖盘
11:11:43,27.25,0.01,51,140092,买盘
11:11:52,27.26,0.01,135,367189,卖盘
11:11:55,27.26,0.0,50,137582,买盘
11:11:58,27.25,-0.01,75,203978,卖盘
11:12:01,27.25,0.0,11,28857,卖盘
11:12:04,27.25,0.0,52,141800,卖盘
11:12:07,27.27,0.02,24,65129,买盘
11:12:10,27.28,0.01,30,81816,买盘
11:12:13,27.25,-0.03,10,26447,卖盘
11:12:16,27.27,0.02,12,33064,买盘
11:12:19,27.26,-0.01,5,12267,中性盘
11:12:22,27.27,0.01,18,48705,卖盘
11:12:25,27.27,0.0,47,126847,卖盘
11:12:28,27.28,0.01,4,12031,买盘
11:12:31,27.28,0.0,70,191755,买盘
11:12:34,27.28,0.0,16,42929,买盘
11:12:37,27.28,0.0,26,70928,买盘
11:12:46,27.29,0.01,22,60513,买盘
11:12:49,27.29,0.0,7,19103,卖盘
11:12:52,27.29,0.0,109,296960,卖盘
11:12:55,27.3,0.01,24,66722,买盘
11:12:58,27.31,0.01,2,5462,买盘
11:13:04,27.31,0.0,17,46556,买盘
11:13:10,27.32,0.01,21,58109,买盘
11:13:16,27.32,0.0,5,13769,买盘
11:13:19,27.32,0.0,9,23284,卖盘
11:13:22,27.32,0.0,2,5573,卖盘
11:13:25,27.33,0.01,14,37169,买盘
11:13:28,27.34,0.01,9,23621,买盘
11:13:34,27.4,0.06,71,194414,买盘
11:13:37,27.4,0.0,5,12631,卖盘
11:13:40,27.46,0.06,3,8232,买盘
11:13:43,27.46,0.0,50,137298,买盘
11:13:46,27.47,0.01,50,137307,买盘
11:13:49,27.46,-0.01,14,37294,中性盘
11:13:52,27.48,0.02,162,445268,买盘
11:13:55,27.48,0.0,40,108956,买盘
11:13:58,27.48,0.0,113,311211,买盘
11:14:01,27.48,0.0,93,256279,买盘
11:14:04,27.47,-0.01,143,392487,卖盘
11:14:07,27.48,0.01,134,369523,买盘
11:14:10,27.48,0.0,17,45342,买盘
11:14:13,27.5,0.02,78,213959,买盘
11:14:22,27.51,0.01,108,296688,买盘
11:14:28,27.48,-0.03,17,45614,卖盘
11:14:31,27.49,0.01,2,5498,买盘
11:14:34,27.51,0.02,5,13752,买盘
11:14:37,27.48,-0.03,5,13743,卖盘
11:14:40,27.51,0.03,35,95304,买盘
11:14:46,27.5,-0.01,3,8718,买盘
11:14:49,27.51,0.01,3,8253,买盘
11:14:52,27.5,-0.01,5,13282,卖盘
11:14:55,27.5,0.0,12,33413,中性盘
11:14:58,27.5,0.0,4,11550,卖盘
11:15:04,27.51,0.01,6,16561,买盘
11:15:10,27.5,-0.01,25,67996,卖盘
11:15:13,27.48,-0.02,16,44745,卖盘
11:15:16,27.48,0.0,17,47842,卖盘
11:15:19,27.51,0.03,57,158044,买盘
11:15:22,27.51,0.0,6,17827,卖盘
11:15:25,27.52,0.01,77,210448,买盘
11:15:28,27.53,0.01,46,126844,买盘
11:15:31,27.54,0.01,4,11016,买盘
11:15:34,27.55,0.01,16,43211,买盘
11:15:40,27.53,-0.02,6,15417,卖盘
11:15:43,27.52,-0.01,46,126592,卖盘
11:15:46,27.52,0.0,9,25566,卖盘
11:15:49,27.52,0.0,55,151410,买盘
11:15:52,27.5,-0.02,2,5500,中性盘
11:15:58,27.52,0.02,19,52275,买盘
11:16:01,27.52,0.0,12,32996,买盘
11:16:04,27.5,-0.02,5,13750,买盘
11:16:07,27.52,0.02,98,269639,买盘
11:16:10,27.52,0.0,14,37895,卖盘
11:16:13,27.47,-0.05,42,114811,卖盘
11:16:16,27.51,0.04,4,9766,中性盘
11:16:19,27.51,0.0,14,39022,卖盘
11:16:22,27.52,0.01,41,113354,买盘
11:16:25,27.52,0.0,5,12550,卖盘
11:16:28,27.53,0.01,47,129108,买盘
11:16:31,27.53,0.0,16,43663,买盘
11:16:34,27.53,0.0,21,56926,买盘
11:16:37,27.53,0.0,10,26646,买盘
11:16:40,27.52,-0.01,3,7265,卖盘
11:16:43,27.57,0.05,54,147644,买盘
11:16:46,27.52,-0.05,18,49372,卖盘
11:17:10,27.53,0.01,4,12030,买盘
11:17:13,27.53,0.0,21,56657,买盘
11:17:16,27.52,-0.01,14,38751,卖盘
11:17:19,27.52,0.0,50,137600,卖盘
11:17:22,27.52,0.0,155,427853,卖盘
11:17:25,27.54,0.02,54,149041,买盘
11:17:28,27.54,0.0,29,78489,卖盘
11:17:31,27.54,0.0,5,14679,卖盘
11:17:58,27.54,0.0,66,180429,买盘
11:18:01,27.54,0.0,11,29000,卖盘
11:18:04,27.54,0.0,12,33599,卖盘
11:18:07,27.49,-0.05,2,5498,卖盘
11:18:19,27.48,-0.01,3,8271,卖盘
11:18:25,27.48,0.0,10,26848,卖盘
11:18:28,27.49,0.01,2,5856,中性盘
11:18:34,27.49,0.0,39,107953,卖盘
11:18:40,27.5,0.01,16,42721,买盘
11:18:43,27.5,0.0,13,36548,卖盘
11:18:49,27.5,0.0,30,83450,卖盘
11:18:52,27.5,0.0,34,94818,卖盘
11:18:55,27.54,0.04,14,38528,买盘
11:18:58,27.51,-0.03,55,150948,中性盘
11:19:04,27.5,-0.01,49,134849,卖盘
11:19:07,27.5,0.0,2,5500,买盘
11:19:10,27.54,0.04,85,235315,买盘
11:19:13,27.54,0.0,84,231914,卖盘
11:19:16,27.54,0.0,25,69621,卖盘
11:19:19,27.54,0.0,10,27540,卖盘
11:19:22,27.55,0.01,10,27550,买盘
11:19:25,27.55,0.0,62,170008,买盘
11:19:28,27.55,0.0,5,13775,买盘
11:19:31,27.54,-0.01,51,140471,卖盘
11:19:34,27.54,0.0,3,8262,卖盘
11:19:37,27.54,0.0,5,14265,卖盘
11:19:43,27.55,0.01,4,12012,买盘
11:19:55,27.55,0.0,18,49590,买盘
11:19:58,27.55,0.0,4,12313,买盘
11:20:01,27.54,-0.01,54,148716,卖盘
11:20:04,27.54,0.0,6,17047,卖盘
11:20:07,27.54,0.0,8,21839,卖盘
11:20:13,27.54,0.0,2,5563,卖盘
11:20:19,27.54,0.0,56,154614,卖盘
11:20:22,27.54,0.0,9,25612,卖盘
11:20:25,27.55,0.01,2,5510,买盘
11:20:28,27.54,-0.01,5,13770,卖盘
11:20:31,27.55,0.01,22,61774,买盘
11:20:37,27.54,-0.01,20,55461,买盘
11:20:43,27.54,0.0,19,53537,卖盘
11:20:55,27.48,-0.06,111,306240,卖盘
11:21:10,27.5,0.02,5,13145,卖盘
11:21:13,27.5,0.0,5,13750,卖盘
11:21:43,27.5,0.0,17,45409,卖盘
11:21:46,27.5,0.0,2,6795,卖盘
11:21:49,27.5,0.0,2,5500,卖盘
11:21:52,27.5,0.0,292,802560,卖盘
11:22:04,27.5,0.0,49,134227,买盘
11:22:10,27.5,0.0,2,5720,卖盘
11:22:13,27.5,0.0,2,5583,卖盘
11:22:19,27.52,0.02,45,124228,买盘
11:22:28,27.5,-0.02,2,6078,买盘
11:22:34,27.5,0.0,13,35308,买盘
11:22:40,27.5,0.0,9,24502,卖盘
11:22:55,27.48,-0.02,9,25886,卖盘
11:22:58,27.47,-0.01,11,30327,卖盘
11:23:01,27.47,0.0,3,8214,卖盘
11:23:04,27.48,0.01,19,51132,买盘
11:23:10,27.47,-0.01,12,32964,卖盘
11:23:13,27.47,0.0,10,27997,卖盘
11:23:22,27.46,-0.01,19,52174,卖盘
11:23:25,27.47,0.01,64,175232,买盘
11:23:28,27.47,0.0,51,140619,卖盘
11:23:40,27.46,-0.01,15,41190,买盘
11:23:46,27.46,0.0,10,27460,卖盘
11:23:52,27.47,0.01,9,24608,买盘
11:23:55,27.46,-0.01,106,290417,卖盘
11:23:58,27.46,0.0,11,30013,卖盘
11:24:01,27.46,0.0,11,29767,买盘
11:24:07,27.47,0.01,197,541085,买盘
11:24:10,27.45,-0.02,3,7384,买盘
11:24:13,27.45,0.0,10,27738,买盘
11:24:19,27.46,0.01,1,2746,卖盘
11:24:25,27.45,-0.01,16,43920,买盘
11:24:31,27.47,0.02,12,33678,买盘
11:24:34,27.48,0.01,4,12037,买盘
11:24:37,27.48,0.0,7,17944,买盘
11:24:46,27.48,0.0,14,38802,买盘
11:24:52,27.48,0.0,23,62085,买盘
11:24:58,27.48,0.0,3,8244,买盘
11:25:04,27.48,0.0,3,8244,买盘
11:25:10,27.47,-0.01,2,5494,卖盘
11:25:22,27.47,0.0,20,54500,卖盘
11:25:31,27.45,-0.02,12,33050,卖盘
11:25:37,27.47,0.02,131,360726,买盘
11:25:40,27.45,-0.02,3,7659,卖盘
11:25:58,27.45,0.0,23,63766,卖盘
11:26:16,27.45,0.0,2,5490,卖盘
11:26:37,27.46,0.01,2,5492,卖盘
11:26:43,27.46,0.0,5,12577,卖盘
11:26:49,27.45,-0.01,10,27450,卖盘
11:26:52,27.45,0.0,18,50498,卖盘
11:27:07,27.45,0.0,6,15564,卖盘
11:27:10,27.45,0.0,3,7632,卖盘
11:27:25,27.45,0.0,2,5490,卖盘
11:27:31,27.45,0.0,8,20730,卖盘
11:27:37,27.45,0.0,30,83229,卖盘
11:27:40,27.45,0.0,30,82350,买盘
11:27:55,27.4,-0.05,25,68515,卖盘
11:28:04,27.45,0.05,90,247046,买盘
11:28:19,27.4,-0.05,32,86969,卖盘
11:28:34,27.39,-0.01,26,70306,卖盘
11:28:40,27.42,0.03,6,16644,买盘
11:28:43,27.39,-0.03,7,19287,卖盘
11:28:49,27.39,0.0,50,135690,卖盘
11:28:52,27.38,-0.01,4,10952,卖盘
11:28:55,27.38,0.0,8,22178,卖盘
11:29:01,27.36,-0.02,30,82080,卖盘
11:29:07,27.36,0.0,12,32832,卖盘
11:29:16,27.36,0.0,4,11108,卖盘
11:29:22,27.35,-0.01,6,16848,卖盘
11:29:25,27.35,0.0,10,27350,卖盘
11:29:28,27.36,0.01,27,73439,买盘
11:29:52,27.36,0.0,230,629335,买盘
11:29:55,27.35,-0.01,4,10942,卖盘
13:00:01,27.32,-0.03,9,23870,卖盘
13:00:04,27.26,-0.06,251,686650,卖盘
13:00:07,27.21,-0.05,51,138476,买盘
13:00:10,27.19,-0.02,50,137695,卖盘
13:00:13,27.19,0.0,19,50496,买盘
13:00:16,27.14,-0.05,16,43342,卖盘
13:00:19,27.18,0.04,2,5735,买盘
13:00:25,27.14,-0.04,6,16827,卖盘
13:00:28,27.11,-0.03,15,39508,卖盘
13:00:31,27.09,-0.02,10,26990,中性盘
13:00:34,27.11,0.02,2,5420,买盘
13:00:37,27.1,-0.01,4,10840,买盘
13:00:40,27.1,0.0,11,30677,买盘
13:00:43,27.05,-0.05,14,37927,卖盘
13:00:46,27.1,0.05,4,10837,买盘
13:00:49,27.09,-0.01,11,29672,卖盘
13:00:52,27.05,-0.04,12,32500,卖盘
13:00:55,27.09,0.04,4,10836,买盘
13:00:58,27.04,-0.05,53,144173,卖盘
13:01:01,27.1,0.06,6,16314,买盘
13:01:07,27.04,-0.06,30,79849,卖盘
13:01:10,27.04,0.0,7,17812,买盘
13:01:13,27.04,0.0,3,8707,买盘
13:01:22,27.06,0.02,6,15884,买盘
13:01:28,27.09,0.03,19,50902,买盘
13:01:31,27.09,0.0,31,84358,买盘
13:01:34,27.1,0.01,11,28473,买盘
13:01:37,27.08,-0.02,55,147926,卖盘
13:01:40,27.08,0.0,2,6148,买盘
13:01:43,27.11,0.03,9,23538,买盘
13:01:46,27.2,0.09,6,17054,买盘
13:01:49,27.0,-0.2,242,653775,卖盘
13:01:52,27.0,0.0,19,50760,买盘
13:01:55,27.0,0.0,100,270000,买盘
13:01:58,27.0,0.0,13,36369,买盘
13:02:01,27.19,0.19,4,10876,买盘
13:02:04,27.19,0.0,5,12970,买盘
13:02:07,27.14,-0.05,3,8142,卖盘
13:02:13,27.14,0.0,1,2605,卖盘
13:02:16,27.13,-0.01,2,5752,卖盘
13:02:25,27.04,-0.09,7,18928,卖盘
13:02:40,27.12,0.08,11,30076,买盘
13:02:55,27.05,-0.07,5,13525,卖盘
13:03:01,27.04,-0.01,0,270,卖盘
13:03:07,27.05,0.01,30,81505,买盘
13:03:10,27.05,0.0,4,10820,卖盘
13:03:22,27.06,0.01,15,40590,卖盘
13:03:25,27.08,0.02,2,5985,买盘
13:03:34,27.04,-0.04,70,189327,卖盘
13:03:37,27.04,0.0,7,18225,卖盘
13:03:40,27.08,0.04,7,20245,买盘
13:03:52,27.04,-0.04,1,2352,卖盘
13:04:04,27.0,-0.04,10,27000,卖盘
13:04:07,27.0,0.0,24,65799,卖盘
13:04:10,27.0,0.0,10,27000,卖盘
13:04:13,27.0,0.0,11,29916,卖盘
13:04:19,27.04,0.04,2,5408,买盘
13:04:22,27.0,-0.04,11,30753,卖盘
13:04:34,27.0,0.0,28,75303,卖盘
13:04:37,26.99,-0.01,154,415195,卖盘
13:04:40,26.99,0.0,28,75572,卖盘
13:04:43,26.99,0.0,3,8097,卖盘
13:04:46,26.99,0.0,20,53980,卖盘
13:04:49,26.99,0.0,12,32388,卖盘
13:04:52,26.99,0.0,17,45883,卖盘
13:04:55,26.96,-0.03,2,5743,卖盘
13:05:01,26.99,0.03,7,18887,买盘
13:05:07,26.96,-0.03,68,182977,卖盘
13:05:10,26.95,-0.01,6,16170,卖盘
13:05:16,26.95,0.0,53,142025,卖盘
13:05:19,26.94,-0.01,6,15760,卖盘
13:05:22,26.93,-0.01,61,165109,卖盘
13:05:25,26.93,0.0,25,67325,卖盘
13:05:28,26.93,0.0,1,1885,卖盘
13:05:31,26.93,0.0,2,5386,买盘
13:05:34,26.9,-0.03,9,23190,卖盘
13:05:37,26.89,-0.01,54,146067,卖盘
13:05:43,26.89,0.0,17,46869,卖盘
13:05:46,26.89,0.0,20,53780,买盘
13:05:49,26.88,-0.01,12,32266,卖盘
13:05:52,26.88,0.0,9,23251,卖盘
13:06:04,26.87,-0.01,25,67175,卖盘
13:06:07,26.87,0.0,8,22329,卖盘
13:06:10,26.85,-0.02,47,126361,卖盘
13:06:19,26.85,0.0,2,5370,买盘
13:06:22,26.84,-0.01,42,111735,卖盘
13:06:28,26.84,0.0,2,5368,买盘
13:06:31,26.83,-0.01,26,69116,卖盘
13:06:34,26.83,0.0,2,5366,买盘
13:06:37,26.82,-0.01,41,109425,卖盘
13:06:40,26.82,0.0,19,50895,买盘
13:06:43,26.82,0.0,4,10701,卖盘
13:06:49,26.83,0.01,47,125323,买盘
13:06:52,26.86,0.03,53,142914,买盘
13:06:55,26.88,0.02,8,20361,买盘
13:07:07,26.83,-0.05,58,154809,卖盘
13:07:13,26.83,0.0,5,14139,买盘
13:07:16,26.83,0.0,5,13066,买盘
13:07:22,26.85,0.02,2,6498,卖盘
13:07:28,26.85,0.0,9,24084,买盘
13:07:37,26.85,0.0,6,16191,卖盘
13:07:40,26.82,-0.03,2,5364,卖盘
13:07:43,26.82,0.0,5,12820,卖盘
13:07:46,26.82,0.0,0,670,卖盘
13:07:52,26.81,-0.01,10,26810,卖盘
13:07:55,26.8,-0.01,4,10720,卖盘
13:07:58,26.8,0.0,4,9380,卖盘
13:08:04,26.8,0.0,39,105324,卖盘
13:08:07,26.8,0.0,34,92032,卖盘
13:08:10,26.8,0.0,10,26798,买盘
13:08:22,26.77,-0.03,13,35788,中性盘
13:08:28,26.72,-0.05,2,5344,卖盘
13:08:37,26.72,0.0,14,37060,卖盘
13:08:49,26.72,0.0,4,10688,买盘
13:08:52,26.71,-0.01,5,13355,卖盘
13:08:55,26.71,0.0,4,9349,买盘
13:09:01,26.71,0.0,2,5342,买盘
13:09:04,26.7,-0.01,4,10682,卖盘
13:09:07,26.7,0.0,18,48941,卖盘
13:09:13,26.7,0.0,6,15483,买盘
13:09:22,26.69,-0.01,22,59577,卖盘
13:09:25,26.69,0.0,84,222954,买盘
13:09:28,26.68,-0.01,2,5336,卖盘
13:09:31,26.69,0.01,6,16010,买盘
13:09:37,26.67,-0.02,29,76436,卖盘
13:09:40,26.67,0.0,3,8001,买盘
13:09:43,26.64,-0.03,1,2664,卖盘
13:09:46,26.66,0.02,3,7998,中性盘
13:09:52,26.66,0.0,18,47542,卖盘
13:09:55,26.66,0.0,31,82307,卖盘
13:09:58,26.63,-0.03,15,39954,卖盘
13:10:04,26.65,0.02,4,10656,中性盘
13:10:07,26.62,-0.03,43,114322,卖盘
13:10:10,26.62,0.0,2,5803,卖盘
13:10:13,26.62,0.0,41,108863,卖盘
13:10:19,26.65,0.03,14,37796,中性盘
13:10:22,26.63,-0.02,10,26638,卖盘
13:10:25,26.63,0.0,22,58588,买盘
13:10:28,26.63,0.0,28,74777,买盘
13:10:34,26.63,0.0,9,25059,卖盘
13:10:37,26.63,0.0,69,184230,卖盘
13:10:40,26.65,0.02,9,23980,买盘
13:10:43,26.63,-0.02,3,7457,卖盘
13:10:46,26.65,0.02,21,55965,买盘
13:10:52,26.63,-0.02,18,48014,卖盘
13:10:55,26.64,0.01,10,26636,买盘
13:10:58,26.62,-0.02,129,344536,卖盘
13:11:01,26.6,-0.02,2,5320,卖盘
13:11:04,26.6,0.0,5,13619,卖盘
13:11:07,26.6,0.0,8,20961,卖盘
13:11:19,26.59,-0.01,2,5318,买盘
13:11:22,26.54,-0.05,11,30202,卖盘
13:11:31,26.59,0.05,20,53180,买盘
13:11:37,26.55,-0.04,15,39825,卖盘
13:11:40,26.55,0.0,53,141618,买盘
13:11:46,26.55,0.0,9,24320,卖盘
13:11:52,26.56,0.01,11,30251,中性盘
13:11:58,26.59,0.03,28,74559,买盘
13:12:01,26.6,0.01,2,5692,买盘
13:12:04,26.62,0.02,2,5324,买盘
13:12:07,26.62,0.0,5,12485,卖盘
13:12:10,26.62,0.0,7,19193,买盘
13:12:13,26.6,-0.02,3,7395,卖盘
13:12:22,26.6,0.0,18,48811,卖盘
13:12:25,26.6,0.0,4,9735,买盘
13:12:28,26.6,0.0,2,5347,卖盘
13:12:31,26.59,-0.01,39,103008,卖盘
13:12:34,26.6,0.01,52,139010,卖盘
13:12:37,26.59,-0.01,36,96921,卖盘
13:12:46,26.59,0.0,13,35258,买盘
13:12:49,26.6,0.01,11,29251,买盘
13:12:52,26.59,-0.01,27,70862,卖盘
13:12:55,26.6,0.01,18,48891,买盘
13:12:58,26.6,0.0,4,11731,买盘
13:13:07,26.6,0.0,26,68069,卖盘
13:13:19,26.6,0.0,37,98527,买盘
13:13:22,26.6,0.0,18,47773,卖盘
13:13:25,26.62,0.02,11,29261,买盘
13:13:34,26.62,0.0,12,32157,买盘
13:13:37,26.62,0.0,29,77331,卖盘
13:13:43,26.6,-0.02,3,7023,卖盘
13:13:46,26.62,0.02,2,5324,买盘
13:13:49,26.62,0.0,18,48235,买盘
13:13:52,26.62,0.0,8,20205,卖盘
13:13:58,26.62,0.0,3,7986,买盘
13:14:01,26.62,0.0,11,30426,买盘
13:14:04,26.63,0.01,13,34617,买盘
13:14:07,26.62,-0.01,73,195288,卖盘
13:14:10,26.65,0.03,20,53280,买盘
13:14:13,26.62,-0.03,10,26620,卖盘
13:14:16,26.65,0.03,105,279439,买盘
13:14:19,26.65,0.0,10,26650,买盘
13:14:22,26.61,-0.04,11,30313,卖盘
13:14:28,26.59,-0.02,79,210098,卖盘
13:14:31,26.59,0.0,7,19677,卖盘
13:14:34,26.59,0.0,8,19995,买盘
13:14:37,26.57,-0.02,28,75738,卖盘
13:14:40,26.59,0.02,40,105383,买盘
13:14:46,26.6,0.01,10,26619,买盘
13:14:49,26.59,-0.01,2,6222,卖盘
13:14:52,26.57,-0.02,3,7971,卖盘
13:14:55,26.57,0.0,8,22292,买盘
13:15:04,26.59,0.02,2,5318,买盘
13:15:07,26.57,-0.02,42,110558,卖盘
13:15:16,26.56,-0.01,5,12589,卖盘
13:15:19,26.55,-0.01,142,377888,卖盘
13:15:22,26.55,0.0,56,148840,卖盘
13:15:25,26.55,0.0,23,60826,卖盘
13:15:28,26.56,0.01,10,26558,买盘
13:15:37,26.55,-0.01,47,124061,卖盘
13:15:40,26.55,0.0,3,7965,买盘
13:15:43,26.55,0.0,5,13328,买盘
13:15:49,26.54,-0.01,20,53080,卖盘
13:15:52,26.55,0.01,48,128533,买盘
13:15:55,26.54,-0.01,2,5308,卖盘
13:15:58,26.55,0.01,2,5310,买盘
13:16:04,26.54,-0.01,4,10616,卖盘
13:16:07,26.53,-0.01,37,97350,卖盘
13:16:13,26.52,-0.01,0,1087,卖盘
13:16:19,26.52,0.0,5,13260,卖盘
13:16:22,26.52,0.0,2,5198,卖盘
13:16:37,26.5,-0.02,120,318094,卖盘
13:16:40,26.48,-0.02,2,5296,卖盘
13:16:52,26.45,-0.03,27,72574,卖盘
13:17:01,26.45,0.0,10,26450,买盘
13:17:04,26.45,0.0,2,5290,买盘
13:17:07,26.42,-0.03,10,26424,卖盘
13:17:13,26.41,-0.01,20,52820,卖盘
13:17:16,26.41,0.0,2,5282,卖盘
13:17:19,26.42,0.01,6,15852,买盘
13:17:22,26.41,-0.01,8,21128,卖盘
13:17:28,26.41,0.0,10,26406,买盘
13:17:31,26.42,0.01,86,228445,买盘
13:17:34,26.43,0.01,2,5286,买盘
13:17:37,26.45,0.02,91,240335,买盘
13:17:52,26.45,0.0,6,16743,卖盘
13:17:55,26.45,0.0,5,13357,买盘
13:17:58,26.44,-0.01,6,15869,卖盘
13:18:04,26.44,0.0,9,23664,卖盘
13:18:07,26.43,-0.01,10,26483,卖盘
13:18:10,26.42,-0.01,15,38393,卖盘
13:18:22,26.42,0.0,8,21109,卖盘
13:18:25,26.43,0.01,54,143337,买盘
13:18:34,26.44,0.01,38,100287,买盘
13:18:37,26.44,0.0,12,31913,卖盘
13:18:43,26.5,0.06,38,100500,买盘
13:18:52,26.44,-0.06,5,12691,卖盘
13:18:55,26.44,0.0,7,17398,买盘
13:18:58,26.5,0.06,2,5512,买盘
13:19:07,26.44,-0.06,21,54790,卖盘
13:19:16,26.44,0.0,80,211490,买盘
13:19:19,26.44,0.0,5,13220,买盘
13:19:22,26.43,-0.01,8,20404,卖盘
13:19:25,26.4,-0.03,4,10560,卖盘
13:19:28,26.43,0.03,22,58148,买盘
13:19:31,26.43,0.0,13,34359,买盘
13:19:34,26.4,-0.03,16,42250,卖盘
13:19:37,26.4,0.0,42,110118,卖盘
13:19:43,26.4,0.0,19,50160,卖盘
13:19:49,26.43,0.03,25,66517,买盘
13:19:52,26.43,0.0,30,78656,卖盘
13:19:55,26.3,-0.13,196,516120,卖盘
13:19:58,26.3,0.0,11,28904,买盘
13:20:01,26.3,0.0,7,18015,买盘
13:20:04,26.3,0.0,2,5260,买盘
13:20:07,26.26,-0.04,107,282096,卖盘
13:20:13,26.25,-0.01,45,118155,卖盘
13:20:16,26.21,-0.04,2,5242,卖盘
13:20:19,26.21,0.0,2,5242,卖盘
13:20:22,26.25,0.04,16,43181,买盘
13:20:25,26.26,0.01,4,11266,买盘
13:20:28,26.27,0.01,35,92284,买盘
13:20:31,26.27,0.0,12,32155,买盘
13:20:34,26.29,0.02,5,13742,买盘
13:20:37,26.27,-0.02,22,57138,卖盘
13:20:43,26.27,0.0,8,19886,买盘
13:20:46,26.25,-0.02,57,149122,卖盘
13:20:49,26.26,0.01,20,52520,买盘
13:20:52,26.25,-0.01,13,35254,卖盘
13:20:58,26.25,0.0,52,136502,卖盘
13:21:04,26.26,0.01,2,5252,买盘
13:21:07,26.25,-0.01,24,64080,卖盘
13:21:13,26.25,0.0,2,5250,买盘
13:21:16,26.25,0.0,5,13125,买盘
13:21:19,26.24,-0.01,10,26240,买盘
13:21:22,26.23,-0.01,3,7869,卖盘
13:21:28,26.21,-0.02,41,106420,卖盘
13:21:31,26.23,0.02,22,58353,买盘
13:21:34,26.2,-0.03,25,66517,卖盘
13:21:37,26.17,-0.03,14,36650,卖盘
13:21:40,26.18,0.01,32,83761,买盘
13:21:43,26.18,0.0,6,15704,买盘
13:21:49,26.01,-0.17,330,860232,卖盘
13:21:52,26.01,0.0,25,66034,卖盘
13:21:58,26.1,0.09,12,31344,买盘
13:22:01,26.02,-0.08,52,135322,卖盘
13:22:04,26.08,0.06,3,7824,买盘
13:22:07,26.02,-0.06,31,79976,卖盘
13:22:10,26.05,0.03,16,41680,买盘
13:22:16,26.05,0.0,55,142666,买盘
13:22:19,26.11,0.06,22,58020,买盘
13:22:22,26.1,-0.01,26,66757,卖盘
13:22:25,26.17,0.07,6,15859,买盘
13:22:28,26.12,-0.05,23,60797,中性盘
13:22:31,26.17,0.05,5,13085,买盘
13:22:34,26.17,0.0,20,52419,买盘
13:22:37,26.17,0.0,42,111020,卖盘
13:22:40,26.17,0.0,4,10625,买盘
13:22:43,26.2,0.03,6,15141,买盘
13:22:49,26.21,0.01,8,20389,买盘
13:22:52,26.21,0.0,37,95752,卖盘
13:22:58,26.26,0.05,10,26575,买盘
13:23:01,26.26,0.0,7,18934,买盘
13:23:04,26.3,0.04,26,67530,买盘
13:23:07,26.3,0.0,12,32470,卖盘
13:23:10,26.27,-0.03,8,19735,卖盘
13:23:16,26.3,0.03,17,45420,买盘
13:23:19,26.3,0.0,52,136060,买盘
13:23:22,26.27,-0.03,104,273506,卖盘
13:23:28,26.3,0.03,5,14408,买盘
13:23:31,26.27,-0.03,7,19245,卖盘
13:23:34,26.3,0.03,5,13150,买盘
13:23:37,26.27,-0.03,16,41586,卖盘
13:23:40,26.3,0.03,52,137192,买盘
13:23:43,26.3,0.0,18,46011,买盘
13:23:49,26.3,0.0,43,113774,买盘
13:23:52,26.3,0.0,5,11993,卖盘
13:23:55,26.32,0.02,12,31096,买盘
13:24:01,26.39,0.07,24,63727,买盘
13:24:04,26.33,-0.06,2,5347,卖盘
13:24:07,26.33,0.0,53,140317,卖盘
13:24:13,26.39,0.06,29,75342,买盘
13:24:19,26.44,0.05,20,52880,买盘
13:24:22,26.41,-0.03,22,58144,卖盘
13:24:25,26.44,0.03,2,4178,买盘
13:24:28,26.45,0.01,2,5290,买盘
13:24:34,26.5,0.05,28,74200,买盘
13:24:37,26.46,-0.04,9,22596,卖盘
13:24:40,26.5,0.04,81,214998,买盘
13:24:43,26.5,0.0,6,15874,买盘
13:24:46,26.5,0.0,5,12163,卖盘
13:24:52,26.44,-0.06,11,30116,卖盘
13:24:55,26.46,0.02,12,31742,买盘
13:25:01,26.46,0.0,30,79380,买盘
13:25:07,26.44,-0.02,16,42104,卖盘
13:25:10,26.44,0.0,12,31817,卖盘
13:25:13,26.44,0.0,2,5288,卖盘
13:25:16,26.42,-0.02,36,94212,卖盘
13:25:19,26.42,0.0,8,20608,卖盘
13:25:22,26.42,0.0,5,13447,卖盘
13:25:25,26.41,-0.01,57,150300,卖盘
13:25:28,26.41,0.0,45,119030,卖盘
13:25:31,26.41,0.0,46,121459,卖盘
13:25:34,26.4,-0.01,4,11009,卖盘
13:25:37,26.4,0.0,6,15391,卖盘
13:25:43,26.35,-0.05,23,60207,卖盘
13:25:46,26.35,0.0,72,189720,卖盘
13:25:49,26.1,-0.25,300,785837,卖盘
13:25:52,26.1,0.0,10,27248,卖盘
13:25:55,26.11,0.01,13,33540,买盘
13:25:58,26.1,-0.01,33,87017,买盘
13:26:04,26.12,0.02,2,5224,买盘
13:26:07,26.12,0.0,12,30299,卖盘
13:26:10,26.1,-0.02,26,67169,卖盘
13:26:13,26.12,0.02,2,5407,买盘
13:26:16,26.12,0.0,2,5328,买盘
13:26:19,26.12,0.0,19,50542,买盘
13:26:22,26.12,0.0,6,15520,卖盘
13:26:25,26.13,0.01,11,29919,买盘
13:26:34,26.32,0.19,60,157750,买盘
13:26:37,26.17,-0.15,17,45091,卖盘
13:26:40,26.17,0.0,12,31771,买盘
13:26:43,26.17,0.0,4,10520,买盘
13:26:46,26.17,0.0,32,82540,买盘
13:26:49,26.32,0.15,52,136690,买盘
13:26:52,26.18,-0.14,37,96102,中性盘
13:26:55,26.33,0.15,0,1132,买盘
13:26:58,26.33,0.0,2,4134,卖盘
13:27:07,26.21,-0.12,5,13787,卖盘
13:27:10,26.21,0.0,3,8413,买盘
13:27:13,26.19,-0.02,3,7359,卖盘
13:27:16,26.21,0.02,45,117919,买盘
13:27:22,26.21,0.0,24,62957,卖盘
13:27:37,26.22,0.01,42,109337,卖盘
13:27:49,26.25,0.03,2,5250,卖盘
13:27:52,26.25,0.0,13,35149,卖盘
13:27:55,26.25,0.0,3,7875,卖盘
13:28:01,26.25,0.0,5,13125,卖盘
13:28:04,26.27,0.02,2,5254,中性盘
13:28:07,26.25,-0.02,13,34781,卖盘
13:28:10,26.24,-0.01,2,5248,中性盘
13:28:13,26.23,-0.01,2,5246,卖盘
13:28:16,26.23,0.0,13,33679,卖盘
13:28:19,26.24,0.01,26,69176,买盘
13:28:22,26.22,-0.02,9,23546,卖盘
13:28:28,26.22,0.0,8,21321,买盘
13:28:34,26.22,0.0,6,15653,卖盘
13:28:37,26.22,0.0,75,197723,卖盘
13:28:40,26.22,0.0,10,25118,买盘
13:28:43,26.22,0.0,8,20423,买盘
13:28:46,26.22,0.0,5,14028,买盘
13:28:49,26.22,0.0,2,5244,买盘
13:28:52,26.21,-0.01,39,101346,卖盘
13:28:55,26.21,0.0,2,5242,卖盘
13:29:04,26.22,0.01,3,7263,卖盘
13:29:07,26.22,0.0,41,107141,卖盘
13:29:10,26.22,0.0,13,34899,卖盘
13:29:13,26.26,0.04,3,6775,买盘
13:29:16,26.22,-0.04,50,131108,卖盘
13:29:22,26.23,0.01,8,22243,卖盘
13:29:25,26.26,0.03,4,10180,买盘
13:29:28,26.25,-0.01,4,10499,卖盘
13:29:34,26.26,0.01,8,21008,卖盘
13:29:37,26.23,-0.03,55,145236,卖盘
13:29:40,26.22,-0.01,2,5244,卖盘
13:29:43,26.27,0.05,8,20219,买盘
13:29:52,26.24,-0.03,11,29861,卖盘
13:29:58,26.27,0.03,10,25059,买盘
13:30:01,26.27,0.0,2,5254,卖盘
13:30:04,26.28,0.01,6,15768,买盘
13:30:07,26.27,-0.01,20,53750,卖盘
13:30:13,26.25,-0.02,30,79041,卖盘
13:30:19,26.24,-0.01,34,89887,卖盘
13:30:22,26.23,-0.01,26,69242,卖盘
13:30:25,26.25,0.02,79,206530,买盘
13:30:31,26.22,-0.03,2,5244,卖盘
13:30:34,26.22,0.0,1,3199,卖盘
13:30:37,26.21,-0.01,50,130400,卖盘
13:30:40,26.22,0.01,10,26031,买盘
13:30:43,26.24,0.02,10,26240,卖盘
13:30:52,26.22,-0.02,15,39619,卖盘
13:30:58,26.24,0.02,10,25531,买盘
13:31:07,26.24,0.0,22,57151,卖盘
13:31:10,26.25,0.01,84,219156,买盘
13:31:13,26.23,-0.02,2,5246,中性盘
13:31:22,26.22,-0.01,11,29864,卖盘
13:31:31,26.25,0.03,10,26250,买盘
13:31:34,26.25,0.0,20,52497,买盘
13:31:37,26.23,-0.02,2,5246,卖盘
13:31:43,26.25,0.02,62,162985,买盘
13:31:52,26.23,-0.02,26,68530,卖盘
13:31:55,26.23,0.0,28,72558,买盘
13:31:58,26.22,-0.01,5,12821,卖盘
13:32:01,26.22,0.0,18,47590,卖盘
13:32:07,26.22,0.0,126,329300,卖盘
13:32:19,26.21,-0.01,2,5242,卖盘
13:32:22,26.21,0.0,11,29854,卖盘
13:32:25,26.21,0.0,2,5242,卖盘
13:32:31,26.22,0.01,38,100291,买盘
13:32:34,26.21,-0.01,20,51479,卖盘
13:32:37,26.21,0.0,34,90293,卖盘
13:32:52,26.21,0.0,8,21597,卖盘
13:32:55,26.21,0.0,4,10484,买盘
13:33:01,26.21,0.0,22,57780,买盘
13:33:04,26.2,-0.01,28,72538,卖盘
13:33:07,26.2,0.0,27,71395,卖盘
13:33:10,26.22,0.02,13,34820,中性盘
13:33:13,26.23,0.01,9,23594,买盘
13:33:19,26.2,-0.03,37,96967,卖盘
13:33:22,26.22,0.02,2,5244,卖盘
13:33:25,26.25,0.03,92,242445,买盘
13:33:28,26.2,-0.05,12,31478,卖盘
13:33:31,26.27,0.07,2,5254,买盘
13:33:37,26.21,-0.06,10,26210,卖盘
13:33:43,26.21,0.0,5,12004,买盘
13:33:46,26.27,0.06,12,31463,买盘
13:33:52,26.21,-0.06,14,35908,卖盘
13:33:55,26.2,-0.01,24,62243,卖盘
13:34:07,26.21,0.01,13,34912,卖盘
13:34:10,26.21,0.0,11,28653,卖盘
13:34:19,26.21,0.0,5,13109,卖盘
13:34:37,26.22,0.01,13,34919,卖盘
13:34:40,26.25,0.03,7,19346,买盘
13:34:43,26.25,0.0,10,26250,买盘
13:34:46,26.22,-0.03,96,250431,卖盘
13:34:49,26.22,0.0,17,43870,卖盘
13:34:52,26.24,0.02,10,26238,买盘
13:35:01,26.24,0.0,2,4802,买盘
13:35:04,26.24,0.0,2,5458,卖盘
13:35:07,26.24,0.0,70,182869,卖盘
13:35:10,26.25,0.01,2,5460,买盘
13:35:13,26.25,0.0,10,26854,买盘
13:35:16,26.23,-0.02,81,213418,卖盘
13:35:19,26.22,-0.01,31,80996,卖盘
13:35:22,26.23,0.01,28,72212,买盘
13:35:25,26.22,-0.01,3,6607,卖盘
13:35:28,26.22,0.0,2,5244,卖盘
13:35:31,26.23,0.01,6,14951,买盘
13:35:37,26.24,0.01,2,5248,卖盘
13:35:43,26.25,0.01,3,7875,买盘
13:35:46,26.25,0.0,18,47250,买盘
13:35:52,26.24,-0.01,14,36958,卖盘
13:35:55,26.24,0.0,2,6193,卖盘
13:36:01,26.21,-0.03,92,241212,卖盘
13:36:04,26.21,0.0,4,11349,卖盘
13:36:07,26.2,-0.01,327,856022,卖盘
13:36:10,26.19,-0.01,78,205003,卖盘
13:36:13,26.15,-0.04,58,152746,卖盘
13:36:16,26.1,-0.05,176,459096,卖盘
13:36:19,26.1,0.0,14,35653,卖盘
13:36:31,26.1,0.0,2,5403,卖盘
13:36:34,26.1,0.0,7,18285,卖盘
13:36:40,26.1,0.0,6,15581,卖盘
13:36:43,26.1,0.0,14,36801,卖盘
13:36:46,26.1,0.0,10,25709,卖盘
13:36:52,26.1,0.0,84,219023,买盘
13:36:55,26.05,-0.05,5,12921,卖盘
13:36:58,26.09,0.04,3,7827,买盘
13:37:01,26.09,0.0,18,46962,买盘
13:37:04,26.09,0.0,24,63098,买盘
13:37:07,26.05,-0.04,8,20850,中性盘
13:37:10,26.08,0.03,4,10432,买盘
13:37:13,26.08,0.0,4,10432,买盘
13:37:19,26.08,0.0,2,5216,买盘
13:37:25,26.08,0.0,15,38651,买盘
13:37:31,26.09,0.01,24,63142,买盘
13:37:34,26.1,0.01,7,17147,买盘
13:37:37,26.08,-0.02,86,224360,卖盘
13:37:40,26.08,0.0,7,18268,卖盘
13:37:43,26.15,0.07,23,59428,买盘
13:37:46,26.15,0.0,7,18279,卖盘
13:37:49,26.08,-0.07,130,339556,卖盘
13:37:52,26.06,-0.02,67,174725,卖盘
13:37:55,26.07,0.01,10,26070,买盘
13:38:25,26.12,0.05,5,13060,买盘
13:38:34,26.12,0.0,10,26118,买盘
13:38:40,26.1,-0.02,19,49598,卖盘
13:38:43,26.1,0.0,3,7830,买盘
13:38:52,26.1,0.0,8,19836,买盘
13:38:55,26.1,0.0,12,32233,买盘
13:38:58,26.1,0.0,73,189408,卖盘
13:39:01,26.1,0.0,18,45906,买盘
13:39:04,26.1,0.0,6,15581,卖盘
13:39:10,26.11,0.01,2,6267,买盘
13:39:13,26.1,-0.01,31,80931,卖盘
13:39:16,26.11,0.01,2,5222,卖盘
13:39:22,26.11,0.0,8,20888,卖盘
13:39:28,26.14,0.03,14,36579,买盘
13:39:40,26.1,-0.04,73,190555,卖盘
13:39:43,26.1,0.0,3,6812,卖盘
13:39:46,26.1,0.0,30,79240,卖盘
13:39:49,26.1,0.0,60,156496,买盘
13:39:55,26.15,0.05,71,186404,买盘
13:39:58,26.15,0.0,15,40480,卖盘
13:40:19,26.1,-0.05,17,43835,卖盘
13:40:22,26.1,0.0,36,94404,卖盘
13:40:25,26.11,0.01,15,39416,买盘
13:40:28,26.1,-0.01,10,25768,卖盘
13:40:31,26.07,-0.03,136,354115,卖盘
13:40:43,26.07,0.0,7,17675,卖盘
13:40:52,26.07,0.0,26,68799,卖盘
13:40:55,26.07,0.0,4,9411,买盘
13:41:04,26.09,0.02,10,26086,买盘
13:41:10,26.07,-0.02,7,18718,卖盘
13:41:13,26.08,0.01,4,10432,卖盘
13:41:16,26.08,0.0,10,26028,卖盘
13:41:19,26.08,0.0,6,15935,卖盘
13:41:22,26.04,-0.04,78,203273,卖盘
13:41:46,26.08,0.04,2,5216,买盘
13:41:49,26.08,0.0,10,26080,买盘
13:41:58,26.08,0.0,12,32000,买盘
13:42:01,26.05,-0.03,3,8076,卖盘
13:42:07,26.08,0.03,4,9806,买盘
13:42:10,26.08,0.0,4,10641,卖盘
13:42:13,26.08,0.0,13,33470,中性盘
13:42:16,26.08,0.0,17,44336,卖盘
13:42:25,26.06,-0.02,9,24614,卖盘
13:42:28,26.09,0.03,12,30004,买盘
13:42:34,26.09,0.0,9,23481,买盘
13:42:37,26.05,-0.04,91,237573,卖盘
13:42:43,26.08,0.03,2,5581,卖盘
13:42:55,26.08,0.0,16,40502,卖盘
13:43:01,26.1,0.02,22,57376,买盘
13:43:04,26.06,-0.04,2,5264,买盘
13:43:13,26.06,0.0,82,213268,卖盘
13:43:16,26.05,-0.01,5,13157,卖盘
13:43:19,26.06,0.01,20,52641,买盘
13:43:22,26.05,-0.01,95,247111,卖盘
13:43:25,26.06,0.01,58,150393,买盘
13:43:28,26.04,-0.02,18,46207,卖盘
13:43:31,26.04,0.0,5,13020,买盘
13:43:34,26.03,-0.01,86,222686,卖盘
13:43:37,26.04,0.01,2,5208,卖盘
13:43:40,26.06,0.02,3,6802,买盘
13:43:43,26.04,-0.02,3,7343,卖盘
13:43:46,26.06,0.02,10,26060,买盘
13:43:49,26.04,-0.02,7,19270,卖盘
13:43:52,26.03,-0.01,43,112894,卖盘
13:43:55,26.03,0.0,20,52877,卖盘
13:44:01,26.03,0.0,45,116909,卖盘
13:44:04,26.03,0.0,18,46724,卖盘
13:44:19,26.08,0.05,5,13040,买盘
13:44:22,26.05,-0.03,8,20840,卖盘
13:44:28,26.08,0.03,4,10432,买盘
13:44:31,26.08,0.0,2,5216,买盘
13:44:34,26.08,0.0,6,16222,买盘
13:44:40,26.05,-0.03,40,103505,卖盘
13:44:49,26.08,0.03,2,5216,买盘
13:45:01,26.08,0.0,21,54064,买盘
13:45:07,26.08,0.0,10,25532,卖盘
13:45:13,26.09,0.01,3,7306,卖盘
13:45:22,26.1,0.01,50,130552,买盘
13:45:31,26.11,0.01,12,31332,买盘
13:45:34,26.1,-0.01,50,130500,卖盘
13:45:37,26.11,0.01,12,30496,买盘
13:45:43,26.15,0.04,4,10454,买盘
13:45:49,26.16,0.01,108,282524,买盘
13:45:52,26.16,0.0,42,109880,卖盘
13:45:58,26.17,0.01,18,45789,中性盘
13:46:07,26.17,0.0,53,138639,买盘
13:46:10,26.17,0.0,6,15309,买盘
13:46:13,26.17,0.0,2,6333,卖盘
13:46:16,26.17,0.0,5,11829,卖盘
13:46:19,26.17,0.0,10,26170,买盘
13:46:22,26.17,0.0,55,143659,买盘
13:46:25,26.15,-0.02,10,26150,中性盘
13:46:28,26.15,0.0,15,40143,买盘
13:46:34,26.08,-0.07,54,140934,卖盘
13:46:37,26.13,0.05,12,31617,卖盘
13:46:40,26.13,0.0,58,151723,卖盘
13:46:43,26.13,0.0,59,153548,卖盘
13:46:46,26.13,0.0,4,10452,卖盘
13:46:49,26.13,0.0,2,6271,卖盘
13:46:55,26.1,-0.03,21,55118,卖盘
13:46:58,26.09,-0.01,18,47432,卖盘
13:47:01,26.1,0.01,12,30274,买盘
13:47:13,26.1,0.0,10,26100,买盘
13:47:22,26.1,0.0,67,173669,买盘
13:47:25,26.12,0.02,2,5224,买盘
13:47:28,26.11,-0.01,22,56411,卖盘
13:48:04,26.09,-0.02,46,120105,卖盘
13:48:07,26.15,0.06,7,16996,买盘
13:48:10,26.1,-0.05,2,5220,卖盘
13:48:16,26.18,0.08,297,778576,买盘
13:48:19,26.2,0.02,2,5843,买盘
13:48:22,26.18,-0.02,123,321198,卖盘
13:48:31,26.3,0.12,77,201795,买盘
13:48:34,26.25,-0.05,22,57872,卖盘
13:48:37,26.32,0.07,22,56967,买盘
13:48:52,26.32,0.0,16,40921,买盘
13:48:55,26.3,-0.02,15,38831,卖盘
13:48:58,26.31,0.01,12,31572,买盘
13:49:04,26.25,-0.06,56,147128,卖盘
13:49:10,26.31,0.06,73,191549,买盘
13:49:13,26.32,0.01,22,57957,买盘
13:49:16,26.31,-0.01,11,27686,卖盘
13:49:19,26.33,0.02,149,391931,买盘
13:49:22,26.32,-0.01,10,25032,中性盘
13:49:31,26.33,0.01,4,11138,买盘
13:49:34,26.33,0.0,4,10532,买盘
13:49:37,26.32,-0.01,63,165866,卖盘
13:49:40,26.33,0.01,2,6188,买盘
13:49:43,26.33,0.0,40,105320,买盘
13:49:46,26.34,0.01,13,33994,买盘
13:49:49,26.34,0.0,52,136154,买盘
13:49:52,26.34,0.0,2,5874,买盘
13:49:58,26.4,0.06,41,109046,买盘
13:50:10,26.35,-0.05,6,15814,卖盘
13:50:13,26.31,-0.04,28,73323,卖盘
13:50:16,26.31,0.0,24,64170,卖盘
13:50:19,26.31,0.0,41,107871,买盘
13:50:22,26.32,0.01,70,184188,买盘
13:50:28,26.33,0.01,10,26330,买盘
13:50:37,26.33,0.0,10,26328,买盘
13:50:43,26.32,-0.01,15,38400,买盘
13:50:46,26.32,0.0,39,103833,买盘
13:50:52,26.34,0.02,3,7454,买盘
13:51:01,26.32,-0.02,200,526424,卖盘
13:51:04,26.32,0.0,67,176148,卖盘
13:51:07,26.31,-0.01,2,5262,卖盘
13:51:10,26.36,0.05,13,33154,买盘
13:51:13,26.36,0.0,4,10544,卖盘
13:51:16,26.36,0.0,32,83140,卖盘
13:51:22,26.4,0.04,22,58059,买盘
13:51:28,26.36,-0.04,8,21776,卖盘
13:51:37,26.38,0.02,43,113087,买盘
13:51:46,26.45,0.07,194,512485,买盘
13:51:52,26.45,0.0,13,34385,卖盘
13:51:55,26.45,0.0,303,801435,卖盘
13:51:58,26.45,0.0,30,80436,卖盘
13:52:01,26.53,0.08,14,36577,买盘
13:52:04,26.53,0.0,6,17138,卖盘
13:52:07,26.55,0.02,104,275920,买盘
13:52:10,26.53,-0.02,69,184012,卖盘
13:52:13,26.53,0.0,237,627886,卖盘
13:52:16,26.38,-0.15,2,5539,卖盘
13:52:19,26.32,-0.06,2,5580,卖盘
13:52:28,26.38,0.06,2,5461,卖盘
13:52:31,26.48,0.1,10,26476,买盘
13:52:34,26.45,-0.03,35,91671,卖盘
13:52:37,26.45,0.0,26,67820,卖盘
13:52:40,26.45,0.0,4,11065,卖盘
13:52:43,26.45,0.0,2,6375,卖盘
13:52:46,26.53,0.08,10,27797,买盘
13:52:49,26.49,-0.04,5,13245,卖盘
13:52:52,26.45,-0.04,3,8967,卖盘
13:52:55,26.45,0.0,2,5455,卖盘
13:53:01,26.49,0.04,2,5298,买盘
13:53:04,26.46,-0.03,15,39108,中性盘
13:53:07,26.49,0.03,10,26198,买盘
13:53:13,26.52,0.03,3,7953,买盘
13:53:25,26.52,0.0,153,404635,买盘
13:53:31,26.54,0.02,8,21889,买盘
13:53:34,26.53,-0.01,2,5572,卖盘
13:53:37,26.53,0.0,3,8038,买盘
13:53:46,26.55,0.02,12,31858,买盘
13:53:49,26.54,-0.01,1,1619,卖盘
13:53:58,26.55,0.01,19,51507,买盘
13:54:10,26.57,0.02,3,8609,买盘
13:54:16,26.57,0.0,5,13285,买盘
13:54:22,26.57,0.0,2,6483,买盘
13:54:25,26.57,0.0,20,53990,买盘
13:54:46,26.59,0.02,9,23000,卖盘
13:54:52,26.57,-0.02,15,39646,卖盘
13:55:01,26.6,0.03,10,26600,买盘
13:55:13,26.65,0.05,87,231550,买盘
13:55:16,26.66,0.01,2,5332,买盘
13:55:19,26.66,0.0,2,5332,买盘
13:55:22,26.66,0.0,36,95309,买盘
13:55:25,26.66,0.0,58,154921,买盘
13:55:28,26.66,0.0,4,10664,买盘
13:55:31,26.66,0.0,35,92644,买盘
13:55:37,26.66,0.0,48,127141,买盘
13:55:43,26.66,0.0,3,7998,卖盘
13:55:49,26.69,0.03,4,10888,买盘
13:55:52,26.68,-0.01,6,16301,卖盘
13:55:55,26.69,0.01,9,24395,买盘
13:55:58,26.7,0.01,4,10680,中性盘
13:56:10,26.75,0.05,10,26745,买盘
13:56:13,26.76,0.01,183,490106,买盘
13:56:16,26.76,0.0,10,26760,卖盘
13:56:19,26.82,0.06,5,13410,买盘
13:56:31,26.82,0.0,41,110766,买盘
13:56:40,26.9,0.08,8,22256,买盘
13:56:43,26.9,0.0,2,4627,卖盘
13:56:46,26.98,0.08,114,308176,买盘
13:56:49,26.98,0.0,8,20828,卖盘
13:56:52,26.98,0.0,9,25011,卖盘
13:56:55,26.98,0.0,39,105516,卖盘
13:56:58,26.98,0.0,26,71242,卖盘
13:57:01,26.83,-0.15,70,187917,卖盘
13:57:04,26.98,0.15,75,203009,买盘
13:57:07,26.83,-0.15,17,45611,卖盘
13:57:13,26.94,0.11,15,41197,买盘
13:57:22,26.9,-0.04,12,32310,中性盘
13:57:25,26.94,0.04,17,47025,买盘
13:57:28,26.94,0.0,4,10964,卖盘
13:57:34,26.94,0.0,9,24246,卖盘
13:57:40,26.94,0.0,4,10965,卖盘
13:57:43,26.94,0.0,4,11503,卖盘
13:57:46,26.94,0.0,18,48523,卖盘
13:57:49,26.85,-0.09,6,16009,卖盘
13:57:55,26.94,0.09,61,165057,买盘
13:57:58,26.94,0.0,20,53880,卖盘
13:58:04,26.94,0.0,2,5900,卖盘
13:58:07,26.96,0.02,2,5392,买盘
13:58:13,26.97,0.01,9,24408,买盘
13:58:19,26.96,-0.01,25,67400,卖盘
13:58:28,26.98,0.02,2,5396,买盘
13:58:31,26.98,0.0,2,5396,买盘
13:58:34,26.96,-0.02,12,32352,卖盘
13:58:37,26.96,0.0,4,11377,卖盘
13:58:43,26.96,0.0,3,7711,卖盘
13:58:46,26.96,0.0,15,40440,卖盘
13:58:49,26.96,0.0,42,112003,卖盘
13:58:52,26.96,0.0,31,82498,买盘
13:58:58,26.94,-0.02,5,13470,卖盘
13:59:04,26.94,0.0,34,91646,卖盘
13:59:10,26.94,0.0,10,26940,卖盘
13:59:16,26.94,0.0,4,11153,卖盘
13:59:22,26.94,0.0,9,23438,卖盘
13:59:31,26.96,0.02,7,19034,买盘
13:59:37,26.94,-0.02,11,29607,卖盘
13:59:46,26.96,0.02,5,12940,买盘
13:59:49,26.96,0.0,2,5392,卖盘
13:59:58,26.94,-0.02,9,23632,卖盘
14:00:01,26.94,0.0,15,40788,卖盘
14:00:04,26.94,0.0,168,453454,卖盘
14:00:07,26.94,0.0,126,339248,卖盘
14:00:10,26.94,0.0,104,280048,卖盘
14:00:16,26.94,0.0,22,58311,买盘
14:00:25,26.86,-0.08,7,18238,卖盘
14:00:28,26.83,-0.03,298,800010,卖盘
14:00:31,26.83,0.0,34,92515,卖盘
14:00:34,26.8,-0.03,2,5360,卖盘
14:00:52,26.71,-0.09,12,32054,卖盘
14:00:55,26.71,0.0,2,5342,买盘
14:01:04,26.7,-0.01,8,21920,卖盘
14:01:13,26.7,0.0,53,142231,买盘
14:01:16,26.7,0.0,0,107,卖盘
14:01:25,26.75,0.05,14,36865,买盘
14:01:28,26.73,-0.02,21,56186,卖盘
14:01:31,26.78,0.05,4,11810,买盘
14:01:40,26.79,0.01,9,25097,买盘
14:01:43,26.79,0.0,3,7555,卖盘
14:01:58,26.79,0.0,31,82974,卖盘
14:02:01,26.79,0.0,8,21432,卖盘
14:02:04,26.79,0.0,13,33916,卖盘
14:02:07,26.8,0.01,20,53223,买盘
14:02:16,26.8,0.0,12,31603,卖盘
14:02:22,26.8,0.0,10,26800,卖盘
14:02:25,26.8,0.0,0,1099,卖盘
14:02:34,26.8,0.0,2,4261,买盘
14:02:40,26.82,0.02,3,8449,买盘
14:02:46,26.82,0.0,2,5364,卖盘
14:02:55,26.82,0.0,1,2279,卖盘
14:03:01,26.83,0.01,10,26828,买盘
14:03:07,26.8,-0.03,10,27898,卖盘
14:03:13,26.79,-0.01,12,30916,卖盘
14:03:16,26.78,-0.01,3,6695,卖盘
14:03:19,26.78,0.0,12,31199,卖盘
14:03:22,26.77,-0.01,24,64271,卖盘
14:03:31,26.77,0.0,4,10708,卖盘
14:03:43,26.77,0.0,14,38629,卖盘
14:03:46,26.76,-0.01,89,239242,卖盘
14:03:55,26.76,0.0,1,3854,卖盘
14:04:04,26.75,-0.01,4,10700,卖盘
14:04:07,26.75,0.0,16,42800,卖盘
14:04:16,26.74,-0.01,4,10936,卖盘
14:04:19,26.73,-0.01,17,44131,卖盘
14:04:22,26.73,0.0,2,5828,卖盘
14:04:34,26.73,0.0,71,188446,卖盘
14:04:37,26.7,-0.03,10,25685,卖盘
14:04:40,26.7,0.0,2,6408,卖盘
14:04:43,26.69,-0.01,28,75632,卖盘
14:04:46,26.68,-0.01,8,20597,卖盘
14:04:49,26.68,0.0,2,5336,卖盘
14:04:52,26.68,0.0,2,5229,卖盘
14:05:04,26.68,0.0,4,10672,买盘
14:05:22,26.67,-0.01,10,26670,卖盘
14:05:28,26.67,0.0,5,13335,买盘
14:05:40,26.66,-0.01,11,28127,卖盘
14:05:43,26.66,0.0,8,20448,卖盘
14:05:52,26.65,-0.01,4,9327,卖盘
14:05:55,26.65,0.0,10,26650,卖盘
14:05:58,26.65,0.0,4,11353,卖盘
14:06:04,26.64,-0.01,2,5328,买盘
14:06:07,26.6,-0.04,2,5320,卖盘
14:06:13,26.64,0.04,66,176624,买盘
14:06:16,26.64,0.0,2,5328,卖盘
14:06:19,26.6,-0.04,14,36701,卖盘
14:06:22,26.6,0.0,1,2660,卖盘
14:06:34,26.57,-0.03,2,5314,买盘
14:06:37,26.55,-0.02,10,26550,卖盘
14:06:46,26.54,-0.01,4,10114,卖盘
14:06:49,26.54,0.0,1,2442,卖盘
14:06:52,26.41,-0.13,69,183814,卖盘
14:06:55,26.53,0.12,3,7959,中性盘
14:07:04,26.52,-0.01,8,20367,买盘
14:07:07,26.5,-0.02,4,11509,卖盘
14:07:10,26.5,0.0,20,53013,卖盘
14:07:22,26.4,-0.1,70,185696,卖盘
14:07:25,26.35,-0.05,9,23167,卖盘
14:07:28,26.4,0.05,10,26400,买盘
14:07:31,26.4,0.0,2,5280,买盘
14:07:37,26.35,-0.05,2,5850,卖盘
14:07:40,26.4,0.05,36,95044,买盘
14:07:43,26.32,-0.08,2,5264,卖盘
14:07:55,26.35,0.03,2,5270,买盘
14:07:58,26.35,0.0,1,3189,买盘
14:08:01,26.38,0.03,2,5276,买盘
14:08:07,26.35,-0.03,5,13175,卖盘
14:08:10,26.49,0.14,4,10574,买盘
14:08:13,26.35,-0.14,20,52324,卖盘
14:08:22,26.5,0.15,5,13250,中性盘
14:08:25,26.37,-0.13,5,13870,中性盘
14:08:37,26.39,0.02,4,10556,卖盘
14:08:46,26.41,0.02,2,5282,中性盘
14:08:58,26.49,0.08,2,5298,买盘
14:09:07,26.5,0.01,3,8507,买盘
14:09:13,26.5,0.0,1,3259,买盘
14:09:25,26.49,-0.01,58,154053,卖盘
14:09:28,26.49,0.0,12,31788,买盘
14:09:31,26.48,-0.01,9,23038,卖盘
14:09:52,26.45,-0.03,5,13227,卖盘
14:10:01,26.45,0.0,34,89930,卖盘
14:10:19,26.45,0.0,5,13225,卖盘
14:10:25,26.49,0.04,10,26490,买盘
14:10:37,26.47,-0.02,8,20381,卖盘
14:10:40,26.49,0.02,10,26490,买盘
14:10:43,26.49,0.0,5,13245,买盘
14:10:49,26.49,0.0,26,69563,买盘
14:10:52,26.49,0.0,6,15205,卖盘
14:10:55,26.49,0.0,2,5298,买盘
14:11:04,26.47,-0.02,8,21814,卖盘
14:11:13,26.47,0.0,2,5294,卖盘
14:11:16,26.47,0.0,4,10588,卖盘
14:11:19,26.46,-0.01,18,47449,卖盘
14:11:31,26.47,0.01,4,10588,买盘
14:11:34,26.46,-0.01,10,26460,卖盘
14:11:37,26.47,0.01,22,58138,买盘
14:11:43,26.46,-0.01,30,79380,卖盘
14:11:49,26.47,0.01,2,6088,买盘
14:11:52,26.47,0.0,10,26470,买盘
14:11:55,26.46,-0.01,10,26460,卖盘
14:11:58,26.47,0.01,43,113318,买盘
14:12:01,26.47,0.0,67,176452,卖盘
14:12:10,26.49,0.02,4,9298,买盘
14:12:13,26.5,0.01,29,76850,买盘
14:12:16,26.5,0.0,16,41077,卖盘
14:12:22,26.49,-0.01,64,169223,卖盘
14:12:25,26.48,-0.01,3,8633,卖盘
14:12:28,26.47,-0.01,4,10588,卖盘
14:12:31,26.49,0.02,7,19489,买盘
14:12:34,26.49,0.0,11,29775,卖盘
14:12:37,26.48,-0.01,2,5667,中性盘
14:12:40,26.47,-0.01,20,53787,卖盘
14:12:43,26.47,0.0,19,51087,卖盘
14:12:46,26.47,0.0,20,53840,卖盘
14:12:52,26.46,-0.01,11,29820,卖盘
14:12:55,26.46,0.0,21,54429,卖盘
14:13:01,26.46,0.0,2,5292,卖盘
14:13:04,26.46,0.0,76,200579,卖盘
14:13:07,26.45,-0.01,2,5290,卖盘
14:13:10,26.45,0.0,4,10580,卖盘
14:13:13,26.45,0.0,2,5290,卖盘
14:13:22,26.45,0.0,10,26450,卖盘
14:13:28,26.45,0.0,2,5290,卖盘
14:13:31,26.45,0.0,2,5634,卖盘
14:13:34,26.45,0.0,8,21821,卖盘
14:13:37,26.46,0.01,7,18839,买盘
14:13:40,26.45,-0.01,1,2434,卖盘
14:13:43,26.45,0.0,3,7935,买盘
14:13:46,26.45,0.0,10,25493,买盘
14:13:49,26.45,0.0,4,9390,卖盘
14:13:52,26.46,0.01,22,59338,买盘
14:13:55,26.43,-0.03,81,213976,卖盘
14:13:58,26.43,0.0,1,2643,卖盘
14:14:04,26.42,-0.01,6,15852,卖盘
14:14:07,26.41,-0.01,67,176134,卖盘
14:14:13,26.42,0.01,2,5548,卖盘
14:14:16,26.41,-0.01,12,30478,卖盘
14:14:19,26.41,0.0,10,26647,卖盘
14:14:25,26.42,0.01,6,15667,买盘
14:14:28,26.42,0.0,2,5284,卖盘
14:14:43,26.43,0.01,5,13215,买盘
14:14:52,26.43,0.0,35,92475,买盘
14:15:01,26.42,-0.01,16,42274,卖盘
14:15:07,26.43,0.01,5,12237,买盘
14:15:13,26.42,-0.01,4,10278,卖盘
14:15:16,26.43,0.01,2,5286,中性盘
14:15:19,26.42,-0.01,2,5284,卖盘
14:15:25,26.42,0.0,2,5284,卖盘
14:15:28,26.42,0.0,12,30895,卖盘
14:15:31,26.45,0.03,4,10574,买盘
14:15:37,26.45,0.0,5,13221,买盘
14:15:52,26.42,-0.03,22,58145,卖盘
14:16:04,26.45,0.03,52,137540,买盘
14:16:07,26.45,0.0,2,5290,买盘
14:16:13,26.44,-0.01,3,7932,卖盘
14:16:25,26.42,-0.02,85,225495,卖盘
14:16:28,26.4,-0.02,140,369722,卖盘
14:16:31,26.4,0.0,3,7075,卖盘
14:16:37,26.4,0.0,14,36960,卖盘
14:16:40,26.4,0.0,6,16236,卖盘
14:16:43,26.39,-0.01,13,35194,卖盘
14:16:46,26.39,0.0,5,13169,卖盘
14:17:04,26.39,0.0,20,52780,买盘
14:17:10,26.39,0.0,2,5278,买盘
14:17:22,26.38,-0.01,12,31656,卖盘
14:17:25,26.39,0.01,2,5278,买盘
14:17:37,26.39,0.0,4,10554,买盘
14:17:43,26.38,-0.01,2,5276,卖盘
14:17:46,26.39,0.01,15,38608,买盘
14:17:55,26.4,0.01,2,5280,买盘
14:18:01,26.34,-0.06,50,131844,卖盘
14:18:22,26.2,-0.14,152,399775,卖盘
14:18:25,26.19,-0.01,14,36037,卖盘
14:18:28,26.13,-0.06,23,59059,卖盘
14:18:37,26.13,0.0,6,15680,卖盘
14:18:40,26.13,0.0,3,7421,卖盘
14:18:43,26.13,0.0,2,5226,卖盘
14:18:46,26.13,0.0,40,104285,卖盘
14:18:49,26.1,-0.03,9,23502,卖盘
14:18:55,26.13,0.03,6,15676,买盘
14:19:04,26.13,0.0,9,22498,买盘
14:19:07,26.12,-0.01,7,17951,卖盘
14:19:10,26.1,-0.02,29,75121,卖盘
14:19:13,26.1,0.0,13,33173,买盘
14:19:16,26.12,0.02,11,27461,买盘
14:19:19,26.18,0.06,3,8482,买盘
14:19:22,26.18,0.0,2,4660,买盘
14:19:25,26.18,0.0,4,9713,卖盘
14:19:37,26.18,0.0,4,10367,买盘
14:19:40,26.18,0.0,1,3639,买盘
14:19:49,26.19,0.01,6,15950,卖盘
14:19:55,26.19,0.0,8,20714,买盘
14:19:58,26.29,0.1,16,43116,买盘
14:20:16,26.29,0.0,7,18403,买盘
14:20:25,26.28,-0.01,4,10512,买盘
14:20:31,26.28,0.0,2,5256,买盘
14:20:46,26.28,0.0,2,5256,买盘
14:20:52,26.22,-0.06,1,2622,卖盘
14:20:55,26.23,0.01,2,5246,卖盘
14:21:01,26.23,0.0,2,5246,卖盘
14:21:04,26.23,0.0,22,57734,卖盘
14:21:16,26.23,0.0,17,44436,卖盘
14:21:22,26.23,0.0,5,14241,买盘
14:21:25,26.23,0.0,8,20013,买盘
14:21:31,26.28,0.05,9,23994,买盘
14:21:34,26.29,0.01,42,110010,买盘
14:21:46,26.3,0.01,7,18778,买盘
14:21:49,26.29,-0.01,13,34230,卖盘
14:21:52,26.29,0.0,10,25711,买盘
14:22:01,26.28,-0.01,2,5256,卖盘
14:22:04,26.29,0.01,5,13145,买盘
14:22:07,26.29,0.0,5,13145,买盘
14:22:13,26.29,0.0,4,9833,买盘
14:22:19,26.3,0.01,12,31320,买盘
14:22:28,26.3,0.0,2,5260,买盘
14:22:37,26.3,0.0,42,111065,买盘
14:22:40,26.31,0.01,18,47344,买盘
14:22:43,26.3,-0.01,6,15780,卖盘
14:22:46,26.3,0.0,4,10522,卖盘
14:22:55,26.31,0.01,13,35413,买盘
14:22:58,26.31,0.0,6,15786,卖盘
14:23:01,26.33,0.02,4,10528,买盘
14:23:04,26.33,0.0,50,131650,买盘
14:23:07,26.31,-0.02,20,52624,卖盘
14:23:10,26.3,-0.01,6,15783,卖盘
14:23:13,26.3,0.0,6,15780,卖盘
14:23:16,26.31,0.01,18,46444,买盘
14:23:19,26.3,-0.01,6,15786,卖盘
14:23:22,26.3,0.0,7,18410,卖盘
14:23:25,26.3,0.0,5,12151,卖盘
14:23:28,26.31,0.01,2,5499,卖盘
14:23:34,26.34,0.03,3,6579,买盘
14:23:46,26.36,0.02,30,79590,买盘
14:23:55,26.34,-0.02,14,37105,买盘
14:24:04,26.34,0.0,50,131463,买盘
14:24:07,26.36,0.02,3,7908,买盘
14:24:10,26.36,0.0,30,79824,买盘
14:24:13,26.36,0.0,4,10550,卖盘
14:24:19,26.39,0.03,4,11685,买盘
14:24:22,26.4,0.01,20,52483,买盘
14:24:25,26.44,0.04,201,529856,买盘
14:24:28,26.45,0.01,11,29087,买盘
14:24:31,26.44,-0.01,7,19333,卖盘
14:24:34,26.45,0.01,12,31730,买盘
14:24:37,26.45,0.0,38,100431,买盘
14:24:40,26.45,0.0,6,15129,买盘
14:24:43,26.46,0.01,2,5292,买盘
14:24:49,26.46,0.0,11,27968,买盘
14:24:52,26.5,0.04,48,127476,买盘
14:25:01,26.5,0.0,10,25352,买盘
14:25:04,26.52,0.02,4,10608,卖盘
14:25:13,26.52,0.0,9,23603,卖盘
14:25:16,26.5,-0.02,70,186269,卖盘
14:25:19,26.47,-0.03,3,6829,卖盘
14:25:22,26.49,0.02,26,69698,买盘
14:25:25,26.46,-0.03,13,33408,卖盘
14:25:28,26.46,0.0,0,1244,卖盘
14:25:31,26.45,-0.01,60,159432,卖盘
14:25:34,26.44,-0.01,30,79345,卖盘
14:25:43,26.44,0.0,8,21681,卖盘
14:25:46,26.44,0.0,9,23796,卖盘
14:25:49,26.45,0.01,52,137538,买盘
14:25:52,26.45,0.0,12,31560,卖盘
14:25:58,26.45,0.0,2,5290,卖盘
14:26:01,26.46,0.01,22,59241,买盘
14:26:04,26.46,0.0,13,33789,卖盘
14:26:07,26.46,0.0,4,10531,卖盘
14:26:10,26.46,0.0,1,1826,卖盘
14:26:13,26.45,-0.01,48,125902,卖盘
14:26:19,26.46,0.01,5,12487,买盘
14:26:25,26.45,-0.01,2,5290,卖盘
14:26:28,26.46,0.01,5,13230,买盘
14:26:37,26.45,-0.01,55,145777,卖盘
14:26:46,26.47,0.02,4,11119,卖盘
14:26:49,26.45,-0.02,0,317,卖盘
14:26:52,26.45,0.0,7,17299,买盘
14:26:58,26.44,-0.01,6,17032,卖盘
14:27:01,26.45,0.01,31,83050,买盘
14:27:04,26.41,-0.04,2,5757,中性盘
14:27:07,26.4,-0.01,55,145064,卖盘
14:27:10,26.4,0.0,22,58633,卖盘
14:27:13,26.45,0.05,10,25524,买盘
14:27:16,26.4,-0.05,2,5597,卖盘
14:27:19,26.45,0.05,81,214034,买盘
14:27:22,26.41,-0.04,35,92717,卖盘
14:27:25,26.45,0.04,5,13225,买盘
14:27:28,26.41,-0.04,5,14314,卖盘
14:27:31,26.41,0.0,7,18487,卖盘
14:27:34,26.43,0.02,49,130079,中性盘
14:27:37,26.43,0.0,6,15858,卖盘
14:27:40,26.4,-0.03,10,26413,卖盘
14:27:43,26.4,0.0,21,56235,卖盘
14:27:46,26.4,0.0,2,5703,卖盘
14:27:55,26.45,0.05,2,5290,买盘
14:27:58,26.44,-0.01,4,10576,卖盘
14:28:01,26.46,0.02,127,335962,买盘
14:28:07,26.46,0.0,13,35007,买盘
14:28:10,26.46,0.0,45,119149,买盘
14:28:28,26.46,0.0,2,5689,卖盘
14:28:31,26.46,0.0,2,5292,卖盘
14:28:34,26.46,0.0,5,14368,卖盘
14:28:37,26.46,0.0,3,7938,卖盘
14:28:40,26.46,0.0,6,16326,卖盘
14:28:46,26.46,0.0,0,582,卖盘
14:28:49,26.4,-0.06,100,264111,卖盘
14:28:52,26.4,0.0,2,5676,卖盘
14:29:01,26.39,-0.01,12,31668,卖盘
14:29:07,26.4,0.01,54,142296,买盘
14:29:10,26.37,-0.03,5,14088,卖盘
14:29:13,26.36,-0.01,300,790826,卖盘
14:29:16,26.36,0.0,20,52330,卖盘
14:29:19,26.36,0.0,15,38407,卖盘
14:29:22,26.35,-0.01,8,22134,卖盘
14:29:28,26.36,0.01,12,31289,买盘
14:29:31,26.34,-0.02,2,5270,卖盘
14:29:37,26.34,0.0,4,11065,卖盘
14:29:40,26.34,0.0,2,5268,卖盘
14:29:43,26.34,0.0,2,4451,卖盘
14:29:46,26.34,0.0,4,11010,卖盘
14:29:49,26.34,0.0,2,5268,卖盘
14:29:52,26.34,0.0,2,5742,卖盘
14:29:55,26.35,0.01,67,177774,买盘
14:29:58,26.35,0.0,12,32015,卖盘
14:30:01,26.35,0.0,12,32354,卖盘
14:30:07,26.34,-0.01,5,12116,卖盘
14:30:10,26.34,0.0,4,10931,卖盘
14:30:13,26.34,0.0,6,14619,卖盘
14:30:16,26.32,-0.02,8,21058,卖盘
14:30:22,26.3,-0.02,50,131783,卖盘
14:30:28,26.29,-0.01,3,8597,卖盘
14:30:31,26.28,-0.01,60,157748,卖盘
14:30:34,26.24,-0.04,136,356129,卖盘
14:30:40,26.23,-0.01,4,9627,卖盘
14:30:43,26.22,-0.01,29,74785,卖盘
14:30:46,26.22,0.0,4,10488,卖盘
14:30:49,26.23,0.01,5,13115,买盘
14:30:52,26.2,-0.03,201,526085,卖盘
14:30:55,26.23,0.03,160,419734,买盘
14:30:58,26.22,-0.01,26,68118,买盘
14:31:01,26.24,0.02,223,583825,买盘
14:31:04,26.17,-0.07,4,9761,中性盘
14:31:07,26.3,0.13,91,239443,买盘
14:31:16,26.3,0.0,46,122225,买盘
14:31:19,26.3,0.0,4,9232,卖盘
14:31:37,26.2,-0.1,2,5528,卖盘
14:31:52,26.18,-0.02,90,235359,卖盘
14:32:01,26.18,0.0,2,5315,卖盘
14:32:07,26.23,0.05,13,34494,中性盘
14:32:10,26.2,-0.03,4,10061,卖盘
14:32:13,26.2,0.0,7,17292,买盘
14:32:19,26.18,-0.02,52,136681,卖盘
14:32:25,26.18,0.0,13,33776,卖盘
14:32:31,26.18,0.0,2,5472,卖盘
14:32:34,26.18,0.0,31,82048,卖盘
14:32:40,26.18,0.0,16,42734,卖盘
14:32:43,26.25,0.07,50,131049,买盘
14:32:46,26.3,0.05,58,153490,买盘
14:32:49,26.19,-0.11,20,51725,中性盘
14:32:52,26.35,0.16,50,131525,买盘
14:32:55,26.19,-0.16,10,27028,卖盘
14:32:58,26.38,0.19,44,115041,买盘
14:33:01,26.38,0.0,6,16751,卖盘
14:33:04,26.4,0.02,41,107830,买盘
14:33:10,26.28,-0.12,11,28623,卖盘
14:33:19,26.29,0.01,5,14328,卖盘
14:33:22,26.44,0.15,10,26408,买盘
14:33:25,26.29,-0.15,2,5810,卖盘
14:33:31,26.49,0.2,22,58729,买盘
14:33:34,26.3,-0.19,8,22171,卖盘
14:33:37,26.3,0.0,2,5418,卖盘
14:34:04,26.39,0.09,12,31826,卖盘
14:34:07,26.39,0.0,5,13195,卖盘
14:34:10,26.39,0.0,12,32239,卖盘
14:34:16,26.39,0.0,10,25598,卖盘
14:34:19,26.39,0.0,11,27841,卖盘
14:34:22,26.39,0.0,6,15930,卖盘
14:34:25,26.43,0.04,36,95628,买盘
14:34:28,26.39,-0.04,2,5542,卖盘
14:34:31,26.43,0.04,14,35930,买盘
14:34:34,26.39,-0.04,20,52780,卖盘
14:34:37,26.3,-0.09,54,142226,卖盘
14:34:40,26.3,0.0,21,55432,卖盘
14:34:43,26.2,-0.1,9,23580,卖盘
14:34:46,26.2,0.0,38,100791,卖盘
14:34:49,26.2,0.0,2,5764,卖盘
14:34:52,26.19,-0.01,24,62852,卖盘
14:34:55,26.18,-0.01,18,48389,卖盘
14:34:58,26.19,0.01,7,18671,买盘
14:35:01,26.18,-0.01,50,131110,卖盘
14:35:04,26.19,0.01,39,102083,买盘
14:35:07,26.19,0.0,18,47723,买盘
14:35:10,26.17,-0.02,15,39728,卖盘
14:35:13,26.16,-0.01,26,68030,卖盘
14:35:16,26.15,-0.01,19,49044,卖盘
14:35:19,26.15,0.0,4,10774,卖盘
14:35:22,26.15,0.0,4,10774,卖盘
14:35:25,26.28,0.13,204,535168,买盘
14:35:28,26.3,0.02,64,167408,买盘
14:35:31,26.13,-0.17,59,154059,卖盘
14:35:37,26.13,0.0,11,29187,卖盘
14:35:40,26.13,0.0,13,34413,卖盘
14:35:43,26.13,0.0,52,135808,卖盘
14:35:46,26.12,-0.01,19,48880,卖盘
14:35:49,26.13,0.01,15,39195,买盘
14:35:52,26.12,-0.01,17,44593,卖盘
14:35:55,26.12,0.0,5,13163,买盘
14:36:01,26.11,-0.01,2,5822,卖盘
14:36:04,26.12,0.01,14,35548,买盘
14:36:07,26.1,-0.02,10,27058,卖盘
14:36:10,26.12,0.02,13,33851,买盘
14:36:13,26.13,0.01,17,44315,买盘
14:36:16,26.12,-0.01,4,9873,卖盘
14:36:22,26.12,0.0,12,31344,买盘
14:36:25,26.1,-0.02,13,35041,卖盘
14:36:28,26.12,0.02,15,39180,买盘
14:36:31,26.1,-0.02,9,22812,卖盘
14:36:37,26.12,0.02,46,120617,买盘
14:36:40,26.1,-0.02,11,28610,卖盘
14:36:43,26.1,0.0,6,16738,卖盘
14:36:49,26.1,0.0,10,26952,卖盘
14:36:52,26.11,0.01,2,5588,卖盘
14:36:55,26.12,0.01,17,44891,卖盘
14:36:58,26.12,0.0,2,5224,买盘
14:37:01,26.05,-0.07,172,449148,卖盘
14:37:04,26.05,0.0,22,57440,买盘
14:37:07,26.05,0.0,46,120720,买盘
14:37:10,26.03,-0.02,9,22647,卖盘
14:37:13,26.05,0.02,6,16066,买盘
14:37:16,26.02,-0.03,62,162136,卖盘
14:37:19,26.05,0.03,6,16896,买盘
14:37:22,26.02,-0.03,19,48891,卖盘
14:37:25,26.02,0.0,125,326609,卖盘
14:37:28,26.02,0.0,3,7806,卖盘
14:37:31,26.05,0.03,43,111249,买盘
14:37:34,26.03,-0.02,152,395378,买盘
14:37:37,26.01,-0.02,51,131665,卖盘
14:37:40,26.02,0.01,20,52040,卖盘
14:37:43,26.03,0.01,2,5180,买盘
14:37:49,26.05,0.02,19,48512,买盘
14:37:52,26.05,0.0,11,29184,买盘
14:37:55,26.03,-0.02,39,100406,卖盘
14:38:01,26.03,0.0,14,36810,卖盘
14:38:04,26.03,0.0,6,15626,卖盘
14:38:07,26.05,0.02,17,44625,买盘
14:38:10,26.05,0.0,18,46886,买盘
14:38:16,26.05,0.0,2,5210,买盘
14:38:19,26.05,0.0,8,19772,买盘
14:38:22,26.05,0.0,6,14405,买盘
14:38:25,26.05,0.0,2,5184,买盘
14:38:28,26.05,0.0,22,57654,卖盘
14:38:31,26.05,0.0,18,45642,卖盘
14:38:43,26.16,0.11,55,143654,买盘
14:38:46,26.09,-0.07,9,23221,卖盘
14:38:49,26.22,0.13,31,81612,买盘
14:38:52,26.16,-0.06,19,50026,卖盘
14:38:55,26.22,0.06,52,136732,中性盘
14:39:01,26.16,-0.06,63,164812,卖盘
14:39:04,26.16,0.0,4,10464,买盘
14:39:07,26.16,0.0,86,224901,买盘
14:39:10,26.16,0.0,19,49160,卖盘
14:39:13,26.16,0.0,4,10621,卖盘
14:39:16,26.16,0.0,8,21451,卖盘
14:39:22,26.4,0.24,50,131899,买盘
14:39:25,26.18,-0.22,59,156238,卖盘
14:39:31,26.22,0.04,18,48429,中性盘
14:39:34,26.18,-0.04,13,33282,卖盘
14:39:37,26.37,0.19,21,55760,买盘
14:39:40,26.32,-0.05,2,5264,中性盘
14:39:43,26.32,0.0,9,23688,卖盘
14:39:46,26.19,-0.13,16,41904,卖盘
14:39:52,26.19,0.0,18,46173,卖盘
14:40:01,26.19,0.0,22,58589,卖盘
14:40:04,26.19,0.0,56,146306,买盘
14:40:07,26.18,-0.01,47,123134,卖盘
14:40:10,26.18,0.0,23,61339,卖盘
14:40:13,26.21,0.03,33,87259,买盘
14:40:16,26.25,0.04,15,39355,中性盘
14:40:19,26.21,-0.04,52,137104,卖盘
14:40:22,26.25,0.04,71,185594,买盘
14:40:25,26.16,-0.09,37,97746,卖盘
14:40:28,26.16,0.0,75,197637,卖盘
14:40:31,26.16,0.0,29,74856,卖盘
14:40:34,26.28,0.12,100,262235,买盘
14:40:37,26.11,-0.17,21,53556,卖盘
14:40:40,26.36,0.25,101,265425,买盘
14:40:43,26.4,0.04,200,528200,买盘
14:40:46,26.18,-0.22,45,118950,卖盘
14:40:49,26.18,0.0,4,10472,买盘
14:40:52,26.13,-0.05,68,178342,卖盘
14:40:58,26.4,0.27,125,329293,买盘
14:41:01,26.37,-0.03,20,52779,中性盘
14:41:04,26.4,0.03,61,160927,买盘
14:41:07,26.16,-0.24,15,38456,中性盘
14:41:10,26.4,0.24,3,7920,买盘
14:41:13,26.16,-0.24,163,428252,卖盘
14:41:16,26.13,-0.03,33,85435,卖盘
14:41:19,26.16,0.03,102,270517,中性盘
14:41:22,26.17,0.01,33,87539,卖盘
14:41:25,26.19,0.02,23,59387,中性盘
14:41:31,26.19,0.0,16,41904,卖盘
14:41:34,26.21,0.02,45,118179,中性盘
14:41:37,26.2,-0.01,20,53374,卖盘
14:41:43,26.22,0.02,1,2622,卖盘
14:41:49,26.23,0.01,1,2623,卖盘
14:41:55,26.22,-0.01,56,147796,卖盘
14:41:58,26.22,0.0,8,20976,卖盘
14:42:01,26.21,-0.01,77,201921,卖盘
14:42:04,26.17,-0.04,34,89068,卖盘
14:42:07,26.21,0.04,57,149789,买盘
14:42:10,26.21,0.0,10,26210,卖盘
14:42:13,26.21,0.0,2,6290,卖盘
14:42:16,26.21,0.0,5,13105,卖盘
14:42:19,26.23,0.02,133,347867,买盘
14:42:22,26.21,-0.02,105,275630,卖盘
14:42:25,26.23,0.02,30,79315,买盘
14:42:28,26.32,0.09,239,628358,买盘
14:42:31,26.32,0.0,9,22477,卖盘
14:42:34,26.34,0.02,103,272398,买盘
14:42:43,26.4,0.06,20,54079,买盘
14:42:46,26.4,0.0,69,182239,买盘
14:42:49,26.4,0.0,31,81761,卖盘
14:42:52,26.4,0.0,16,42240,买盘
14:42:55,26.4,0.0,2,5280,买盘
14:42:58,26.34,-0.06,9,23235,卖盘
14:43:01,26.34,0.0,20,53101,买盘
14:43:10,26.32,-0.02,2,4843,卖盘
14:43:16,26.27,-0.05,6,14722,卖盘
14:43:19,26.27,0.0,2,6304,卖盘
