成交时间,成交价格,价格变动,成交量,成交金额,性质
09:25:02,73.05,0.0,81,593166,卖盘
09:30:02,73.05,0.0,4,29220,卖盘
09:30:05,73.05,0.0,9,62166,卖盘
09:30:08,73.06,0.01,12,87985,卖盘
09:30:11,73.05,-0.01,42,311218,卖盘
09:30:14,73.05,0.0,27,198800,买盘
09:30:17,73.11,0.06,30,222761,买盘
09:30:20,73.83,0.72,73,539776,中性盘
09:30:23,74.0,0.17,63,465144,卖盘
09:30:26,74.18,0.18,95,706293,买盘
09:30:29,74.5,0.32,37,276064,买盘
09:30:32,74.86,0.36,36,267128,买盘
09:30:35,74.88,0.02,26,193406,买盘
09:30:38,74.18,-0.7,36,271139,卖盘
09:30:41,74.79,0.61,15,114740,买盘
09:30:44,74.88,0.09,38,284281,买盘
09:30:47,74.81,-0.07,19,138541,中性盘
09:30:50,74.79,-0.02,23,173203,卖盘
09:30:53,74.86,0.07,10,74810,买盘
09:30:56,74.88,0.02,31,231098,买盘
09:30:59,74.86,-0.02,43,319775,卖盘
09:31:02,74.79,-0.07,46,345720,卖盘
09:31:05,74.81,0.02,17,127111,买盘
09:31:08,74.76,-0.05,20,149663,买盘
09:31:11,74.19,-0.57,28,206696,中性盘
09:31:14,74.2,0.01,15,111852,中性盘
09:31:17,74.75,0.55,31,230392,买盘
09:31:20,74.21,-0.54,45,334203,中性盘
09:31:23,74.22,0.01,17,123973,中性盘
09:31:26,74.5,0.28,38,283104,中性盘
09:31:29,74.5,0.0,83,618652,买盘
09:31:32,74.58,0.08,40,298306,中性盘
09:31:35,74.51,-0.07,50,375880,买盘
09:31:38,74.51,0.0,55,410348,卖盘
09:31:41,74.74,0.23,25,185325,中性盘
09:31:44,74.73,-0.01,47,354989,卖盘
09:31:47,75.0,0.27,17,129511,买盘
09:31:50,75.01,0.01,64,481953,买盘
09:31:53,74.98,-0.03,43,322194,卖盘
09:31:56,75.5,0.52,59,445007,买盘
09:31:59,75.99,0.49,51,386729,买盘
09:32:02,75.69,-0.3,50,379972,卖盘
09:32:05,76.0,0.31,22,167890,中性盘
09:32:08,75.69,-0.31,48,367384,卖盘
09:32:11,75.5,-0.19,539,4074393,卖盘
09:32:14,75.99,0.49,182,1388671,卖盘
09:32:17,76.44,0.45,125,957428,买盘
09:32:20,76.03,-0.41,173,1312996,中性盘
09:32:23,76.49,0.46,37,280925,买盘
09:32:26,76.44,-0.05,65,500093,卖盘
09:32:29,76.54,0.1,52,399051,买盘
09:32:32,76.48,-0.06,84,645996,卖盘
09:32:35,76.9,0.42,110,840702,买盘
09:32:38,76.54,-0.36,90,688746,中性盘
09:32:41,76.79,0.25,63,480475,买盘
09:32:44,77.0,0.21,60,462342,买盘
09:32:47,77.0,0.0,173,1332951,卖盘
09:32:50,77.7,0.7,36,279374,买盘
09:32:53,77.5,-0.2,27,210850,中性盘
09:32:56,77.87,0.37,125,969871,买盘
09:32:59,77.87,0.0,239,1850490,买盘
09:33:02,77.0,-0.87,42,328293,卖盘
09:33:05,77.15,0.15,193,1493103,买盘
09:33:08,77.0,-0.15,28,214064,卖盘
09:33:11,77.87,0.87,146,1133175,买盘
09:33:14,78.0,0.13,83,641305,买盘
09:33:17,77.78,-0.22,41,320834,卖盘
09:33:20,77.9,0.12,99,770266,买盘
09:33:23,77.78,-0.12,29,225583,买盘
09:33:26,77.7,-0.08,45,353605,中性盘
09:33:29,77.01,-0.69,77,590439,卖盘
09:33:32,77.7,0.69,26,203568,卖盘
09:33:35,77.7,0.0,58,450473,中性盘
09:33:38,77.6,-0.1,99,769536,买盘
09:33:41,77.0,-0.6,40,312083,卖盘
09:33:44,76.98,-0.02,25,189957,中性盘
09:33:47,77.0,0.02,64,492219,卖盘
09:33:50,76.81,-0.19,115,886563,卖盘
09:33:53,76.96,0.15,46,352955,中性盘
09:33:56,76.99,0.03,25,188620,中性盘
09:33:59,76.96,-0.03,34,264112,卖盘
09:34:02,76.96,0.0,10,76261,买盘
09:34:05,76.48,-0.48,88,673524,卖盘
09:34:08,76.5,0.02,56,423424,买盘
09:34:11,76.48,-0.02,17,132285,卖盘
09:34:14,76.81,0.33,31,241392,买盘
09:34:17,76.96,0.15,34,261954,买盘
09:34:20,76.96,0.0,6,46330,买盘
09:34:23,76.82,-0.14,14,104782,买盘
09:34:26,76.63,-0.19,31,239569,中性盘
09:34:29,76.82,0.19,34,258103,买盘
09:34:32,77.0,0.18,12,92828,买盘
09:34:35,76.96,-0.04,136,1049025,卖盘
09:34:38,77.0,0.04,35,272037,买盘
09:34:41,77.0,0.0,103,792174,买盘
09:34:44,77.5,0.5,32,247627,买盘
09:34:47,77.5,0.0,4,34720,买盘
09:34:50,77.04,-0.46,53,407823,中性盘
09:34:53,77.5,0.46,8,60590,买盘
09:34:56,77.55,0.05,24,189823,买盘
09:34:59,77.5,-0.05,149,1153180,卖盘
09:35:02,77.56,0.06,61,476344,买盘
09:35:05,77.06,-0.5,48,369757,卖盘
09:35:08,77.1,0.04,135,1043763,买盘
09:35:11,77.01,-0.09,28,212089,卖盘
09:35:14,77.06,0.05,53,406983,中性盘
09:35:17,77.02,-0.04,131,1012640,中性盘
09:35:20,77.11,0.09,113,870472,中性盘
09:35:23,77.59,0.48,28,216828,买盘
09:35:26,77.45,-0.14,39,301522,买盘
09:35:29,77.7,0.25,29,225499,买盘
09:35:32,77.55,-0.15,2,15510,卖盘
09:35:35,77.7,0.15,12,93226,买盘
09:35:38,77.7,0.0,36,282575,买盘
09:35:41,77.7,0.0,133,1031587,卖盘
09:35:44,77.78,0.08,108,839430,买盘
09:35:47,77.7,-0.08,44,340193,中性盘
09:35:50,77.8,0.1,47,362740,买盘
09:35:53,77.77,-0.03,41,322146,卖盘
09:35:56,77.8,0.03,45,349563,买盘
09:35:59,77.86,0.06,52,406242,买盘
09:36:02,77.88,0.02,93,726937,买盘
09:36:05,77.98,0.1,108,841005,买盘
09:36:08,78.0,0.02,181,1413044,买盘
09:36:11,78.62,0.62,573,4479769,买盘
09:36:14,78.88,0.26,144,1131977,买盘
09:36:17,78.75,-0.13,138,1090805,卖盘
09:36:20,78.88,0.13,82,645213,买盘
09:36:23,79.02,0.14,163,1287707,买盘
09:36:26,79.0,-0.02,139,1102898,卖盘
09:36:29,79.5,0.5,23,185006,买盘
09:36:32,79.02,-0.48,56,444933,卖盘
09:36:35,79.02,0.0,29,230486,卖盘
09:36:38,79.02,0.0,107,846552,卖盘
09:36:41,79.37,0.35,190,1503890,买盘
09:36:44,79.5,0.13,48,383898,买盘
09:36:47,79.55,0.05,71,563153,买盘
09:36:50,79.6,0.05,36,286959,买盘
09:36:53,79.56,-0.04,49,387653,卖盘
09:36:56,79.37,-0.19,49,393424,卖盘
09:36:59,79.5,0.13,18,143007,买盘
09:37:02,79.0,-0.5,13,99169,卖盘
09:37:05,79.37,0.37,27,215695,买盘
09:37:08,79.34,-0.03,13,106298,买盘
09:37:11,78.97,-0.37,47,373019,卖盘
09:37:14,78.75,-0.22,3,22947,卖盘
09:37:17,78.97,0.22,14,111404,买盘
09:37:20,78.04,-0.93,30,236443,卖盘
09:37:23,78.2,0.16,31,239001,中性盘
09:37:26,79.0,0.8,32,250504,买盘
09:37:29,78.87,-0.13,2,15774,中性盘
09:37:32,78.97,0.1,55,436482,买盘
09:37:35,79.0,0.03,19,149557,买盘
09:37:38,79.03,0.03,58,458179,买盘
09:37:41,79.03,0.0,12,90885,卖盘
09:37:44,79.03,0.0,26,205506,卖盘
09:37:47,79.0,-0.03,28,219455,卖盘
09:37:50,79.1,0.1,28,217435,中性盘
09:37:53,79.0,-0.1,27,211960,卖盘
09:37:56,78.61,-0.39,5,41522,卖盘
09:37:59,78.9,0.29,13,102405,买盘
09:38:02,78.9,0.0,36,286923,买盘
09:38:05,78.9,0.0,15,118441,卖盘
09:38:08,78.62,-0.28,46,362526,卖盘
09:38:11,78.88,0.26,10,78869,买盘
09:38:14,78.77,-0.11,7,51484,中性盘
09:38:17,78.62,-0.15,8,60583,卖盘
09:38:20,78.59,-0.03,13,100891,卖盘
09:38:23,78.59,0.0,44,342985,卖盘
09:38:26,78.34,-0.25,29,226154,卖盘
09:38:29,78.5,0.16,16,124626,买盘
09:38:32,78.2,-0.3,19,150717,卖盘
09:38:35,78.2,0.0,50,392080,卖盘
09:38:38,78.09,-0.11,7,57519,卖盘
09:38:41,78.04,-0.05,30,234647,卖盘
09:38:44,78.0,-0.04,6,46810,卖盘
09:38:47,77.96,-0.04,71,551984,卖盘
09:38:50,77.96,0.0,19,148124,买盘
09:38:53,77.96,0.0,6,46776,买盘
09:38:56,77.88,-0.08,42,327956,卖盘
09:38:59,77.96,0.08,25,196005,买盘
09:39:02,77.96,0.0,20,155881,买盘
09:39:05,78.0,0.04,23,181476,买盘
09:39:08,78.0,0.0,31,244229,买盘
09:39:11,77.9,-0.1,14,110663,卖盘
09:39:14,77.9,0.0,48,374585,卖盘
09:39:17,78.2,0.3,10,78160,买盘
09:39:20,78.0,-0.2,27,212596,卖盘
09:39:23,78.0,0.0,30,236364,卖盘
09:39:26,78.2,0.2,20,158263,买盘
09:39:29,78.2,0.0,20,156478,买盘
09:39:32,78.2,0.0,22,171427,买盘
09:39:35,78.2,0.0,28,218932,买盘
09:39:38,78.1,-0.1,11,82005,买盘
09:39:41,78.5,0.4,77,599419,买盘
09:39:44,78.5,0.0,18,141300,买盘
09:39:47,78.5,0.0,15,118632,买盘
09:39:50,78.2,-0.3,54,422848,卖盘
09:39:53,78.57,0.37,13,100220,买盘
09:39:59,78.57,0.0,18,144308,卖盘
09:40:02,78.5,-0.07,9,70392,卖盘
09:40:05,78.5,0.0,16,123221,卖盘
09:40:08,78.56,0.06,14,111565,买盘
09:40:11,78.21,-0.35,60,472176,卖盘
09:40:14,78.21,0.0,12,94142,卖盘
09:40:17,78.49,0.28,4,31340,中性盘
09:40:23,78.2,-0.29,64,502552,卖盘
09:40:26,78.2,0.0,10,78200,卖盘
09:40:29,78.21,0.01,158,1235903,买盘
09:40:35,78.0,-0.21,65,509529,卖盘
09:40:38,78.07,0.07,12,93684,卖盘
09:40:41,78.04,-0.03,20,155666,卖盘
09:40:44,78.15,0.11,63,494164,买盘
09:40:47,78.15,0.0,78,606533,买盘
09:40:50,78.18,0.03,12,92202,中性盘
09:40:56,78.15,-0.03,7,55486,卖盘
09:41:02,78.21,0.06,4,31282,买盘
09:41:05,78.15,-0.06,67,526819,卖盘
09:41:08,78.17,0.02,145,1135366,中性盘
09:41:11,78.48,0.31,55,429324,中性盘
09:41:14,78.2,-0.28,4,32375,买盘
09:41:17,78.78,0.58,19,153540,买盘
09:41:20,78.57,-0.21,10,78570,卖盘
09:41:23,78.78,0.21,8,59164,买盘
09:41:26,78.8,0.02,27,215044,买盘
09:41:29,78.8,0.0,6,47266,买盘
09:41:32,78.8,0.0,7,55034,买盘
09:41:35,78.18,-0.62,2,15792,中性盘
09:41:47,78.7,0.52,64,503601,买盘
09:41:50,78.68,-0.02,26,204276,买盘
09:41:53,78.68,0.0,4,34225,买盘
09:41:56,78.69,0.01,17,135086,买盘
09:41:59,78.6,-0.09,10,76621,卖盘
09:42:02,78.68,0.08,35,276660,买盘
09:42:05,78.61,-0.07,5,40248,中性盘
09:42:08,78.6,-0.01,26,205932,买盘
09:42:11,78.61,0.01,6,47162,中性盘
09:42:14,78.5,-0.11,22,173330,卖盘
09:42:17,78.5,0.0,17,134308,买盘
09:42:23,78.23,-0.27,7,54761,卖盘
09:42:26,78.5,0.27,66,512779,买盘
09:42:29,78.5,0.0,7,57854,买盘
09:42:32,78.5,0.0,16,128583,买盘
09:42:35,78.3,-0.2,67,527382,卖盘
09:42:38,78.5,0.2,56,441940,买盘
09:42:44,78.3,-0.2,2,15660,卖盘
09:42:47,78.25,-0.05,3,24336,卖盘
09:42:50,78.25,0.0,11,83216,卖盘
09:42:56,78.15,-0.1,6,49979,中性盘
09:43:02,78.0,-0.15,54,422178,卖盘
09:43:05,78.0,0.0,21,163648,卖盘
09:43:08,78.02,0.02,36,281740,买盘
09:43:11,78.15,0.13,46,362217,买盘
09:43:14,78.02,-0.13,12,93662,卖盘
09:43:17,78.1,0.08,5,36934,买盘
09:43:20,78.0,-0.1,107,834444,卖盘
09:43:23,77.88,-0.12,3,23364,卖盘
09:43:32,77.87,-0.01,26,206453,卖盘
09:43:35,77.87,0.0,7,50694,买盘
09:43:38,78.0,0.13,15,116966,买盘
09:43:41,77.85,-0.15,30,235865,卖盘
09:43:44,77.85,0.0,10,77850,卖盘
09:43:47,78.0,0.15,50,390000,买盘
09:43:50,77.92,-0.08,2,12623,买盘
09:43:53,77.88,-0.04,18,137134,卖盘
09:43:56,77.88,0.0,7,52935,卖盘
09:43:59,77.88,0.0,38,295988,买盘
09:44:02,78.0,0.12,47,367900,买盘
09:44:05,78.03,0.03,26,202848,买盘
09:44:08,78.03,0.0,102,796842,买盘
09:44:11,78.2,0.17,65,507050,买盘
09:44:14,78.21,0.01,5,39887,买盘
09:44:17,78.28,0.07,73,570136,买盘
09:44:20,78.28,0.0,27,207807,买盘
09:44:23,78.38,0.1,55,430985,买盘
09:44:26,78.48,0.1,27,210955,买盘
09:44:29,78.48,0.0,50,389682,买盘
09:44:32,78.49,0.01,14,109728,买盘
09:44:35,78.4,-0.09,66,519269,卖盘
09:44:38,78.49,0.09,32,249363,买盘
09:44:41,78.5,0.01,31,243318,买盘
09:44:44,78.49,-0.01,20,156760,中性盘
09:44:47,78.5,0.01,58,453730,买盘
09:44:50,78.5,0.0,17,133591,卖盘
09:44:53,78.69,0.19,52,406256,买盘
09:44:56,78.8,0.11,81,639445,买盘
09:44:59,78.87,0.07,50,396699,买盘
09:45:02,79.0,0.13,224,1768565,买盘
09:45:05,79.0,0.0,129,1019599,买盘
09:45:08,79.34,0.34,96,758784,买盘
09:45:11,79.44,0.1,52,412556,买盘
09:45:14,79.57,0.13,121,963570,买盘
09:45:17,79.5,-0.07,195,1554647,卖盘
09:45:20,79.61,0.11,86,683065,买盘
09:45:23,79.66,0.05,75,597383,买盘
09:45:26,79.65,-0.01,56,444962,卖盘
09:45:29,79.7,0.05,114,911872,买盘
09:45:32,79.66,-0.04,164,1309283,卖盘
09:45:35,79.67,0.01,4,32745,买盘
09:45:38,79.8,0.13,122,970161,买盘
09:45:41,79.78,-0.02,16,123748,中性盘
09:45:44,79.67,-0.11,6,46629,中性盘
09:45:47,79.85,0.18,217,1732925,买盘
09:45:50,79.9,0.05,71,568772,买盘
09:45:53,80.0,0.1,408,3263466,买盘
09:45:56,80.0,0.0,96,767910,买盘
09:45:59,80.2,0.2,36,288932,买盘
09:46:02,80.2,0.0,57,459076,买盘
09:46:05,80.5,0.3,97,777774,买盘
09:46:08,80.88,0.38,68,551855,买盘
09:46:11,80.68,-0.2,81,652609,中性盘
09:46:14,81.0,0.32,116,939862,买盘
09:46:17,81.5,0.5,35,286556,买盘
09:46:20,81.58,0.08,12,94748,买盘
09:46:23,82.0,0.42,161,1319122,买盘
09:46:26,82.22,0.22,92,753318,买盘
09:46:29,82.5,0.28,34,277582,买盘
09:46:32,82.72,0.22,59,488511,买盘
09:46:35,82.8,0.08,24,197178,买盘
09:46:38,82.82,0.02,119,987798,买盘
09:46:41,82.6,-0.22,88,724929,卖盘
09:46:44,83.72,1.12,356,2958715,买盘
09:46:47,82.9,-0.82,38,312855,卖盘
09:46:50,83.0,0.1,77,646251,中性盘
09:46:53,83.0,0.0,260,2171891,卖盘
09:46:56,84.5,1.5,74,622783,买盘
09:46:59,84.98,0.48,85,721428,买盘
09:47:02,84.99,0.01,140,1192925,卖盘
09:47:05,85.0,0.01,180,1530857,买盘
09:47:08,84.99,-0.01,218,1853066,买盘
09:47:11,83.99,-1.0,219,1858979,卖盘
09:47:14,85.0,1.01,95,806316,买盘
09:47:17,83.95,-1.05,58,489068,卖盘
09:47:20,84.5,0.55,274,2323237,买盘
09:47:23,83.6,-0.9,160,1340240,卖盘
09:47:26,84.5,0.9,24,200999,买盘
09:47:29,83.95,-0.55,20,170229,中性盘
09:47:32,83.05,-0.9,98,822594,卖盘
09:47:35,83.6,0.55,45,372378,买盘
09:47:38,83.05,-0.55,44,367045,卖盘
09:47:41,83.6,0.55,26,219636,中性盘
09:47:44,83.6,0.0,94,784540,买盘
09:47:47,83.6,0.0,44,364800,买盘
09:47:50,83.98,0.38,29,242708,买盘
09:47:53,83.5,-0.48,16,130920,中性盘
09:47:56,83.0,-0.5,24,196561,卖盘
09:47:59,83.2,0.2,17,138899,买盘
09:48:02,83.05,-0.15,24,198011,卖盘
09:48:05,83.01,-0.04,92,767555,卖盘
09:48:08,83.06,0.05,64,532205,中性盘
09:48:11,83.01,-0.05,39,323666,卖盘
09:48:14,83.06,0.05,23,189213,卖盘
09:48:17,83.2,0.14,48,401505,买盘
09:48:20,83.22,0.02,176,1466764,买盘
09:48:23,83.46,0.24,37,307428,买盘
09:48:26,83.22,-0.24,22,186684,卖盘
09:48:29,84.0,0.78,154,1292950,买盘
09:48:32,84.4,0.4,21,178005,买盘
09:48:35,84.48,0.08,279,2359986,买盘
09:48:38,84.5,0.02,21,173693,中性盘
09:48:41,84.97,0.47,340,2892553,买盘
09:48:44,85.1,0.13,121,1028468,买盘
09:48:47,85.1,0.0,27,229931,买盘
09:48:50,85.1,0.0,159,1357286,卖盘
09:48:53,85.5,0.4,47,399731,买盘
09:48:56,85.5,0.0,8,72046,买盘
09:48:59,85.49,-0.01,135,1153246,中性盘
09:49:02,85.5,0.01,115,980770,卖盘
09:49:05,85.5,0.0,154,1316369,卖盘
09:49:08,85.0,-0.5,25,214807,卖盘
09:49:11,85.68,0.68,287,2454497,买盘
09:49:14,85.68,0.0,37,312602,买盘
09:49:17,85.5,-0.18,16,140167,卖盘
09:49:20,86.0,0.5,321,2756358,买盘
09:49:23,85.51,-0.49,64,543768,卖盘
09:49:26,85.67,0.16,41,351698,中性盘
09:49:29,85.68,0.01,17,147292,买盘
09:49:32,85.67,-0.01,82,705433,中性盘
09:49:35,85.67,0.0,85,729000,买盘
09:49:38,85.68,0.01,23,198490,买盘
09:49:41,85.6,-0.08,62,532371,买盘
09:49:44,85.51,-0.09,18,151694,买盘
09:49:47,85.23,-0.28,61,522548,卖盘
09:49:50,85.01,-0.22,12,102217,卖盘
09:49:53,85.0,-0.01,78,666634,卖盘
09:49:56,85.05,0.05,19,165500,中性盘
09:49:59,85.5,0.45,19,165251,买盘
09:50:02,85.05,-0.45,11,89779,卖盘
09:50:05,85.05,0.0,575,4911757,卖盘
09:50:08,85.05,0.0,37,315406,卖盘
09:50:11,85.05,0.0,8,68040,买盘
09:50:14,85.01,-0.04,8,71408,中性盘
09:50:17,85.05,0.04,84,716391,买盘
09:50:20,85.04,-0.01,19,161980,中性盘
09:50:23,85.01,-0.03,41,352336,卖盘
09:50:26,85.0,-0.01,35,295215,卖盘
09:50:29,84.91,-0.09,66,558905,卖盘
09:50:32,85.0,0.09,26,222943,买盘
09:50:35,84.5,-0.5,153,1295409,卖盘
09:50:38,84.5,0.0,198,1682282,卖盘
09:50:41,84.65,0.15,5,42325,买盘
09:50:44,84.65,0.0,26,223429,买盘
09:50:47,84.5,-0.15,40,337572,卖盘
09:50:50,84.7,0.2,15,129496,买盘
09:50:53,84.64,-0.06,39,328068,中性盘
09:50:56,84.64,0.0,11,93026,买盘
09:50:59,84.51,-0.13,9,76085,卖盘
09:51:02,84.5,-0.01,16,137323,卖盘
09:51:05,84.5,0.0,53,450028,卖盘
09:51:08,84.51,0.01,61,515480,买盘
09:51:11,84.5,-0.01,116,983610,卖盘
09:51:14,84.5,0.0,65,549260,卖盘
09:51:17,84.5,0.0,73,620654,卖盘
09:51:20,84.5,0.0,27,225446,卖盘
09:51:23,84.05,-0.45,2,16810,中性盘
09:51:26,84.5,0.45,133,1123321,买盘
09:51:29,84.5,0.0,109,921383,买盘
09:51:32,84.0,-0.5,225,1893051,卖盘
09:51:35,84.14,0.14,237,1990955,买盘
09:51:38,84.01,-0.13,3,25203,卖盘
09:51:41,84.5,0.49,15,130290,买盘
09:51:44,84.61,0.11,114,963534,买盘
09:51:47,85.0,0.39,236,1998927,买盘
09:51:50,85.66,0.66,139,1182508,买盘
09:51:53,85.01,-0.65,173,1486034,中性盘
09:51:56,86.0,0.99,24,209238,买盘
09:51:59,86.24,0.24,47,403111,买盘
09:52:02,86.4,0.16,36,311594,买盘
09:52:05,87.0,0.6,112,969123,买盘
09:52:08,87.0,0.0,153,1331178,买盘
09:52:11,87.15,0.15,104,900097,买盘
09:52:14,87.78,0.63,72,628814,买盘
09:52:17,86.8,-0.98,46,395573,卖盘
09:52:20,87.0,0.2,96,836816,买盘
09:52:23,86.8,-0.2,70,613352,中性盘
09:52:26,87.0,0.2,161,1411083,中性盘
09:52:29,86.6,-0.4,62,541121,卖盘
09:52:32,86.5,-0.1,189,1636882,卖盘
09:52:35,86.33,-0.17,27,236403,卖盘
09:52:38,86.33,0.0,58,504451,卖盘
09:52:41,86.33,0.0,38,331471,买盘
09:52:44,86.0,-0.33,71,607250,卖盘
09:52:47,86.0,0.0,85,732094,买盘
09:52:50,85.02,-0.98,7,59514,卖盘
09:52:56,85.0,-0.02,19,162872,卖盘
09:52:59,85.0,0.0,54,461791,卖盘
09:53:02,85.66,0.66,17,144750,买盘
09:53:05,85.02,-0.64,3,24231,中性盘
09:53:08,86.0,0.98,96,828201,买盘
09:53:11,85.02,-0.98,92,785628,卖盘
09:53:14,86.0,0.98,7,60200,买盘
09:53:17,86.0,0.0,105,907121,卖盘
09:53:20,86.04,0.04,18,158407,卖盘
09:53:23,86.04,0.0,11,97730,买盘
09:53:26,86.04,0.0,77,664953,买盘
09:53:29,86.04,0.0,16,136994,买盘
09:53:32,86.0,-0.04,285,2451216,卖盘
09:53:35,86.0,0.0,18,156958,卖盘
09:53:38,86.0,0.0,269,2317212,卖盘
09:53:41,86.0,0.0,53,457339,卖盘
09:53:44,86.0,0.0,12,103200,买盘
09:53:47,86.0,0.0,57,486158,买盘
09:53:53,86.0,0.0,26,224046,买盘
09:53:56,86.0,0.0,53,456998,买盘
09:53:59,86.0,0.0,57,490200,买盘
09:54:02,86.0,0.0,5,42306,买盘
09:54:05,86.01,0.01,56,485556,买盘
09:54:08,86.04,0.03,25,215787,买盘
09:54:11,86.0,-0.04,29,248955,卖盘
09:54:14,87.0,1.0,136,1177507,买盘
09:54:17,86.05,-0.95,4,34610,中性盘
09:54:20,87.3,1.25,119,1031991,买盘
09:54:23,87.06,-0.24,37,322116,卖盘
09:54:26,87.98,0.92,256,2240187,买盘
09:54:29,88.0,0.02,1030,9063912,买盘
09:54:32,88.8,0.8,3573,31706692,买盘
09:54:35,88.8,0.0,343,3043265,卖盘
09:54:38,88.8,0.0,33,291975,卖盘
09:54:41,88.8,0.0,146,1295325,卖盘
09:54:44,88.8,0.0,308,2732909,卖盘
09:54:47,88.8,0.0,311,2762746,卖盘
09:54:50,88.8,0.0,37,328560,卖盘
09:54:53,88.8,0.0,469,4160368,卖盘
09:54:56,88.8,0.0,33,290021,卖盘
09:54:59,88.8,0.0,515,4574443,卖盘
09:55:02,88.8,0.0,165,1465733,卖盘
09:55:05,88.8,0.0,73,648329,卖盘
09:55:08,88.8,0.0,173,1540591,卖盘
09:55:11,88.8,0.0,330,2930400,卖盘
09:55:14,88.8,0.0,203,1799710,卖盘
09:55:17,88.8,0.0,331,2940789,卖盘
09:55:20,88.8,0.0,404,3584146,卖盘
09:55:23,88.8,0.0,324,2879340,卖盘
09:55:26,88.8,0.0,703,6244505,卖盘
09:55:29,88.8,0.0,173,1532954,卖盘
09:55:32,88.8,0.0,44,389477,卖盘
09:55:35,88.8,0.0,30,266400,卖盘
09:55:38,88.8,0.0,34,301920,卖盘
09:55:41,88.8,0.0,62,549317,卖盘
09:55:44,88.8,0.0,12,110822,卖盘
09:55:47,88.8,0.0,87,774425,卖盘
09:55:50,88.8,0.0,54,479520,卖盘
09:55:53,88.8,0.0,12,106738,卖盘
09:55:56,88.8,0.0,50,444000,卖盘
09:55:59,88.8,0.0,38,337440,卖盘
09:56:02,88.8,0.0,32,284692,卖盘
09:56:05,88.8,0.0,26,231946,卖盘
09:56:08,88.8,0.0,10,88800,卖盘
09:56:11,88.8,0.0,57,505894,卖盘
09:56:14,88.8,0.0,8,71040,卖盘
09:56:17,88.8,0.0,448,3979128,卖盘
09:56:20,88.8,0.0,7,62160,卖盘
09:56:23,88.8,0.0,85,754800,卖盘
09:56:26,88.8,0.0,94,837916,卖盘
09:56:29,88.8,0.0,7,62160,卖盘
09:56:32,88.8,0.0,44,389300,卖盘
09:56:35,88.8,0.0,31,277233,卖盘
09:56:38,88.8,0.0,50,444000,卖盘
09:56:41,88.8,0.0,54,480231,卖盘
09:56:44,88.8,0.0,15,133200,卖盘
09:56:50,88.8,0.0,41,359640,卖盘
09:56:53,88.8,0.0,29,261072,卖盘
09:56:56,88.8,0.0,10,88800,卖盘
09:56:59,88.8,0.0,94,836496,卖盘
09:57:02,88.8,0.0,4,35520,卖盘
09:57:05,88.8,0.0,4,35520,卖盘
09:57:08,88.8,0.0,85,754800,卖盘
09:57:14,88.8,0.0,5,44400,卖盘
09:57:17,88.8,0.0,8,67488,卖盘
09:57:20,88.8,0.0,123,1096324,卖盘
09:57:23,88.8,0.0,6,53280,卖盘
09:57:29,88.8,0.0,35,310800,卖盘
09:57:32,88.8,0.0,10,88800,卖盘
09:57:35,88.8,0.0,6,52304,卖盘
09:57:38,88.8,0.0,8,69086,卖盘
09:57:44,88.8,0.0,43,381840,卖盘
09:57:47,88.8,0.0,9,78854,卖盘
09:57:50,88.8,0.0,47,417360,卖盘
09:57:59,88.8,0.0,2,17760,卖盘
09:58:02,88.8,0.0,13,113664,卖盘
09:58:05,88.8,0.0,12,106560,卖盘
09:58:08,88.8,0.0,2,17760,卖盘
09:58:11,88.8,0.0,13,119081,卖盘
09:58:14,88.8,0.0,5,44400,卖盘
09:58:17,88.8,0.0,63,563791,卖盘
09:58:35,88.8,0.0,87,774692,卖盘
09:58:38,88.8,0.0,6,52747,卖盘
09:58:41,88.8,0.0,3,26640,卖盘
09:58:47,88.8,0.0,7,62160,卖盘
09:58:53,88.8,0.0,7,62781,卖盘
09:58:56,88.8,0.0,4,35520,卖盘
09:58:59,88.8,0.0,31,270840,卖盘
09:59:02,88.8,0.0,32,285581,卖盘
09:59:08,88.8,0.0,13,115440,卖盘
09:59:11,88.8,0.0,7,58786,卖盘
09:59:14,88.8,0.0,19,168720,卖盘
09:59:17,88.8,0.0,4,35520,卖盘
09:59:20,88.8,0.0,10,88800,卖盘
09:59:23,88.8,0.0,72,639360,卖盘
09:59:26,88.8,0.0,201,1783370,卖盘
09:59:32,88.8,0.0,9,78411,卖盘
09:59:35,88.8,0.0,24,213120,卖盘
09:59:38,88.8,0.0,5,44400,卖盘
09:59:41,88.8,0.0,5,44400,卖盘
09:59:44,88.8,0.0,3,26196,卖盘
09:59:47,88.8,0.0,2,17760,卖盘
09:59:50,88.8,0.0,42,372782,卖盘
09:59:53,88.8,0.0,6,53280,卖盘
09:59:56,88.8,0.0,9,79920,卖盘
09:59:59,88.8,0.0,37,331490,卖盘
10:00:05,88.8,0.0,3,22200,卖盘
10:00:08,88.8,0.0,100,888000,卖盘
10:00:11,88.8,0.0,5,44400,卖盘
10:00:14,88.8,0.0,2,17760,卖盘
10:00:17,88.8,0.0,10,88800,卖盘
10:00:20,88.8,0.0,23,204240,卖盘
10:00:23,88.8,0.0,2,18737,卖盘
10:00:26,88.8,0.0,42,372960,卖盘
10:00:29,88.8,0.0,22,199445,卖盘
10:00:35,88.8,0.0,26,230880,卖盘
10:00:41,88.8,0.0,9,79920,卖盘
10:00:47,88.8,0.0,20,177600,卖盘
10:00:50,88.8,0.0,12,106560,卖盘
10:00:53,88.8,0.0,18,159840,卖盘
10:00:56,88.8,0.0,37,328560,卖盘
10:00:59,88.8,0.0,5,45288,卖盘
10:01:02,88.8,0.0,32,284160,卖盘
10:01:05,88.8,0.0,2,17760,卖盘
10:01:11,88.8,0.0,72,638206,卖盘
10:01:14,88.8,0.0,73,650815,卖盘
10:01:23,88.8,0.0,20,177689,卖盘
10:01:26,88.8,0.0,25,226173,卖盘
10:01:35,88.8,0.0,1,5595,卖盘
10:01:38,88.8,0.0,66,585103,卖盘
10:01:41,88.8,0.0,4,35520,卖盘
10:01:47,88.8,0.0,4,35520,卖盘
10:01:50,88.8,0.0,2,20069,卖盘
10:01:53,88.8,0.0,59,521433,卖盘
10:02:05,88.8,0.0,2,17760,卖盘
10:02:08,88.8,0.0,12,105939,卖盘
10:02:14,88.8,0.0,96,848750,卖盘
10:02:17,88.8,0.0,32,284160,卖盘
10:02:20,88.8,0.0,17,150960,卖盘
10:02:23,88.8,0.0,10,88800,卖盘
10:02:26,88.8,0.0,2,17760,卖盘
10:02:29,88.8,0.0,2,17760,卖盘
10:02:32,88.8,0.0,26,233810,卖盘
10:02:35,88.8,0.0,2,17760,卖盘
10:02:41,88.8,0.0,21,190299,卖盘
10:02:44,88.8,0.0,32,284160,卖盘
10:02:47,88.8,0.0,28,248640,卖盘
10:02:50,88.8,0.0,10,88800,卖盘
10:02:53,88.8,0.0,100,888000,卖盘
10:02:59,88.8,0.0,1,8880,卖盘
10:03:05,88.8,0.0,394,3501295,卖盘
10:03:11,88.8,0.0,37,328116,卖盘
10:03:14,88.8,0.0,13,114197,卖盘
10:03:17,88.8,0.0,106,942878,卖盘
10:03:20,88.8,0.0,363,3225749,卖盘
10:03:23,88.8,0.0,73,648240,卖盘
10:03:26,88.8,0.0,379,3361613,卖盘
10:03:29,88.8,0.0,148,1315927,卖盘
10:03:32,88.8,0.0,18,159840,卖盘
10:03:35,88.8,0.0,117,1040825,卖盘
10:03:38,88.8,0.0,16,142080,卖盘
10:03:41,88.8,0.0,87,772560,卖盘
10:03:44,88.8,0.0,41,363991,卖盘
10:03:47,88.8,0.0,38,336996,卖盘
10:03:50,88.8,0.0,36,319680,卖盘
10:03:53,88.8,0.0,62,550560,卖盘
10:03:56,88.8,0.0,62,550560,卖盘
10:03:59,88.8,0.0,35,310800,卖盘
10:04:02,88.8,0.0,64,566366,卖盘
10:04:08,88.8,0.0,131,1167365,卖盘
10:04:11,88.8,0.0,15,133200,卖盘
10:04:14,88.8,0.0,21,185415,卖盘
10:04:17,88.8,0.0,349,3099830,卖盘
10:04:20,88.8,0.0,69,614762,卖盘
10:04:23,88.8,0.0,20,180708,卖盘
10:04:26,88.8,0.0,88,782417,卖盘
10:04:29,88.8,0.0,4,35520,卖盘
10:04:32,88.8,0.0,46,406083,卖盘
10:04:35,88.8,0.0,32,284160,卖盘
10:04:38,88.8,0.0,84,744588,卖盘
10:04:41,88.8,0.0,53,470640,卖盘
10:04:44,88.8,0.0,14,124320,卖盘
10:04:47,88.8,0.0,16,142080,卖盘
10:04:50,88.8,0.0,8,72194,卖盘
10:04:53,88.8,0.0,53,466200,卖盘
10:04:56,88.8,0.0,2,17760,卖盘
10:04:59,88.8,0.0,16,142080,卖盘
10:05:02,88.8,0.0,38,341170,卖盘
10:05:08,88.8,0.0,28,244200,卖盘
10:05:11,88.8,0.0,10,88800,卖盘
10:05:14,88.8,0.0,54,483871,卖盘
10:05:17,88.8,0.0,5,39960,卖盘
10:05:26,88.8,0.0,5,44400,卖盘
10:05:32,88.8,0.0,65,578798,卖盘
10:05:35,88.8,0.0,14,124320,卖盘
10:05:41,88.8,0.0,159,1413252,卖盘
10:05:47,88.8,0.0,12,106560,卖盘
10:05:50,88.8,0.0,5,44400,卖盘
10:05:53,88.8,0.0,25,220402,卖盘
10:05:56,88.8,0.0,129,1147029,卖盘
10:05:59,88.8,0.0,34,300144,卖盘
10:06:02,88.8,0.0,126,1119058,卖盘
10:06:05,88.8,0.0,61,543101,卖盘
10:06:08,88.8,0.0,86,767321,卖盘
10:06:11,88.8,0.0,36,317548,卖盘
10:06:14,88.8,0.0,66,590076,卖盘
10:06:17,88.8,0.0,126,1118880,卖盘
10:06:20,88.8,0.0,307,2722164,卖盘
10:06:23,88.8,0.0,959,8519916,卖盘
10:06:26,88.8,0.0,418,3709532,卖盘
10:06:29,88.8,0.0,448,3976375,卖盘
10:06:32,88.1,-0.7,4,35240,卖盘
10:06:35,87.98,-0.12,27,239007,卖盘
10:06:38,87.98,0.0,36,315377,卖盘
10:06:41,88.0,0.02,15,127600,卖盘
10:06:44,88.0,0.0,30,263296,卖盘
10:06:47,88.0,0.0,13,117040,卖盘
10:06:50,87.99,-0.01,3,26045,中性盘
10:06:53,86.86,-1.13,128,1112448,卖盘
10:06:56,86.86,0.0,8,66452,买盘
10:06:59,86.86,0.0,120,1038996,买盘
10:07:02,86.56,-0.3,47,408836,卖盘
10:07:05,86.01,-0.55,102,874534,卖盘
10:07:08,86.0,-0.01,132,1143492,卖盘
10:07:11,86.01,0.01,42,362694,中性盘
10:07:14,86.02,0.01,18,152513,中性盘
10:07:17,86.02,0.0,16,137816,卖盘
10:07:20,86.03,0.01,75,646007,卖盘
10:07:23,86.86,0.83,131,1139991,买盘
10:07:26,86.8,-0.06,179,1543047,卖盘
10:07:29,86.8,0.0,33,282516,买盘
10:07:32,86.86,0.06,32,274914,买盘
10:07:35,86.5,-0.36,23,199954,卖盘
10:07:38,86.8,0.3,179,1552041,买盘
10:07:41,86.75,-0.05,14,122815,中性盘
10:07:44,86.86,0.11,10,86814,买盘
10:07:47,86.86,0.0,37,321375,买盘
10:07:50,87.0,0.14,59,512205,买盘
10:07:53,87.76,0.76,58,506553,中性盘
10:07:56,87.0,-0.76,62,545253,中性盘
10:07:59,87.0,0.0,48,416075,买盘
10:08:02,87.0,0.0,88,765188,买盘
10:08:05,87.0,0.0,30,264254,买盘
10:08:08,86.86,-0.14,71,617240,卖盘
10:08:11,86.86,0.0,13,114105,买盘
10:08:14,87.0,0.14,59,514341,买盘
10:08:17,87.0,0.0,5,46980,卖盘
10:08:20,87.0,0.0,10,85260,卖盘
10:08:23,87.0,0.0,10,87087,卖盘
10:08:26,87.25,0.25,37,322250,中性盘
10:08:29,87.6,0.35,14,126443,卖盘
10:08:32,87.6,0.0,9,81815,买盘
10:08:35,87.6,0.0,12,105098,买盘
10:08:38,87.02,-0.58,22,193117,卖盘
10:08:41,87.7,0.68,12,103556,买盘
10:08:44,87.7,0.0,32,279026,买盘
10:08:47,87.7,0.0,27,232332,买盘
10:08:50,87.6,-0.1,12,100867,卖盘
10:08:53,87.6,0.0,124,1086080,卖盘
10:08:56,87.6,0.0,12,105120,买盘
10:08:59,87.5,-0.1,46,400673,卖盘
10:09:02,87.1,-0.4,14,122220,卖盘
10:09:05,87.1,0.0,7,61130,卖盘
10:09:08,87.1,0.0,12,104520,卖盘
10:09:11,87.1,0.0,17,148714,卖盘
10:09:14,87.1,0.0,2,15766,卖盘
10:09:17,87.1,0.0,65,569088,买盘
10:09:20,87.03,-0.07,28,241114,卖盘
10:09:23,87.1,0.07,40,344584,买盘
10:09:26,87.1,0.0,15,130672,卖盘
10:09:29,87.1,0.0,12,104956,卖盘
10:09:32,87.38,0.28,35,306094,中性盘
10:09:35,87.1,-0.28,21,186734,卖盘
10:09:41,87.1,0.0,70,613744,卖盘
10:09:44,87.4,0.3,4,38046,买盘
10:09:47,87.1,-0.3,23,196487,卖盘
10:09:50,87.1,0.0,7,60970,买盘
10:09:53,87.1,0.0,27,235226,买盘
10:09:56,87.1,0.0,57,496253,买盘
10:09:59,87.1,0.0,10,87070,买盘
10:10:02,87.05,-0.05,101,875561,中性盘
10:10:08,87.01,-0.04,5,43505,买盘
10:10:11,87.0,-0.01,42,365400,卖盘
10:10:14,87.0,0.0,229,1989903,卖盘
10:10:17,87.01,0.01,34,295891,中性盘
10:10:20,87.0,-0.01,73,635826,卖盘
10:10:23,87.0,0.0,4,30537,买盘
10:10:26,86.88,-0.12,27,236124,卖盘
10:10:29,86.8,-0.08,68,594598,卖盘
10:10:32,86.86,0.06,17,148310,中性盘
10:10:35,86.88,0.02,23,195579,中性盘
10:10:38,86.8,-0.08,265,2298759,卖盘
10:10:41,86.9,0.1,31,273459,买盘
10:10:44,86.9,0.0,70,608845,卖盘
10:10:47,87.0,0.1,10,86990,买盘
10:10:50,87.0,0.0,116,1004814,买盘
10:10:53,87.0,0.0,25,216318,卖盘
10:10:56,87.0,0.0,53,460978,卖盘
10:10:59,87.0,0.0,12,104400,买盘
10:11:02,87.0,0.0,4,34776,买盘
10:11:05,86.8,-0.2,220,1907560,卖盘
10:11:08,86.8,0.0,15,130200,买盘
10:11:11,86.68,-0.12,3,26004,卖盘
10:11:14,86.5,-0.18,54,468643,卖盘
10:11:17,86.3,-0.2,29,250145,卖盘
10:11:20,86.3,0.0,11,99100,卖盘
10:11:23,86.3,0.0,20,172536,买盘
10:11:26,86.25,-0.05,22,187421,买盘
10:11:29,86.23,-0.02,62,537695,卖盘
10:11:32,86.29,0.06,124,1066021,买盘
10:11:35,86.23,-0.06,75,644569,卖盘
10:11:38,86.2,-0.03,41,353000,卖盘
10:11:41,86.2,0.0,6,48195,卖盘
10:11:44,86.2,0.0,33,284025,卖盘
10:11:47,86.2,0.0,17,143841,买盘
10:11:50,86.1,-0.1,7,60302,卖盘
10:11:56,86.1,0.0,38,330993,卖盘
10:11:59,86.05,-0.05,2,17210,卖盘
10:12:02,86.03,-0.02,47,404427,卖盘
10:12:05,86.1,0.07,336,2890052,买盘
10:12:08,86.0,-0.1,195,1677304,卖盘
10:12:11,86.0,0.0,52,444190,买盘
10:12:14,86.0,0.0,15,127958,买盘
10:12:17,86.0,0.0,48,416233,卖盘
10:12:20,86.03,0.03,77,662792,买盘
10:12:23,86.0,-0.03,51,439374,卖盘
10:12:26,85.98,-0.02,9,77332,买盘
10:12:29,86.0,0.02,23,194693,买盘
10:12:32,85.86,-0.14,91,783569,卖盘
10:12:35,86.0,0.14,57,493351,买盘
10:12:38,85.86,-0.14,45,389778,卖盘
10:12:41,85.95,0.09,6,47531,中性盘
10:12:47,85.95,0.0,6,55524,卖盘
10:12:50,85.8,-0.15,27,232758,卖盘
10:12:53,85.88,0.08,2,17176,买盘
10:12:56,85.8,-0.08,6,53882,卖盘
10:12:59,85.75,-0.05,33,283207,卖盘
10:13:02,85.7,-0.05,13,114285,卖盘
10:13:05,85.75,0.05,17,145717,买盘
10:13:08,85.7,-0.05,18,156848,中性盘
10:13:11,85.7,0.0,23,200413,买盘
10:13:14,85.8,0.1,81,691418,买盘
10:13:17,85.7,-0.1,59,502823,卖盘
10:13:20,85.68,-0.02,19,160003,卖盘
10:13:23,85.67,-0.01,18,154880,卖盘
10:13:26,85.67,0.0,68,585355,卖盘
10:13:29,85.85,0.18,4,34304,买盘
10:13:32,85.7,-0.15,116,997120,卖盘
10:13:38,85.7,0.0,73,627116,卖盘
10:13:41,86.0,0.3,3,25456,买盘
10:13:44,85.97,-0.03,24,204093,卖盘
10:13:47,86.0,0.03,66,567600,买盘
10:13:50,86.0,0.0,2,17200,买盘
10:13:53,86.0,0.0,1,9890,买盘
10:13:56,86.01,0.01,22,189202,买盘
10:13:59,86.0,-0.01,2,17200,卖盘
10:14:02,86.0,0.0,37,314772,卖盘
10:14:05,86.0,0.0,2,20298,卖盘
10:14:08,86.01,0.01,12,103220,卖盘
10:14:20,86.1,0.09,10,86063,买盘
10:14:26,86.05,-0.05,5,43025,卖盘
10:14:29,86.05,0.0,4,34420,卖盘
10:14:32,86.05,0.0,102,877706,卖盘
10:14:35,86.1,0.05,3,21869,买盘
10:14:38,86.1,0.0,16,137768,卖盘
10:14:44,86.12,0.02,2,17224,卖盘
10:14:47,86.5,0.38,12,103500,买盘
10:14:50,86.5,0.0,26,223633,买盘
10:14:53,86.5,0.0,6,51727,买盘
10:14:59,86.19,-0.31,3,24997,卖盘
10:15:02,86.5,0.31,12,103800,买盘
10:15:11,86.5,0.0,3,25932,买盘
10:15:17,86.5,0.0,6,51900,买盘
10:15:23,86.51,0.01,5,43255,中性盘
10:15:26,86.5,-0.01,12,104182,卖盘
10:15:35,86.5,0.0,35,300877,卖盘
10:15:38,86.5,0.0,2,17300,买盘
10:15:41,86.5,0.0,2,17300,买盘
10:15:44,86.44,-0.06,6,51876,卖盘
10:15:47,86.5,0.06,5,43250,买盘
10:15:50,86.44,-0.06,6,54198,卖盘
10:15:53,86.21,-0.23,11,90844,卖盘
10:15:59,86.8,0.59,3,23847,买盘
10:16:02,86.21,-0.59,5,38980,卖盘
10:16:05,86.5,0.29,2,17300,卖盘
10:16:11,86.44,-0.06,2,17294,卖盘
10:16:14,86.5,0.06,9,77910,中性盘
10:16:17,86.44,-0.06,14,121293,卖盘
10:16:20,86.8,0.36,20,176986,买盘
10:16:23,86.5,-0.3,14,119038,卖盘
10:16:26,86.21,-0.29,9,81890,卖盘
10:16:32,86.22,0.01,2,17244,卖盘
10:16:35,86.22,0.0,2,17761,卖盘
10:16:38,86.3,0.08,4,34520,卖盘
10:16:41,86.22,-0.08,7,63113,卖盘
10:16:44,86.42,0.2,12,103704,买盘
10:16:50,86.42,0.0,32,278272,卖盘
10:16:53,86.42,0.0,64,552055,卖盘
10:16:56,86.42,0.0,9,75309,卖盘
10:16:59,86.42,0.0,47,406312,卖盘
10:17:02,86.45,0.03,2,17290,卖盘
10:17:05,86.48,0.03,10,83444,中性盘
10:17:08,86.43,-0.05,5,43215,中性盘
10:17:11,86.45,0.02,43,371000,买盘
10:17:14,86.43,-0.02,54,468045,卖盘
10:17:17,86.43,0.0,28,246390,卖盘
10:17:20,86.49,0.06,3,25947,卖盘
10:17:23,86.49,0.0,8,67549,卖盘
10:17:29,86.48,-0.01,9,74201,卖盘
10:17:32,86.49,0.01,10,84241,买盘
10:17:44,86.49,0.0,7,58204,买盘
10:17:47,86.48,-0.01,10,86480,卖盘
10:17:50,86.49,0.01,22,190278,买盘
10:17:53,86.48,-0.01,28,243874,卖盘
10:17:56,86.49,0.01,2,17298,买盘
10:17:59,86.49,0.0,32,278211,买盘
10:18:05,86.49,0.0,37,317147,买盘
10:18:11,86.49,0.0,18,157058,买盘
10:18:14,86.49,0.0,2,17298,买盘
10:18:17,86.49,0.0,10,88731,买盘
10:18:26,86.49,0.0,3,25947,买盘
10:18:29,86.49,0.0,5,43245,卖盘
10:18:41,86.49,0.0,5,41777,卖盘
10:18:44,86.5,0.01,14,121706,买盘
10:18:53,86.48,-0.02,12,103776,卖盘
10:18:56,86.48,0.0,6,55606,卖盘
10:18:59,86.48,0.0,2,13578,卖盘
10:19:02,86.42,-0.06,4,34578,卖盘
10:19:05,86.48,0.06,14,119419,买盘
10:19:11,86.42,-0.06,9,80975,卖盘
10:19:20,86.1,-0.32,162,1396176,卖盘
10:19:23,86.06,-0.04,3,25818,卖盘
10:19:26,86.06,0.0,3,23323,卖盘
10:19:29,86.06,0.0,2,17212,卖盘
10:19:32,86.06,0.0,2,17986,卖盘
10:19:35,86.06,0.0,5,43030,卖盘
10:19:38,86.06,0.0,22,189246,卖盘
10:19:41,86.06,0.0,15,126939,卖盘
10:19:44,86.01,-0.05,26,227280,卖盘
10:19:50,86.0,-0.01,3,25801,卖盘
10:19:53,86.0,0.0,17,150414,卖盘
10:19:56,85.97,-0.03,13,115715,卖盘
10:19:59,86.0,0.03,16,136546,买盘
10:20:02,85.7,-0.3,4,36296,卖盘
10:20:08,85.6,-0.1,7,61271,卖盘
10:20:11,85.6,0.0,4,36038,卖盘
10:20:17,85.6,0.0,25,217424,卖盘
10:20:20,85.6,0.0,3,22427,买盘
10:20:23,85.6,0.0,3,25680,买盘
10:20:26,85.54,-0.06,13,106955,卖盘
10:20:29,85.58,0.04,5,43817,买盘
10:20:32,85.5,-0.08,54,462835,卖盘
10:20:38,85.5,0.0,7,58849,卖盘
10:20:41,85.5,0.0,6,48479,卖盘
10:20:44,85.5,0.0,9,76950,卖盘
10:20:47,85.53,0.03,10,85515,买盘
10:20:50,85.5,-0.03,20,171091,卖盘
10:20:53,85.53,0.03,70,596546,买盘
10:20:56,85.5,-0.03,20,168635,卖盘
10:20:59,85.5,0.0,53,449730,卖盘
10:21:02,85.53,0.03,32,269245,买盘
10:21:05,85.5,-0.03,5,42750,买盘
10:21:11,85.5,0.0,33,284282,买盘
10:21:14,85.5,0.0,108,920266,卖盘
10:21:17,85.0,-0.5,7,60770,卖盘
10:21:20,85.53,0.53,88,744322,买盘
10:21:26,85.0,-0.53,39,327307,卖盘
10:21:29,85.0,0.0,3,21250,卖盘
10:21:32,85.0,0.0,7,55420,卖盘
10:21:35,85.03,0.03,4,34012,买盘
10:21:38,85.0,-0.03,36,304086,卖盘
10:21:41,85.0,0.0,18,154275,卖盘
10:21:44,85.0,0.0,31,263519,卖盘
10:21:47,85.0,0.0,53,450676,卖盘
10:21:50,85.0,0.0,51,433075,卖盘
10:21:53,85.0,0.0,14,120785,买盘
10:21:56,84.92,-0.08,27,225392,卖盘
10:22:02,84.9,-0.02,19,161064,买盘
10:22:05,84.68,-0.22,8,67744,卖盘
10:22:08,84.66,-0.02,8,70183,卖盘
10:22:11,84.53,-0.13,32,271404,卖盘
10:22:14,84.6,0.07,6,50741,买盘
10:22:17,84.51,-0.09,6,50706,卖盘
10:22:23,84.12,-0.39,19,156130,卖盘
10:22:26,84.12,0.0,21,176096,卖盘
10:22:29,84.02,-0.1,17,141640,卖盘
10:22:32,84.0,-0.02,172,1441955,卖盘
10:22:35,84.0,0.0,64,534828,买盘
10:22:38,83.96,-0.04,254,2131213,卖盘
10:22:41,83.98,0.02,275,2312655,买盘
10:22:44,84.03,0.05,25,207580,买盘
10:22:47,83.77,-0.26,62,515591,卖盘
10:22:50,83.77,0.0,2,16754,买盘
10:22:53,83.66,-0.11,14,118094,中性盘
10:22:56,83.62,-0.04,3,25674,卖盘
10:22:59,83.62,0.0,13,112001,卖盘
10:23:02,83.62,0.0,15,128102,卖盘
10:23:05,83.62,0.0,30,250860,买盘
10:23:08,83.58,-0.04,43,357375,卖盘
10:23:11,83.62,0.04,91,760563,买盘
10:23:14,83.61,-0.01,74,616957,卖盘
10:23:17,83.5,-0.11,121,1010437,卖盘
10:23:20,83.6,0.1,25,208860,中性盘
10:23:23,83.5,-0.1,73,612186,卖盘
10:23:26,83.5,0.0,44,370265,卖盘
10:23:29,83.6,0.1,41,342560,买盘
10:23:32,83.51,-0.09,38,317310,卖盘
10:23:35,83.6,0.09,14,117022,卖盘
10:23:38,83.61,0.01,51,428381,买盘
10:23:41,83.61,0.0,5,41805,买盘
10:23:44,83.6,-0.01,21,174140,卖盘
10:23:47,83.61,0.01,10,85743,买盘
10:23:50,83.6,-0.01,14,118549,中性盘
10:23:53,83.5,-0.1,53,442939,卖盘
10:23:56,83.6,0.1,24,201357,买盘
10:23:59,83.5,-0.1,133,1108498,卖盘
10:24:02,83.5,0.0,4,31146,卖盘
10:24:05,83.55,0.05,35,296448,卖盘
10:24:08,83.62,0.07,9,76676,买盘
10:24:11,83.55,-0.07,3,27404,卖盘
10:24:14,83.67,0.12,66,552734,买盘
10:24:17,83.67,0.0,14,115901,卖盘
10:24:20,83.63,-0.04,1,8363,中性盘
10:24:23,83.77,0.14,15,122437,买盘
10:24:26,83.77,0.0,12,98925,买盘
10:24:29,83.7,-0.07,29,238828,卖盘
10:24:32,83.77,0.07,10,84021,卖盘
10:24:35,83.66,-0.11,2,16732,买盘
10:24:38,83.64,-0.02,22,184056,卖盘
10:24:41,83.66,0.02,8,66112,卖盘
10:24:44,83.6,-0.06,104,865693,卖盘
10:24:47,83.6,0.0,11,88030,买盘
10:24:50,83.6,0.0,9,75215,买盘
10:24:53,83.63,0.03,18,147423,买盘
10:24:56,83.6,-0.03,18,150992,卖盘
10:24:59,83.6,0.0,10,80757,买盘
10:25:05,83.71,0.11,17,145418,卖盘
10:25:08,83.71,0.0,39,326290,卖盘
10:25:14,83.71,0.0,20,165404,买盘
10:25:20,83.71,0.0,20,167420,卖盘
10:25:23,83.73,0.02,19,160487,买盘
10:25:26,83.73,0.0,21,178512,卖盘
10:25:29,83.74,0.01,15,125610,买盘
10:25:32,83.76,0.02,8,66990,买盘
10:25:38,83.77,0.01,23,189222,买盘
10:25:41,83.79,0.02,5,43812,买盘
10:25:44,83.76,-0.03,17,139879,卖盘
10:25:47,83.8,0.04,9,78009,买盘
10:25:53,83.81,0.01,4,34697,买盘
10:25:56,83.8,-0.01,6,50873,卖盘
10:25:59,83.79,-0.01,65,546173,卖盘
10:26:02,83.81,0.02,24,202112,买盘
10:26:11,83.91,0.1,7,58737,买盘
10:26:14,83.91,0.0,0,3105,买盘
10:26:17,83.91,0.0,5,38766,卖盘
10:26:20,84.0,0.09,69,581346,买盘
10:26:23,84.0,0.0,27,226800,买盘
10:26:26,84.0,0.0,8,64761,买盘
10:26:32,84.5,0.5,13,112807,买盘
10:26:38,84.46,-0.04,2,16892,买盘
10:26:41,84.8,0.34,73,616155,买盘
10:26:44,84.8,0.0,6,54865,卖盘
10:26:47,84.84,0.04,4,38108,中性盘
10:26:50,84.85,0.01,9,75721,中性盘
10:26:53,84.9,0.05,3,21989,买盘
10:26:59,85.0,0.1,31,265618,买盘
10:27:02,84.9,-0.1,43,364441,卖盘
10:27:08,85.18,0.28,30,255540,买盘
10:27:11,85.18,0.0,15,127770,卖盘
10:27:20,85.48,0.3,2,17096,买盘
10:27:23,85.48,0.0,5,42740,卖盘
10:27:26,85.5,0.02,18,153894,买盘
10:27:29,85.5,0.0,5,41979,买盘
10:27:32,85.49,-0.01,7,59848,卖盘
10:27:35,85.5,0.01,10,84553,买盘
10:27:38,85.48,-0.02,71,605626,卖盘
10:27:44,85.41,-0.07,4,34164,买盘
10:27:47,85.18,-0.23,5,42164,卖盘
10:27:50,85.41,0.23,32,269979,买盘
10:27:53,85.41,0.0,23,194247,买盘
10:27:59,85.44,0.03,10,85440,卖盘
10:28:02,85.46,0.02,2,17690,买盘
10:28:08,85.46,0.0,26,224587,买盘
10:28:11,85.46,0.0,6,51276,卖盘
10:28:14,85.47,0.01,2,17094,买盘
10:28:17,85.47,0.0,39,333299,买盘
10:28:20,85.47,0.0,2,17094,买盘
10:28:23,85.5,0.03,169,1445923,买盘
10:28:26,85.5,0.0,2,17100,卖盘
10:28:35,85.5,0.0,5,39330,卖盘
10:28:38,85.5,0.0,0,2907,卖盘
10:28:41,85.44,-0.06,54,461693,卖盘
10:28:47,85.53,0.09,5,42252,买盘
10:28:50,85.5,-0.03,7,59850,卖盘
10:28:53,85.53,0.03,27,226740,买盘
10:29:02,85.53,0.0,4,33784,卖盘
10:29:05,85.53,0.0,4,30620,买盘
10:29:14,85.51,-0.02,23,196560,买盘
10:29:17,85.5,-0.01,2,17100,中性盘
10:29:23,85.5,0.0,5,42750,卖盘
10:29:26,85.5,0.0,7,56858,卖盘
10:29:32,85.51,0.01,47,397986,买盘
10:29:38,85.45,-0.06,2,17090,卖盘
10:29:44,85.46,0.01,10,85460,卖盘
10:29:47,85.45,-0.01,2,17090,卖盘
10:29:50,85.45,0.0,2,20251,卖盘
10:29:56,85.44,-0.01,20,170880,卖盘
10:29:59,85.44,0.0,13,112952,卖盘
10:30:02,85.45,0.01,4,34178,买盘
10:30:05,85.45,0.0,4,34178,买盘
10:30:08,85.44,-0.01,5,42720,卖盘
10:30:11,85.45,0.01,16,140211,买盘
10:30:14,85.44,-0.01,3,25632,卖盘
10:30:17,85.41,-0.03,3,27416,卖盘
10:30:20,85.41,0.0,2,17082,卖盘
10:30:23,85.44,0.03,48,407042,买盘
10:30:32,85.43,-0.01,33,277681,买盘
10:30:38,85.12,-0.31,2,17024,卖盘
10:30:41,85.39,0.27,3,25617,买盘
10:30:47,85.12,-0.27,2,17024,卖盘
10:30:50,85.12,0.0,2,17024,卖盘
10:30:53,85.12,0.0,7,59584,卖盘
10:30:59,85.15,0.03,5,40021,卖盘
10:31:02,84.9,-0.25,10,86786,卖盘
10:31:14,84.9,0.0,9,78193,卖盘
10:31:23,84.57,-0.33,2,19711,卖盘
10:31:26,84.89,0.32,6,52542,买盘
10:31:32,84.6,-0.29,2,16920,卖盘
10:31:35,84.6,0.0,16,133753,卖盘
10:31:38,84.71,0.11,14,120690,买盘
10:31:41,84.6,-0.11,30,255407,卖盘
10:31:47,84.52,-0.08,9,79075,卖盘
10:31:50,84.59,0.07,2,16918,买盘
10:31:53,84.51,-0.08,20,166241,卖盘
10:31:56,84.0,-0.51,17,139225,卖盘
10:32:02,84.0,0.0,27,225372,卖盘
10:32:05,83.94,-0.06,4,33576,卖盘
10:32:08,83.94,0.0,10,85787,卖盘
10:32:11,83.95,0.01,2,16790,中性盘
10:32:14,83.95,0.0,26,218250,卖盘
10:32:17,84.0,0.05,10,80052,买盘
10:32:20,83.95,-0.05,36,306303,卖盘
10:32:23,83.88,-0.07,4,34902,卖盘
10:32:29,83.88,0.0,5,44381,卖盘
10:32:32,83.88,0.0,9,77924,卖盘
10:32:35,83.87,-0.01,16,138146,卖盘
10:32:38,83.87,0.0,11,92010,卖盘
10:32:41,83.77,-0.1,81,682034,卖盘
10:32:47,83.78,0.01,6,50266,中性盘
10:32:50,83.78,0.0,5,41890,买盘
10:32:53,83.77,-0.01,5,44314,卖盘
10:32:56,83.76,-0.01,3,23286,卖盘
10:32:59,83.74,-0.02,9,77304,卖盘
10:33:08,83.74,0.0,46,385526,卖盘
10:33:11,83.73,-0.01,1,4940,卖盘
10:33:14,83.68,-0.05,3,26276,卖盘
10:33:20,83.74,0.06,55,456566,买盘
10:33:23,83.73,-0.01,18,150689,中性盘
10:33:26,83.68,-0.05,5,41840,中性盘
10:33:29,83.63,-0.05,22,184578,卖盘
10:33:35,83.71,0.08,8,67805,中性盘
10:33:38,83.71,0.0,25,209777,卖盘
10:33:41,83.68,-0.03,15,122292,卖盘
10:33:44,83.73,0.05,29,242918,买盘
10:33:47,83.73,0.0,14,116390,卖盘
10:33:50,83.74,0.01,3,25122,买盘
10:33:56,83.73,-0.01,40,333104,卖盘
10:33:59,83.74,0.01,8,69588,卖盘
10:34:02,83.76,0.02,2,17840,买盘
10:34:05,83.73,-0.03,10,83737,卖盘
10:34:08,83.75,0.02,14,113565,买盘
10:34:11,83.75,0.0,2,16750,买盘
10:34:14,83.74,-0.01,16,134078,卖盘
10:34:20,83.74,0.0,8,68248,买盘
10:34:23,83.74,0.0,2,16999,买盘
10:34:26,83.73,-0.01,42,350255,卖盘
10:34:29,83.76,0.03,20,167476,买盘
10:34:32,83.74,-0.02,7,61716,买盘
10:34:35,83.74,0.0,3,25122,卖盘
10:34:38,83.77,0.03,19,157471,买盘
10:34:41,83.77,0.0,6,48249,买盘
10:34:44,83.77,0.0,9,77152,卖盘
10:34:50,83.8,0.03,6,49693,买盘
10:34:53,83.8,0.0,5,37710,卖盘
10:34:56,83.87,0.07,26,218230,买盘
10:34:59,83.87,0.0,9,74637,买盘
10:35:02,83.95,0.08,28,235115,买盘
10:35:14,83.95,0.0,9,79413,买盘
10:35:17,83.94,-0.01,7,55988,买盘
10:35:23,83.88,-0.06,5,41857,卖盘
10:35:26,83.94,0.06,2,16788,买盘
10:35:38,83.9,-0.04,7,58728,中性盘
10:35:41,83.91,0.01,21,172994,买盘
10:35:44,83.91,0.0,3,27606,卖盘
10:35:47,83.95,0.04,28,235022,买盘
10:35:50,83.95,0.0,10,85125,买盘
10:35:53,83.94,-0.01,6,48773,中性盘
10:35:56,84.0,0.06,2,16800,买盘
10:35:59,84.0,0.0,2,16800,买盘
10:36:02,84.0,0.0,10,83995,买盘
10:36:11,84.0,0.0,4,33600,买盘
10:36:14,84.0,0.0,15,123685,买盘
10:36:23,84.05,0.05,2,16810,中性盘
10:36:26,84.01,-0.04,2,16802,中性盘
10:36:29,84.0,-0.01,4,33516,卖盘
10:36:38,84.0,0.0,2,16800,卖盘
10:36:47,84.0,0.0,1,8400,卖盘
10:36:50,84.5,0.5,24,201700,买盘
10:36:59,84.49,-0.01,5,42240,买盘
10:37:05,84.01,-0.48,13,109333,卖盘
10:37:08,84.47,0.46,5,42404,买盘
10:37:14,84.49,0.02,49,410398,买盘
10:37:20,84.48,-0.01,1,8363,买盘
10:37:23,84.48,0.0,35,297758,卖盘
10:37:26,84.48,0.0,1,4309,卖盘
10:37:29,84.43,-0.05,12,100640,买盘
10:37:38,84.42,-0.01,10,85096,买盘
10:37:41,84.42,0.0,4,30897,卖盘
10:37:44,84.42,0.0,4,30560,卖盘
10:37:47,84.42,0.0,4,33768,卖盘
10:37:53,84.42,0.0,3,25326,卖盘
10:37:56,84.42,0.0,8,65426,卖盘
10:37:59,84.35,-0.07,2,16870,卖盘
10:38:08,84.35,0.0,7,59045,卖盘
10:38:11,84.42,0.07,6,50647,买盘
10:38:14,84.36,-0.06,4,33744,卖盘
10:38:23,84.42,0.06,5,38493,买盘
10:38:26,84.42,0.0,3,27774,买盘
10:38:32,84.42,0.0,9,78424,买盘
10:38:35,84.41,-0.01,5,42205,卖盘
10:38:38,84.43,0.02,19,159041,买盘
10:38:41,84.41,-0.02,16,137082,买盘
10:38:44,84.41,0.0,4,34950,卖盘
10:38:47,84.41,0.0,16,132471,卖盘
10:38:50,84.41,0.0,2,17726,卖盘
10:38:53,84.41,0.0,4,32667,买盘
10:39:02,84.35,-0.06,1,6579,卖盘
10:39:05,84.35,0.0,3,24461,买盘
10:39:08,84.28,-0.07,7,58996,卖盘
10:39:11,84.3,0.02,12,98701,买盘
10:39:17,84.28,-0.02,4,33712,中性盘
10:39:20,84.1,-0.18,3,28788,卖盘
10:39:23,84.1,0.0,2,16820,买盘
10:39:26,84.05,-0.05,9,72374,卖盘
10:39:29,84.0,-0.05,50,420010,卖盘
10:39:35,84.02,0.02,2,16804,卖盘
10:39:38,84.01,-0.01,9,79145,卖盘
10:39:41,84.02,0.01,4,33606,买盘
10:39:44,84.0,-0.02,5,42000,卖盘
10:39:47,84.02,0.02,20,165167,买盘
10:39:50,84.0,-0.02,9,78036,卖盘
10:39:53,84.01,0.01,3,25875,买盘
10:39:56,84.0,-0.01,19,162626,卖盘
10:39:59,84.01,0.01,13,106268,卖盘
10:40:02,83.98,-0.03,7,55007,卖盘
10:40:11,83.98,0.0,4,31156,卖盘
10:40:14,83.98,0.0,2,19568,卖盘
10:40:17,84.0,0.02,7,58289,买盘
10:40:23,84.0,0.0,12,100782,买盘
10:40:26,83.98,-0.02,4,33596,卖盘
10:40:29,83.98,0.0,6,52912,卖盘
10:40:35,84.0,0.02,7,55512,买盘
10:40:38,83.94,-0.06,12,102418,卖盘
10:40:41,83.94,0.0,17,139680,卖盘
10:40:47,83.94,0.0,2,18467,卖盘
10:40:50,83.99,0.05,2,17217,买盘
10:40:53,83.94,-0.05,1,8394,卖盘
10:41:08,83.99,0.05,7,55847,买盘
10:41:11,83.99,0.0,11,94321,卖盘
10:41:14,84.0,0.01,26,218542,买盘
10:41:23,84.0,0.0,8,67452,买盘
10:41:32,84.01,0.01,14,120471,买盘
10:41:41,84.0,-0.01,5,42000,卖盘
10:41:47,83.97,-0.03,102,858434,卖盘
10:41:59,83.97,0.0,8,69359,卖盘
10:42:02,83.97,0.0,2,16794,卖盘
10:42:05,83.97,0.0,10,83970,卖盘
10:42:11,83.93,-0.04,12,97656,卖盘
10:42:14,83.93,0.0,6,52131,卖盘
10:42:17,83.94,0.01,6,50448,中性盘
10:42:23,83.91,-0.03,36,299870,卖盘
10:42:26,83.9,-0.01,2,16780,卖盘
10:42:29,83.89,-0.01,2,16778,卖盘
10:42:32,83.89,0.0,3,22566,卖盘
10:42:35,83.91,0.02,7,54959,买盘
10:42:38,83.85,-0.06,11,93530,卖盘
10:42:41,83.85,0.0,13,106906,买盘
10:42:44,83.81,-0.04,31,259551,卖盘
10:42:50,83.81,0.0,14,121273,买盘
10:42:56,83.8,-0.01,3,21285,卖盘
10:42:59,83.71,-0.09,45,375032,卖盘
10:43:02,83.85,0.14,24,198497,买盘
10:43:11,83.85,0.0,2,16938,买盘
10:43:14,83.84,-0.01,2,16768,买盘
10:43:26,83.83,-0.01,5,41996,买盘
10:43:29,83.82,-0.01,8,64043,卖盘
10:43:35,83.83,0.01,7,60860,买盘
10:43:41,83.83,0.0,3,25569,卖盘
10:43:44,83.82,-0.01,40,336976,卖盘
10:43:47,83.84,0.02,2,16768,买盘
10:43:56,83.83,-0.01,8,65225,卖盘
10:43:59,83.83,0.0,5,39987,卖盘
10:44:02,83.84,0.01,5,41333,买盘
10:44:05,83.85,0.01,46,384653,买盘
10:44:08,83.85,0.0,9,76555,买盘
10:44:17,83.93,0.08,2,16786,买盘
10:44:26,83.86,-0.07,17,144073,中性盘
10:44:29,83.99,0.13,13,110939,买盘
10:44:35,84.0,0.01,24,204278,买盘
10:44:38,84.0,0.0,29,240156,买盘
10:44:41,83.97,-0.03,5,44007,卖盘
10:44:44,84.0,0.03,17,142714,买盘
10:44:50,83.94,-0.06,3,22915,中性盘
10:44:53,83.94,0.0,2,16788,买盘
10:44:56,83.94,0.0,2,16788,买盘
10:45:08,83.94,0.0,3,26358,买盘
10:45:11,83.94,0.0,6,47761,买盘
10:45:14,83.93,-0.01,2,16786,中性盘
10:45:17,83.94,0.01,17,142271,买盘
10:45:20,83.94,0.0,2,16788,买盘
10:45:23,83.94,0.0,2,16956,买盘
10:45:26,83.93,-0.01,7,58838,卖盘
10:45:29,83.94,0.01,6,50364,买盘
10:45:32,83.94,0.0,2,16788,买盘
10:45:35,83.94,0.0,5,40795,买盘
10:45:44,84.0,0.06,13,106593,买盘
10:45:47,83.99,-0.01,2,16798,卖盘
10:45:53,84.0,0.01,20,168000,买盘
10:45:56,83.99,-0.01,7,60394,中性盘
10:45:59,83.94,-0.05,5,40309,卖盘
10:46:05,83.94,0.0,1,10912,买盘
10:46:08,83.93,-0.01,2,16787,卖盘
10:46:17,83.98,0.05,54,453084,中性盘
10:46:20,83.96,-0.02,2,16792,中性盘
10:46:23,83.94,-0.02,8,67991,卖盘
10:46:29,83.86,-0.08,2,14592,卖盘
10:46:32,83.85,-0.01,6,51651,卖盘
10:46:41,83.9,0.05,9,75578,买盘
10:46:44,83.91,0.01,4,34235,买盘
10:46:47,83.93,0.02,15,122852,买盘
10:46:50,83.93,0.0,2,16786,买盘
10:46:59,83.9,-0.03,2,16780,卖盘
10:47:02,83.93,0.03,5,41965,买盘
10:47:11,83.91,-0.02,3,21901,卖盘
10:47:14,83.92,0.01,4,31133,买盘
10:47:23,83.93,0.01,6,47333,买盘
10:47:26,83.93,0.0,2,19808,卖盘
10:47:29,83.92,-0.01,0,2937,卖盘
10:47:32,83.91,-0.01,2,16782,卖盘
10:47:44,83.91,0.0,2,16782,卖盘
10:48:05,83.92,0.01,6,47415,买盘
10:48:11,83.93,0.01,2,13764,买盘
10:48:14,83.93,0.0,7,58751,卖盘
10:48:20,83.93,0.0,8,67744,卖盘
10:48:23,83.9,-0.03,30,251714,卖盘
10:48:26,83.93,0.03,4,32985,买盘
10:48:38,83.98,0.05,6,50384,买盘
10:48:41,83.99,0.01,8,65899,买盘
10:48:47,83.99,0.0,1,9070,买盘
10:48:53,84.01,0.02,22,184814,买盘
10:49:05,84.0,-0.01,2,16800,买盘
10:49:11,84.02,0.02,16,135268,买盘
10:49:20,84.02,0.0,23,190978,买盘
10:49:23,84.02,0.0,2,16804,买盘
10:49:26,84.01,-0.01,6,52338,卖盘
10:49:29,84.01,0.0,2,16634,卖盘
10:49:32,84.02,0.01,20,167110,买盘
10:49:35,84.02,0.0,2,19745,买盘
10:49:38,84.02,0.0,16,133081,买盘
10:49:41,84.02,0.0,2,16804,买盘
10:49:44,84.02,0.0,5,42010,买盘
10:49:50,83.99,-0.03,2,16798,卖盘
10:50:08,84.0,0.01,2,16800,买盘
10:50:11,84.0,0.0,1,4620,卖盘
10:50:32,83.99,-0.01,12,101880,卖盘
10:50:35,83.99,0.0,1,12179,卖盘
10:50:41,84.0,0.01,8,71228,买盘
10:50:44,83.99,-0.01,2,16798,卖盘
10:50:59,84.0,0.01,6,49560,买盘
10:51:02,83.99,-0.01,6,50902,卖盘
10:51:05,84.0,0.01,2,16800,买盘
10:51:08,83.99,-0.01,8,69040,卖盘
10:51:17,83.99,0.0,5,41995,买盘
10:51:29,83.99,0.0,7,56273,买盘
10:51:32,83.99,0.0,5,42415,卖盘
10:51:35,84.02,0.03,22,184822,买盘
10:51:53,84.0,-0.02,2,16800,卖盘
10:51:56,84.02,0.02,2,16804,买盘
10:51:59,84.0,-0.02,4,33600,买盘
10:52:02,84.02,0.02,12,104935,买盘
10:52:08,84.02,0.0,12,99312,买盘
10:52:14,84.02,0.0,12,103680,买盘
10:52:29,84.02,0.0,16,136617,买盘
10:52:32,84.02,0.0,8,67636,卖盘
10:52:41,84.02,0.0,2,16804,买盘
10:52:44,84.02,0.0,2,16720,买盘
10:52:53,84.02,0.0,2,16804,卖盘
10:52:56,84.02,0.0,4,33608,卖盘
10:52:59,84.02,0.0,2,16804,卖盘
10:53:02,84.04,0.02,5,44541,买盘
10:53:05,84.05,0.01,3,25215,买盘
10:53:08,84.05,0.0,3,22274,买盘
10:53:14,84.05,0.0,5,42025,买盘
10:53:17,84.05,0.0,1,6219,买盘
10:53:32,84.05,0.0,0,673,卖盘
10:53:35,84.1,0.05,12,101420,买盘
10:53:47,84.31,0.21,4,34226,买盘
10:53:50,84.49,0.18,22,185719,买盘
10:53:56,84.49,0.0,2,16898,买盘
10:53:59,84.51,0.02,12,103512,买盘
10:54:02,84.49,-0.02,2,16898,卖盘
10:54:05,84.52,0.03,14,118998,买盘
10:54:08,84.51,-0.01,3,28057,买盘
10:54:11,84.52,0.01,6,50712,买盘
10:54:14,84.52,0.0,33,276888,买盘
10:54:17,84.57,0.05,4,33828,卖盘
10:54:26,84.71,0.14,5,40237,买盘
10:54:35,84.71,0.0,5,42366,卖盘
10:54:38,84.86,0.15,4,33095,买盘
10:54:41,84.86,0.0,21,179012,买盘
10:54:44,84.87,0.01,4,37343,买盘
10:54:47,84.87,0.0,4,31996,买盘
10:54:50,84.87,0.0,13,110058,卖盘
10:54:53,84.99,0.12,3,27282,买盘
10:54:56,85.0,0.01,2,17000,买盘
10:54:59,85.0,0.0,8,68000,买盘
10:55:02,85.0,0.0,4,34000,买盘
10:55:05,85.0,0.0,18,152229,买盘
10:55:08,85.0,0.0,21,182155,买盘
10:55:14,85.15,0.15,21,182404,买盘
10:55:20,85.15,0.0,25,212875,买盘
10:55:23,85.15,0.0,2,17030,买盘
10:55:32,85.15,0.0,12,102170,买盘
10:55:35,85.14,-0.01,24,203745,买盘
10:55:38,85.15,0.01,12,97918,买盘
10:55:44,85.15,0.0,4,38060,买盘
10:55:50,85.15,0.0,19,158719,买盘
10:55:53,85.15,0.0,2,17967,卖盘
10:55:56,85.15,0.0,1,8515,卖盘
10:55:59,85.18,0.03,2,17036,买盘
10:56:05,85.31,0.13,2,17062,中性盘
10:56:08,85.2,-0.11,9,74294,卖盘
10:56:14,85.2,0.0,6,52058,卖盘
10:56:17,85.31,0.11,5,42643,买盘
10:56:20,85.3,-0.01,7,63623,中性盘
10:56:23,85.31,0.01,7,59712,买盘
10:56:32,85.3,-0.01,14,118491,卖盘
10:56:35,85.31,0.01,3,28151,买盘
10:56:38,85.31,0.0,2,17403,卖盘
10:56:41,85.32,0.01,2,17064,买盘
10:56:44,85.34,0.02,4,34136,买盘
10:56:47,85.35,0.01,12,101905,买盘
10:56:53,85.34,-0.01,6,51204,买盘
10:56:56,85.37,0.03,19,163195,买盘
10:56:59,85.37,0.0,6,51222,买盘
10:57:05,85.4,0.03,6,53799,买盘
10:57:11,85.5,0.1,10,85490,买盘
10:57:14,85.48,-0.02,3,25985,中性盘
10:57:20,85.48,0.0,2,18037,卖盘
10:57:23,85.5,0.02,2,17100,买盘
10:57:26,85.5,0.0,3,29155,买盘
10:57:29,85.52,0.02,9,78844,买盘
10:57:32,85.48,-0.04,10,85484,卖盘
10:57:41,85.52,0.04,2,19497,买盘
10:57:44,85.52,0.0,13,108688,买盘
10:57:47,85.52,0.0,5,45412,买盘
10:57:50,85.52,0.0,3,25656,买盘
10:57:53,85.52,0.0,2,17104,买盘
10:58:02,85.5,-0.02,8,69084,卖盘
10:58:05,85.52,0.02,13,113637,买盘
10:58:08,85.53,0.01,7,55761,买盘
10:58:14,85.48,-0.05,3,29492,卖盘
10:58:23,85.61,0.13,13,107348,买盘
10:58:26,85.7,0.09,10,85700,卖盘
10:58:29,85.7,0.0,2,17140,卖盘
10:58:35,85.79,0.09,3,25737,买盘
10:58:38,85.79,0.0,2,17158,买盘
10:58:41,85.79,0.0,11,95142,买盘
10:58:47,85.79,0.0,19,163001,买盘
10:58:50,85.8,0.01,16,141215,买盘
10:58:53,85.88,0.08,5,46365,买盘
10:58:59,86.0,0.12,20,168423,买盘
10:59:02,85.89,-0.11,3,21644,卖盘
10:59:05,86.0,0.11,5,45494,买盘
10:59:08,85.89,-0.11,5,39710,卖盘
10:59:11,86.0,0.11,18,156434,买盘
10:59:17,87.0,1.0,173,1498094,买盘
10:59:26,87.0,0.0,10,90476,买盘
10:59:29,87.0,0.0,167,1450464,买盘
10:59:35,87.0,0.0,2,17400,买盘
10:59:38,87.0,0.0,44,382191,买盘
10:59:41,87.0,0.0,142,1232525,买盘
10:59:44,87.02,0.02,7,60910,买盘
10:59:47,87.01,-0.01,4,34804,卖盘
10:59:50,87.5,0.49,37,325074,买盘
10:59:53,87.1,-0.4,4,34840,中性盘
10:59:56,87.5,0.4,7,57987,买盘
10:59:59,87.49,-0.01,2,17498,中性盘
11:00:02,87.59,0.1,7,65394,买盘
11:00:08,87.5,-0.09,20,175193,卖盘
11:00:11,87.5,0.0,4,35000,卖盘
11:00:14,87.6,0.1,13,116131,买盘
11:00:17,87.88,0.28,44,387994,买盘
11:00:23,87.87,-0.01,13,115077,买盘
11:00:29,87.48,-0.39,7,58437,中性盘
11:00:35,87.48,0.0,15,130850,买盘
11:00:44,87.48,0.0,13,117280,买盘
11:00:47,87.48,0.0,4,34992,卖盘
11:00:50,87.48,0.0,7,63248,卖盘
11:01:02,87.37,-0.11,6,49976,买盘
11:01:05,87.12,-0.25,4,30517,卖盘
11:01:08,87.11,-0.01,2,17073,卖盘
11:01:11,87.1,-0.01,5,40589,卖盘
11:01:14,87.01,-0.09,24,211273,卖盘
11:01:17,87.01,0.0,17,150873,卖盘
11:01:20,87.0,-0.01,4,34800,卖盘
11:01:23,86.02,-0.98,3,25806,卖盘
11:01:26,86.02,0.0,7,60300,卖盘
11:01:29,86.0,-0.02,10,86005,卖盘
11:01:32,86.02,0.02,10,86020,买盘
11:01:35,86.02,0.0,3,25804,买盘
11:01:38,85.97,-0.05,23,201830,卖盘
11:01:41,85.97,0.0,4,34388,买盘
11:01:44,85.97,0.0,10,85970,买盘
11:01:47,85.97,0.0,18,150655,买盘
11:01:50,85.88,-0.09,2,17176,卖盘
11:01:56,85.97,0.09,14,116060,买盘
11:01:59,85.88,-0.09,2,17176,卖盘
11:02:02,86.0,0.12,4,34655,买盘
11:02:05,86.02,0.02,11,94536,买盘
11:02:08,86.02,0.0,5,43010,卖盘
11:02:11,86.02,0.0,3,25806,卖盘
11:02:14,86.02,0.0,16,137718,卖盘
11:02:20,86.02,0.0,4,35780,买盘
11:02:23,86.02,0.0,5,43010,买盘
11:02:26,86.02,0.0,18,156551,买盘
11:02:29,86.02,0.0,23,194492,买盘
11:02:32,86.0,-0.02,10,86014,卖盘
11:02:41,86.02,0.02,5,43010,卖盘
11:02:44,86.0,-0.02,20,170806,卖盘
11:02:47,86.0,0.0,67,575058,买盘
11:02:53,86.0,0.0,4,32336,买盘
11:02:59,85.88,-0.12,1,8588,卖盘
11:03:02,85.98,0.1,5,42990,中性盘
11:03:08,85.88,-0.1,2,17176,卖盘
11:03:11,85.98,0.1,7,60166,买盘
11:03:14,85.98,0.0,3,27428,买盘
11:03:20,85.88,-0.1,13,115680,卖盘
11:03:29,85.88,0.0,20,171760,买盘
11:03:32,85.88,0.0,1,4552,买盘
11:03:38,85.88,0.0,3,24562,卖盘
11:03:44,85.88,0.0,2,17176,买盘
11:03:50,85.88,0.0,4,34352,买盘
11:03:53,86.0,0.12,20,174618,买盘
11:04:08,86.0,0.0,3,24768,卖盘
11:04:26,86.02,0.02,2,17204,卖盘
11:04:38,86.02,0.0,7,62025,卖盘
11:04:41,86.02,0.0,4,34408,买盘
11:04:44,86.02,0.0,25,212555,买盘
11:04:53,86.0,-0.02,9,77400,卖盘
11:05:02,86.0,0.0,10,86000,卖盘
11:05:05,86.0,0.0,2,20038,卖盘
11:05:08,86.0,0.0,3,29928,卖盘
11:05:14,86.01,0.01,10,86003,买盘
11:05:17,86.0,-0.01,37,318200,买盘
11:05:23,85.89,-0.11,2,17178,卖盘
11:05:29,85.89,0.0,2,17178,卖盘
11:05:38,85.89,0.0,3,25767,卖盘
11:05:44,85.9,0.01,8,69064,卖盘
11:05:50,86.0,0.1,12,102690,买盘
11:06:41,85.89,-0.11,5,42945,卖盘
11:06:53,85.88,-0.01,2,18635,卖盘
11:07:17,85.71,-0.17,21,180046,卖盘
11:07:20,85.88,0.17,15,132943,买盘
11:07:23,85.7,-0.18,19,159753,卖盘
11:07:35,85.7,0.0,6,51420,买盘
11:07:44,85.5,-0.2,4,35221,卖盘
11:08:02,85.49,-0.01,50,427984,卖盘
11:08:05,85.5,0.01,24,202293,买盘
11:08:08,85.5,0.0,3,25650,买盘
11:08:11,85.4,-0.1,17,145328,卖盘
11:08:17,85.4,0.0,10,85400,买盘
11:08:20,85.4,0.0,5,38430,买盘
11:08:32,85.35,-0.05,8,69304,卖盘
11:08:35,85.35,0.0,2,17070,买盘
11:08:47,85.34,-0.01,10,86535,卖盘
11:08:50,85.34,0.0,10,81073,买盘
11:08:56,85.31,-0.03,2,17062,卖盘
11:09:05,85.27,-0.04,7,59007,卖盘
11:09:08,85.27,0.0,1,9209,买盘
11:09:11,85.29,0.02,5,42645,买盘
11:09:14,85.29,0.0,5,38381,买盘
11:09:20,85.29,0.0,6,51174,买盘
11:09:23,85.29,0.0,84,712427,买盘
11:09:26,85.29,0.0,16,138084,买盘
11:09:29,85.29,0.0,8,67038,买盘
11:09:32,85.29,0.0,55,464831,买盘
11:09:35,85.29,0.0,18,155484,买盘
11:09:38,85.28,-0.01,10,88269,卖盘
11:09:44,85.28,0.0,2,17056,买盘
11:09:47,85.4,0.12,146,1247311,买盘
11:09:50,85.88,0.48,37,317087,买盘
11:09:53,85.83,-0.05,4,36392,买盘
11:09:59,85.77,-0.06,4,34308,买盘
11:10:02,86.0,0.23,22,193093,买盘
11:10:05,86.02,0.02,6,51612,买盘
11:10:08,86.02,0.0,13,111826,买盘
11:10:11,87.0,0.98,63,549107,买盘
11:10:14,87.0,0.0,69,601866,买盘
11:10:17,87.2,0.2,4,34856,买盘
11:10:20,87.4,0.2,50,436274,买盘
11:10:26,87.87,0.47,177,1548740,买盘
11:10:29,88.0,0.13,66,580274,买盘
11:10:32,88.0,0.0,208,1832776,买盘
11:10:35,88.0,0.0,59,522456,买盘
11:10:38,88.0,0.0,35,310200,买盘
11:10:41,88.0,0.0,6,49366,买盘
11:10:44,88.0,0.0,26,231264,买盘
11:10:47,88.0,0.0,5,44002,卖盘
11:10:50,88.1,0.1,26,231660,买盘
11:10:53,88.01,-0.09,22,193602,中性盘
11:10:56,88.1,0.09,40,348180,买盘
11:10:59,88.19,0.09,2,17638,买盘
11:11:02,88.1,-0.09,13,112576,卖盘
11:11:05,88.2,0.1,5,44100,买盘
11:11:08,88.1,-0.1,21,182360,卖盘
11:11:11,88.1,0.0,2,17620,卖盘
11:11:14,88.1,0.0,2,17620,卖盘
11:11:17,88.1,0.0,14,126884,卖盘
11:11:20,88.1,0.0,10,88100,卖盘
11:11:23,88.0,-0.1,7,61600,卖盘
11:11:26,88.09,0.09,15,131998,买盘
11:11:41,87.55,-0.54,4,31431,卖盘
11:11:44,87.55,0.0,4,37208,卖盘
11:11:47,87.81,0.26,21,184238,买盘
11:11:50,87.81,0.0,6,52686,卖盘
11:11:53,87.9,0.09,2,17580,买盘
11:11:56,87.9,0.0,20,175728,买盘
11:11:59,87.81,-0.09,4,39164,卖盘
11:12:05,87.8,-0.01,2,17560,买盘
11:12:11,87.79,-0.01,7,58819,中性盘
11:12:17,87.51,-0.28,5,43755,卖盘
11:12:20,87.51,0.0,5,42355,买盘
11:12:32,87.5,-0.01,5,45937,买盘
11:12:44,87.2,-0.3,11,91793,卖盘
11:12:56,87.2,0.0,8,68046,卖盘
11:13:05,87.2,0.0,2,17440,买盘
11:13:08,87.5,0.3,20,174557,买盘
11:13:14,87.2,-0.3,2,17440,买盘
11:13:17,87.2,0.0,10,82728,买盘
11:13:20,87.49,0.29,15,128387,买盘
11:13:23,87.05,-0.44,55,482885,卖盘
11:13:26,87.5,0.45,16,140700,买盘
11:13:32,87.51,0.01,11,97661,买盘
11:13:35,87.6,0.09,0,3767,卖盘
11:13:47,87.5,-0.1,5,41125,买盘
11:13:50,87.5,0.0,2,17500,买盘
11:13:53,87.04,-0.46,10,87048,卖盘
11:13:56,87.05,0.01,15,130575,买盘
11:13:59,86.08,-0.97,44,380977,卖盘
11:14:05,86.08,0.0,12,100714,买盘
11:14:08,86.08,0.0,8,68850,买盘
11:14:14,86.08,0.0,10,86080,买盘
11:14:17,86.08,0.0,17,146336,买盘
11:14:20,86.08,0.0,18,154944,买盘
11:14:23,86.08,0.0,2,17216,买盘
11:14:26,86.08,0.0,45,386068,买盘
11:14:38,86.93,0.85,8,69542,买盘
11:14:47,86.89,-0.04,2,17378,中性盘
11:14:50,86.93,0.04,12,104285,买盘
11:14:53,86.93,0.0,3,24341,买盘
11:14:59,87.05,0.12,10,89661,买盘
11:15:02,87.05,0.0,11,98541,买盘
11:15:05,86.89,-0.16,7,60825,卖盘
11:15:14,86.85,-0.04,7,60795,买盘
11:15:26,86.83,-0.02,6,52443,买盘
11:15:35,86.85,0.02,4,34735,买盘
11:15:41,86.18,-0.67,7,60326,卖盘
11:15:47,86.89,0.71,10,86680,买盘
11:15:59,86.85,-0.04,7,60795,买盘
11:16:02,86.85,0.0,6,56018,买盘
11:16:08,86.19,-0.66,2,17238,卖盘
11:16:11,86.19,0.0,0,172,卖盘
11:16:17,86.19,0.0,7,58437,买盘
11:16:23,86.19,0.0,4,34466,买盘
11:16:26,86.19,0.0,3,27581,买盘
11:16:38,86.2,0.01,2,19740,卖盘
11:16:44,86.2,0.0,2,17240,卖盘
11:16:50,86.2,0.0,5,39824,卖盘
11:16:53,86.65,0.45,2,17330,买盘
11:16:56,86.66,0.01,5,40381,买盘
11:17:17,86.25,-0.41,5,43281,卖盘
11:17:20,86.25,0.0,4,34586,买盘
11:17:23,86.66,0.41,3,22185,卖盘
11:17:29,86.77,0.11,2,17354,买盘
11:17:41,86.89,0.12,10,86872,买盘
11:18:02,86.89,0.0,10,86870,买盘
11:18:08,86.89,0.0,10,83502,买盘
11:18:11,86.89,0.0,6,51786,买盘
11:18:20,86.68,-0.21,14,121404,卖盘
11:18:32,86.68,0.0,2,17336,买盘
11:18:41,86.66,-0.02,5,43330,卖盘
11:18:44,86.66,0.0,11,92466,卖盘
11:19:02,86.66,0.0,3,24525,买盘
11:19:08,86.68,0.02,6,52442,买盘
11:19:20,86.2,-0.48,30,258636,卖盘
11:19:32,86.2,0.0,1,8620,卖盘
11:19:38,86.23,0.03,22,191153,买盘
11:19:53,86.68,0.45,8,67090,买盘
11:19:59,86.32,-0.36,4,34528,卖盘
11:20:11,86.6,0.28,6,54471,买盘
11:20:38,86.6,0.0,10,84955,买盘
11:21:11,86.6,0.0,19,165926,买盘
11:21:14,86.8,0.2,20,173402,买盘
11:21:20,86.88,0.08,15,130239,买盘
11:21:32,86.6,-0.28,29,251323,卖盘
11:21:53,86.88,0.28,7,58905,买盘
11:21:59,86.6,-0.28,20,173200,卖盘
11:22:02,86.88,0.28,35,302899,买盘
11:22:08,86.6,-0.28,2,17320,卖盘
11:22:11,86.88,0.28,53,460460,买盘
11:22:17,86.88,0.0,6,55082,买盘
11:22:47,86.88,0.0,52,451776,买盘
11:23:02,86.89,0.01,7,60211,买盘
11:23:05,87.0,0.11,131,1139943,买盘
11:23:08,87.05,0.05,7,64155,买盘
11:23:11,87.05,0.0,18,155559,买盘
11:23:20,87.3,0.25,4,38674,买盘
11:23:26,87.3,0.0,1,4976,买盘
11:23:29,87.48,0.18,6,53975,买盘
11:23:38,87.48,0.0,14,120985,买盘
11:23:41,87.5,0.02,20,176225,买盘
11:23:47,87.5,0.0,21,183712,买盘
11:23:53,87.5,0.0,17,144890,买盘
11:23:56,87.48,-0.02,5,41115,卖盘
11:23:59,87.48,0.0,3,26244,买盘
11:24:14,87.0,-0.48,23,201514,卖盘
11:24:17,87.0,0.0,7,57676,买盘
11:24:29,87.0,0.0,3,26100,买盘
11:24:35,86.88,-0.12,14,124995,卖盘
11:24:50,86.68,-0.2,4,34674,卖盘
11:25:02,86.62,-0.06,9,77978,卖盘
11:25:08,86.62,0.0,8,69296,卖盘
11:25:11,86.62,0.0,0,260,卖盘
11:25:29,86.0,-0.62,108,931018,卖盘
11:25:32,86.08,0.08,7,59739,买盘
11:25:38,86.0,-0.08,6,55470,卖盘
11:25:53,86.0,0.0,2,17200,买盘
11:26:08,86.0,0.0,2,17200,买盘
11:26:23,85.75,-0.25,2,17150,卖盘
11:26:29,85.7,-0.05,12,99933,卖盘
11:26:47,85.7,0.0,0,2314,卖盘
11:26:50,85.66,-0.04,2,17132,卖盘
11:26:59,85.7,0.04,2,17140,买盘
11:27:08,85.7,0.0,2,14826,买盘
11:27:26,86.0,0.3,13,115064,买盘
11:27:29,86.0,0.0,13,111370,买盘
11:27:32,86.0,0.0,4,37066,买盘
11:27:47,86.08,0.08,3,25824,买盘
11:27:50,86.08,0.0,8,68864,买盘
11:27:56,86.08,0.0,7,64277,买盘
11:28:08,85.96,-0.12,2,17192,卖盘
11:28:14,86.08,0.12,8,72308,买盘
11:28:56,85.96,-0.12,4,35157,卖盘
11:29:17,85.92,-0.04,6,48545,买盘
11:29:23,85.91,-0.01,5,42955,卖盘
11:29:47,85.73,-0.18,8,68654,卖盘
11:29:50,85.92,0.19,11,91333,买盘
11:29:59,85.81,-0.11,2,17162,卖盘
13:00:02,86.08,0.27,134,1153472,买盘
13:00:05,85.72,-0.36,72,613940,卖盘
13:00:08,85.81,0.09,121,1034346,买盘
13:00:11,86.08,0.27,198,1703547,买盘
13:00:29,86.08,0.0,8,68864,卖盘
13:00:32,86.08,0.0,16,138468,卖盘
13:00:35,86.08,0.0,5,43040,卖盘
13:00:38,86.08,0.0,12,103296,卖盘
13:00:41,86.99,0.91,11,95411,买盘
13:00:44,86.99,0.0,6,55067,卖盘
13:00:47,86.99,0.0,5,39755,卖盘
13:01:08,86.09,-0.9,2,17218,卖盘
13:01:14,86.09,0.0,1,8609,买盘
13:01:32,87.0,0.91,47,405564,买盘
13:01:35,87.0,0.0,2,17400,卖盘
13:01:38,87.0,0.0,5,44631,卖盘
13:01:50,87.0,0.0,0,1131,卖盘
13:01:59,86.94,-0.06,5,43470,买盘
13:02:08,87.0,0.06,10,89784,买盘
13:02:11,87.0,0.0,13,110125,卖盘
13:02:14,87.17,0.17,2,17434,中性盘
13:02:20,87.23,0.06,32,278490,买盘
13:02:26,87.23,0.0,2,17446,买盘
13:02:41,87.0,-0.23,20,174000,卖盘
13:02:53,87.0,0.0,5,43500,卖盘
13:02:59,87.0,0.0,4,34800,卖盘
13:03:05,87.22,0.22,10,88003,买盘
13:03:08,87.23,0.01,29,251829,买盘
13:03:11,87.23,0.0,15,128228,卖盘
13:03:14,87.22,-0.01,17,148274,买盘
13:03:17,87.22,0.0,1,6977,买盘
13:03:23,87.23,0.01,19,165961,买盘
13:03:29,87.44,0.21,6,52464,买盘
13:03:32,87.23,-0.21,5,43615,卖盘
13:03:35,87.23,0.0,12,104886,卖盘
13:03:47,87.23,0.0,3,26169,卖盘
13:03:50,87.23,0.0,4,36985,卖盘
13:03:53,87.23,0.0,2,17446,买盘
13:03:56,87.39,0.16,7,61786,买盘
13:03:59,87.22,-0.17,5,44314,卖盘
13:04:05,87.22,0.0,2,16747,买盘
13:04:08,87.25,0.03,13,109144,买盘
13:04:17,87.23,-0.02,4,37769,买盘
13:04:23,87.22,-0.01,15,130150,卖盘
13:04:41,87.22,0.0,7,59310,买盘
13:04:47,87.22,0.0,63,546137,买盘
13:04:50,87.0,-0.22,6,51765,卖盘
13:05:02,87.0,0.0,7,63510,买盘
13:05:17,87.0,0.0,47,406369,买盘
13:05:20,87.0,0.0,2,17400,卖盘
13:05:29,87.0,0.0,16,137286,卖盘
13:05:38,86.99,-0.01,10,90644,中性盘
13:06:02,86.1,-0.89,3,25831,卖盘
13:06:05,86.95,0.85,5,43475,买盘
13:06:11,87.0,0.05,7,56540,买盘
13:06:32,86.99,-0.01,7,58892,买盘
13:06:47,86.99,0.0,37,324734,买盘
13:06:59,86.99,0.0,3,26097,买盘
13:07:08,86.94,-0.05,2,17388,买盘
13:07:29,86.99,0.05,6,55152,买盘
13:07:32,86.99,0.0,13,110562,买盘
13:07:38,86.99,0.0,4,33665,买盘
13:07:41,86.99,0.0,0,1131,卖盘
13:07:56,86.31,-0.68,0,2244,卖盘
13:08:08,86.36,0.05,2,17272,卖盘
13:08:14,86.97,0.61,2,17394,买盘
13:08:17,86.97,0.0,2,17394,买盘
13:08:20,87.0,0.03,50,434954,买盘
13:08:29,87.0,0.0,6,53236,买盘
13:08:41,87.0,0.0,36,314679,买盘
13:08:47,87.0,0.0,12,104400,卖盘
13:08:50,87.17,0.17,6,52238,买盘
13:08:53,87.17,0.0,4,34868,买盘
13:09:02,87.01,-0.16,5,43505,买盘
13:09:05,87.17,0.16,6,52302,买盘
13:09:17,87.15,-0.02,14,117682,卖盘
13:09:23,87.15,0.0,2,17692,买盘
13:09:29,87.01,-0.14,9,75182,卖盘
13:09:32,87.18,0.17,5,40623,买盘
13:09:41,87.2,0.02,46,397706,买盘
13:09:47,87.22,0.02,14,120958,买盘
13:09:53,87.23,0.01,6,56089,买盘
13:09:56,87.24,0.01,8,69354,买盘
13:09:59,87.2,-0.04,0,174,卖盘
13:10:02,87.24,0.04,7,56690,买盘
13:10:05,87.24,0.0,2,17448,买盘
13:10:17,87.24,0.0,2,17448,买盘
13:10:23,87.24,0.0,6,56357,买盘
13:10:26,87.24,0.0,6,51120,买盘
13:10:32,87.25,0.01,5,41267,买盘
13:10:38,87.39,0.14,6,55403,买盘
13:10:47,87.36,-0.03,6,48747,卖盘
13:11:02,87.36,0.0,4,38610,买盘
13:11:08,87.36,0.0,4,34944,买盘
13:11:17,87.33,-0.03,11,92764,中性盘
13:11:35,87.3,-0.03,2,17460,买盘
13:11:56,87.02,-0.28,2,17404,卖盘
13:11:59,87.19,0.17,2,17438,买盘
13:12:11,87.21,0.02,4,34884,中性盘
13:12:17,87.21,0.0,2,17442,卖盘
13:12:20,87.21,0.0,10,87231,卖盘
13:12:23,87.21,0.0,7,61047,卖盘
13:12:26,87.19,-0.02,2,17438,卖盘
13:12:29,87.21,0.02,2,18663,买盘
13:12:41,87.19,-0.02,11,100103,卖盘
13:12:47,87.19,0.0,5,43595,卖盘
13:12:59,87.21,0.02,6,55640,买盘
13:13:02,87.21,0.0,2,17442,卖盘
13:13:11,87.21,0.0,2,17354,卖盘
13:13:17,87.19,-0.02,2,17438,卖盘
13:13:20,87.19,0.0,14,123723,卖盘
13:13:23,87.01,-0.18,58,502361,卖盘
13:13:26,87.2,0.19,9,76300,买盘
13:13:32,87.2,0.0,12,102111,卖盘
13:13:38,87.0,-0.2,17,149650,卖盘
13:13:41,87.19,0.19,6,51786,买盘
13:13:44,87.2,0.01,4,34356,买盘
13:13:50,87.19,-0.01,17,146479,卖盘
13:13:59,87.0,-0.19,9,77019,卖盘
13:14:02,87.0,0.0,6,50808,买盘
13:14:08,86.97,-0.03,2,17394,卖盘
13:14:14,86.97,0.0,6,56183,中性盘
13:14:23,86.94,-0.03,3,21735,卖盘
13:14:26,86.97,0.03,2,16872,买盘
13:14:32,86.98,0.01,7,58276,买盘
13:14:35,86.94,-0.04,2,17388,卖盘
13:14:44,86.94,0.0,1,4347,卖盘
13:15:08,86.97,0.03,45,391584,买盘
13:15:14,87.0,0.03,3,22272,买盘
13:15:17,87.0,0.0,7,57420,买盘
13:15:20,87.19,0.19,7,63736,买盘
13:15:29,87.19,0.0,3,22233,买盘
13:15:44,86.97,-0.22,10,90710,卖盘
13:15:59,86.47,-0.5,8,66928,卖盘
13:16:11,86.97,0.5,5,42613,买盘
13:16:14,86.97,0.0,2,17394,卖盘
13:16:26,86.97,0.0,1,6958,卖盘
13:16:29,86.97,0.0,6,51834,买盘
13:16:56,86.97,0.0,20,173940,买盘
13:16:59,86.88,-0.09,8,72805,中性盘
13:17:08,86.88,0.0,2,17376,买盘
13:17:14,86.88,0.0,5,43266,买盘
13:17:17,86.88,0.0,11,92441,买盘
13:17:23,86.97,0.09,10,86970,买盘
13:17:26,86.97,0.0,4,36353,买盘
13:17:32,86.96,-0.01,7,62695,买盘
13:18:14,86.66,-0.3,2,17332,卖盘
13:18:17,86.9,0.24,4,34712,买盘
13:18:20,86.9,0.0,2,17380,买盘
13:18:23,86.51,-0.39,2,14188,卖盘
13:18:26,86.51,0.0,0,3114,买盘
13:18:32,86.51,0.0,0,692,卖盘
13:18:41,86.51,0.0,2,13496,卖盘
13:18:47,86.51,0.0,5,45591,买盘
13:18:59,86.5,-0.01,2,17300,卖盘
13:19:05,86.5,0.0,2,17300,卖盘
13:19:08,86.5,0.0,3,21884,卖盘
13:19:20,86.31,-0.19,48,411110,卖盘
13:19:23,86.3,-0.01,10,87854,买盘
13:19:29,86.3,0.0,12,104768,买盘
13:19:32,86.3,0.0,5,43150,买盘
13:19:41,86.23,-0.07,1,8623,卖盘
13:19:44,86.23,0.0,1,8623,卖盘
13:19:50,86.3,0.07,5,43122,买盘
13:20:05,86.3,0.0,4,34520,买盘
13:20:08,86.3,0.0,0,604,买盘
13:20:11,86.08,-0.22,58,500168,卖盘
13:20:20,86.5,0.42,15,132230,买盘
13:20:29,86.5,0.0,11,94717,买盘
13:20:32,86.5,0.0,2,17300,卖盘
13:20:35,86.52,0.02,6,51906,买盘
13:20:38,86.9,0.38,5,43450,买盘
13:20:41,86.51,-0.39,2,17302,卖盘
13:20:56,86.51,0.0,10,86078,卖盘
13:21:05,86.5,-0.01,12,103800,卖盘
13:21:14,86.5,0.0,7,60550,卖盘
13:21:23,86.5,0.0,9,74044,卖盘
13:21:26,86.5,0.0,8,71968,卖盘
13:21:41,86.44,-0.06,2,17288,买盘
13:21:53,86.45,0.01,8,72126,卖盘
13:22:02,86.45,0.0,1,10720,买盘
13:22:08,86.5,0.05,10,86500,卖盘
13:22:11,86.5,0.0,24,208119,卖盘
13:22:17,87.0,0.5,120,1043254,买盘
13:22:23,87.0,0.0,13,113361,买盘
13:22:26,86.5,-0.5,5,47156,卖盘
13:22:29,87.0,0.5,52,449964,买盘
13:22:35,87.01,0.01,5,43505,卖盘
13:22:38,87.17,0.16,6,56399,买盘
13:22:44,87.0,-0.17,4,35064,卖盘
13:22:47,87.0,0.0,7,58377,买盘
13:22:50,87.0,0.0,1,5220,买盘
13:22:56,87.01,0.01,6,56295,买盘
13:23:11,87.17,0.16,10,87161,买盘
13:23:17,87.17,0.0,6,52638,买盘
13:23:23,87.17,0.0,20,174340,买盘
13:23:29,87.01,-0.16,5,43505,卖盘
13:23:38,87.17,0.16,6,53174,买盘
13:23:59,87.17,0.0,7,62322,买盘
13:24:11,87.01,-0.16,3,22883,卖盘
13:24:20,87.16,0.15,6,53415,买盘
13:24:26,87.01,-0.15,2,17402,卖盘
13:24:32,87.01,0.0,2,19577,卖盘
13:24:44,87.0,-0.01,1,12180,卖盘
13:24:47,86.5,-0.5,2,17300,卖盘
13:25:08,87.01,0.51,17,151449,买盘
13:25:20,87.0,-0.01,38,331035,卖盘
13:25:26,87.0,0.0,3,29493,买盘
13:25:50,87.0,0.0,4,34887,买盘
13:26:35,87.0,0.0,6,48371,买盘
13:26:44,87.0,0.0,2,17400,买盘
13:26:47,87.0,0.0,4,34800,买盘
13:26:50,86.99,-0.01,1,12613,卖盘
13:27:05,86.99,0.0,2,17398,买盘
13:27:08,86.52,-0.47,4,34608,卖盘
13:27:23,86.52,0.0,6,51912,卖盘
13:27:47,86.55,0.03,2,20772,卖盘
13:27:53,86.53,-0.02,2,17309,卖盘
13:28:02,86.92,0.39,2,20253,买盘
13:28:11,86.93,0.01,2,17386,买盘
13:28:14,86.93,0.0,9,78237,卖盘
13:28:20,86.97,0.04,5,43483,买盘
13:28:29,86.97,0.0,2,17394,买盘
13:28:35,86.97,0.0,3,23047,买盘
13:28:38,86.92,-0.05,17,146123,卖盘
13:28:50,86.92,0.0,2,17384,买盘
13:29:47,86.9,-0.02,1,12340,买盘
13:29:50,86.57,-0.33,5,43337,卖盘
13:30:05,86.57,0.0,0,1472,卖盘
13:30:11,86.57,0.0,6,50990,卖盘
13:30:53,86.57,0.0,3,23980,买盘
13:31:32,86.55,-0.02,40,346206,卖盘
13:31:44,86.84,0.29,2,17368,买盘
13:31:53,86.55,-0.29,10,86465,卖盘
13:31:56,86.55,0.0,3,27264,买盘
13:32:02,86.53,-0.02,3,25961,卖盘
13:32:11,86.53,0.0,17,147361,卖盘
13:32:20,86.53,0.0,2,17392,卖盘
13:32:35,86.52,-0.01,33,284835,卖盘
13:32:41,86.51,-0.01,37,317235,卖盘
13:32:44,86.51,0.0,12,100179,卖盘
13:32:53,86.5,-0.01,10,86500,卖盘
13:33:02,86.5,0.0,2,16089,卖盘
13:33:05,86.5,0.0,5,39790,卖盘
13:33:08,86.5,0.0,2,20154,卖盘
13:33:14,86.5,0.0,0,4066,卖盘
13:33:17,86.49,-0.01,2,13233,买盘
13:33:20,86.51,0.02,24,207970,买盘
13:33:23,86.51,0.0,2,21541,买盘
13:33:26,86.51,0.0,2,17302,买盘
13:33:32,86.51,0.0,6,56145,买盘
13:33:35,86.83,0.32,7,64536,买盘
13:34:11,86.23,-0.6,2,17246,卖盘
13:34:50,86.48,0.25,1,8648,卖盘
13:34:59,86.51,0.03,5,43255,买盘
13:35:11,86.51,0.0,9,77857,买盘
13:35:17,86.8,0.29,2,21352,买盘
13:35:38,86.8,0.0,20,175250,买盘
13:35:44,86.82,0.02,2,18058,买盘
13:35:47,86.8,-0.02,2,17360,卖盘
13:35:53,86.8,0.0,16,136797,卖盘
13:35:56,86.8,0.0,9,77165,买盘
13:36:14,86.83,0.03,55,480807,买盘
13:36:35,86.8,-0.03,10,86800,卖盘
13:36:38,86.8,0.0,10,86800,买盘
13:37:02,86.51,-0.29,7,56914,卖盘
13:37:08,86.51,0.0,2,17302,卖盘
13:37:11,86.48,-0.03,10,86498,卖盘
13:37:17,86.8,0.32,23,196471,买盘
13:38:02,86.83,0.03,23,200910,买盘
13:38:05,86.83,0.0,24,210302,卖盘
13:38:08,86.82,-0.01,3,22573,买盘
13:38:32,86.71,-0.11,2,17342,卖盘
13:39:11,86.81,0.1,13,111497,买盘
13:39:23,86.8,-0.01,4,34702,买盘
13:39:29,86.8,0.0,2,17360,卖盘
13:39:35,86.83,0.03,10,90819,买盘
13:39:38,86.83,0.0,2,17366,卖盘
13:39:47,86.84,0.01,2,19105,买盘
13:39:50,86.8,-0.04,21,184026,卖盘
13:39:59,86.8,0.0,5,43400,买盘
13:40:11,86.8,0.0,21,178461,买盘
13:40:29,86.8,0.0,6,49302,卖盘
13:40:53,86.81,0.01,2,17362,卖盘
13:40:59,86.81,0.0,5,43405,卖盘
13:41:14,86.87,0.06,15,127931,买盘
13:41:17,86.88,0.01,7,61424,买盘
13:41:20,86.88,0.0,4,34752,卖盘
13:41:23,86.91,0.03,2,17382,买盘
13:41:38,86.88,-0.03,5,43440,卖盘
13:41:41,86.91,0.03,2,17382,买盘
13:41:47,86.88,-0.03,3,23462,卖盘
13:41:50,86.97,0.09,6,53915,买盘
13:41:56,86.99,0.02,6,54889,买盘
13:41:59,86.97,-0.02,2,17394,卖盘
13:42:02,87.0,0.03,9,77511,买盘
13:42:08,87.05,0.05,34,293724,买盘
13:42:14,87.13,0.08,6,52278,买盘
13:42:20,87.2,0.07,100,871721,买盘
13:42:23,87.2,0.0,46,399899,买盘
13:42:26,87.3,0.1,65,566197,买盘
13:42:35,87.3,0.0,9,78570,买盘
13:42:38,87.3,0.0,8,69579,买盘
13:42:47,87.13,-0.17,4,34852,卖盘
13:42:56,87.13,0.0,6,48095,买盘
13:43:14,87.0,-0.13,2,17400,卖盘
13:43:20,87.13,0.13,2,21609,买盘
13:43:53,87.2,0.07,3,23456,买盘
13:43:59,87.2,0.0,2,21190,买盘
13:44:02,87.2,0.0,15,129754,买盘
13:44:05,87.2,0.0,4,34882,卖盘
13:44:08,87.3,0.1,5,43650,买盘
13:44:23,87.3,0.0,2,17460,买盘
13:44:41,87.2,-0.1,6,49197,卖盘
13:44:47,87.2,0.0,4,37147,买盘
13:44:53,87.2,0.0,4,32351,卖盘
13:44:56,87.2,0.0,12,104640,买盘
13:45:08,87.2,0.0,3,21973,买盘
13:45:26,87.2,0.0,2,17440,买盘
13:45:35,87.2,0.0,3,26160,买盘
13:45:56,87.01,-0.19,10,87015,卖盘
13:46:14,87.2,0.19,3,21974,买盘
13:46:20,87.2,0.0,6,53454,买盘
13:46:26,87.29,0.09,2,17458,买盘
13:46:32,87.2,-0.09,2,18312,卖盘
13:46:56,87.29,0.09,12,108501,买盘
13:46:59,87.29,0.0,8,71142,卖盘
13:47:17,87.25,-0.04,3,21899,买盘
13:47:29,87.25,0.0,6,56087,买盘
13:47:41,87.16,-0.09,6,54493,卖盘
13:47:50,87.16,0.0,7,61012,卖盘
13:48:05,87.25,0.09,7,57846,买盘
13:48:11,87.25,0.0,4,34900,买盘
13:48:20,87.25,0.0,5,47901,买盘
13:48:23,87.25,0.0,3,21987,买盘
13:48:29,87.25,0.0,5,43625,买盘
13:48:38,87.25,0.0,3,23819,买盘
13:48:53,87.25,0.0,2,17450,买盘
13:48:59,87.23,-0.02,5,43615,卖盘
13:49:02,87.23,0.0,3,26692,卖盘
13:49:08,87.23,0.0,12,104153,卖盘
13:49:17,87.23,0.0,2,17446,买盘
13:49:26,87.23,0.0,20,174460,买盘
13:49:29,87.23,0.0,5,44051,买盘
13:49:38,87.16,-0.07,2,17432,卖盘
13:49:50,87.16,0.0,13,109734,卖盘
13:50:05,87.16,0.0,1,12290,买盘
13:50:20,87.16,0.0,9,78444,卖盘
13:50:23,87.16,0.0,2,17432,卖盘
13:50:47,87.16,0.0,5,43588,卖盘
13:51:08,87.2,0.04,12,104632,买盘
13:51:29,87.2,0.0,5,43600,买盘
13:51:35,87.16,-0.04,120,1043218,卖盘
13:51:41,87.12,-0.04,3,26139,卖盘
13:51:44,87.16,0.04,3,26148,买盘
13:51:47,87.16,0.0,10,87160,买盘
13:51:50,87.16,0.0,5,42447,买盘
13:52:14,87.12,-0.04,2,17424,卖盘
13:52:20,87.15,0.03,2,17430,买盘
13:52:26,87.16,0.01,2,17431,买盘
13:52:29,87.16,0.0,230,2005718,买盘
13:52:47,87.16,0.0,6,52296,买盘
13:52:56,87.05,-0.11,9,80626,卖盘
13:53:14,87.04,-0.01,4,31073,买盘
13:53:17,87.03,-0.01,2,17406,卖盘
13:53:35,86.82,-0.21,2,17364,卖盘
13:53:41,86.81,-0.01,3,26043,卖盘
13:53:47,86.82,0.01,1,8682,买盘
13:54:02,86.82,0.0,1,8682,卖盘
13:54:08,86.82,0.0,3,26046,买盘
13:54:29,86.99,0.17,20,173980,买盘
13:54:32,87.03,0.04,6,53523,买盘
13:54:53,87.0,-0.03,2,17400,卖盘
13:55:20,87.0,0.0,26,226385,卖盘
13:55:23,87.0,0.0,10,84912,买盘
13:55:29,87.0,0.0,12,104400,买盘
13:55:32,87.0,0.0,6,48111,买盘
13:55:44,87.03,0.03,62,541221,买盘
13:55:47,87.03,0.0,19,162572,买盘
13:55:50,87.03,0.0,4,34812,买盘
13:55:59,87.03,0.0,42,366309,买盘
13:56:02,87.15,0.12,13,111694,买盘
13:56:05,87.15,0.0,2,17430,买盘
13:56:08,87.15,0.0,4,32158,买盘
13:56:20,87.15,0.0,2,17430,买盘
13:56:23,87.03,-0.12,3,26109,卖盘
13:56:29,87.1,0.07,2,17420,买盘
13:56:56,87.09,-0.01,2,17418,买盘
13:57:08,87.09,0.0,50,435450,买盘
13:57:11,87.09,0.0,8,69672,买盘
13:57:14,87.03,-0.06,10,87030,卖盘
13:57:17,87.09,0.06,13,113214,买盘
13:57:20,87.09,0.0,5,40410,买盘
13:57:23,87.03,-0.06,3,25512,卖盘
13:57:35,87.03,0.0,1,9312,买盘
13:57:59,87.08,0.05,26,223525,买盘
13:58:02,87.08,0.0,4,34832,买盘
13:58:14,87.09,0.01,44,386673,买盘
13:58:17,87.09,0.0,7,60963,买盘
13:58:20,87.09,0.0,2,17418,买盘
13:58:32,87.09,0.0,3,26389,买盘
13:58:35,87.09,0.0,2,17418,买盘
13:58:41,87.08,-0.01,2,17416,中性盘
13:58:47,87.08,0.0,3,26126,卖盘
13:58:50,87.09,0.01,5,43542,买盘
13:58:56,87.09,0.0,4,34834,买盘
13:59:17,87.09,0.0,3,26127,买盘
13:59:26,87.06,-0.03,2,17412,买盘
14:00:14,86.88,-0.18,15,129277,卖盘
14:00:17,86.88,0.0,5,47610,买盘
14:00:23,87.0,0.12,32,274949,买盘
14:00:26,87.09,0.09,10,83477,买盘
14:00:32,87.09,0.0,2,17418,买盘
14:00:59,87.08,-0.01,2,17416,买盘
14:01:02,87.08,0.0,2,19767,买盘
14:01:05,87.08,0.0,2,18113,买盘
14:01:08,87.08,0.0,23,202548,买盘
14:01:11,87.08,0.0,10,91086,买盘
14:01:17,87.07,-0.01,8,71229,卖盘
14:01:20,87.09,0.02,7,63140,买盘
14:01:23,87.09,0.0,2,17418,买盘
14:01:26,87.07,-0.02,4,33261,卖盘
14:01:29,87.09,0.02,42,365759,买盘
14:01:32,87.15,0.06,177,1541022,买盘
14:01:35,87.25,0.1,25,221742,买盘
14:01:38,87.29,0.04,60,523161,买盘
14:01:41,87.29,0.0,19,165851,买盘
14:01:44,87.3,0.01,23,199218,买盘
14:01:47,87.3,0.0,10,87228,买盘
14:01:50,87.3,0.0,31,267487,买盘
14:01:53,87.31,0.01,3,26541,买盘
14:01:56,87.33,0.02,5,43659,买盘
14:01:59,87.33,0.0,2,19292,买盘
14:02:02,87.33,0.0,2,17466,买盘
14:02:08,87.34,0.01,4,34936,买盘
14:02:11,87.38,0.04,2,19572,买盘
14:02:20,87.38,0.0,6,48009,买盘
14:02:23,87.38,0.0,6,52078,买盘
14:02:26,87.39,0.01,9,78826,买盘
14:02:29,87.38,-0.01,4,34954,卖盘
14:02:32,87.42,0.04,12,104992,买盘
14:02:35,87.49,0.07,4,34990,买盘
14:02:41,87.5,0.01,122,1067499,买盘
14:02:44,87.52,0.02,20,175039,买盘
14:02:47,87.58,0.06,40,354081,买盘
14:02:50,87.58,0.0,6,52503,买盘
14:02:53,87.58,0.0,7,62445,买盘
14:02:56,87.58,0.0,11,93097,买盘
14:02:59,87.6,0.02,2,20323,买盘
14:03:02,87.6,0.0,2,17520,买盘
14:03:05,87.6,0.0,2,17520,买盘
14:03:08,87.8,0.2,71,618241,买盘
14:03:11,87.93,0.13,20,177911,买盘
14:03:14,87.8,-0.13,23,199976,卖盘
14:03:17,87.99,0.19,14,118874,买盘
14:03:20,88.0,0.01,34,302429,买盘
14:03:23,88.0,0.0,19,163557,买盘
14:03:29,88.0,0.0,20,177848,买盘
14:03:32,88.0,0.0,13,110524,买盘
14:03:35,88.0,0.0,6,50072,买盘
14:03:38,88.0,0.0,13,113686,买盘
14:03:41,88.0,0.0,30,262328,买盘
14:03:44,88.0,0.0,28,242968,买盘
14:03:47,88.0,0.0,32,284504,买盘
14:03:50,88.0,0.0,8,70400,买盘
14:03:53,88.0,0.0,8,66352,买盘
14:03:56,88.0,0.0,2,17600,买盘
14:04:02,87.99,-0.01,2,17598,中性盘
14:04:05,87.99,0.0,3,24813,买盘
14:04:08,88.0,0.01,15,132171,买盘
14:04:11,88.0,0.0,6,52536,买盘
14:04:14,88.0,0.0,32,281598,买盘
14:04:17,88.0,0.0,6,53588,买盘
14:04:20,88.0,0.0,9,75787,买盘
14:04:23,87.81,-0.19,9,75119,卖盘
14:04:26,87.81,0.0,3,26343,买盘
14:04:29,87.81,0.0,4,37583,买盘
14:04:32,87.8,-0.01,10,84288,卖盘
14:04:35,87.8,0.0,6,51717,卖盘
14:04:47,87.81,0.01,30,264543,买盘
14:04:50,87.81,0.0,11,96766,买盘
14:04:53,88.0,0.19,104,913927,买盘
14:04:56,87.8,-0.2,27,237420,卖盘
14:04:59,88.0,0.2,26,229614,买盘
14:05:02,87.5,-0.5,10,89468,卖盘
14:05:05,87.99,0.49,6,49979,中性盘
14:05:08,87.99,0.0,2,17598,买盘
14:05:14,87.57,-0.42,2,17514,卖盘
14:05:17,87.8,0.23,3,26252,买盘
14:05:23,87.8,0.0,2,17560,买盘
14:05:26,87.98,0.18,4,37743,买盘
14:05:32,87.99,0.01,11,96774,买盘
14:05:35,87.8,-0.19,12,103262,卖盘
14:05:38,87.8,0.0,4,33189,买盘
14:05:41,87.99,0.19,3,26221,买盘
14:06:08,87.82,-0.17,3,26346,卖盘
14:06:11,87.91,0.09,5,43953,买盘
14:06:14,87.89,-0.02,2,17578,买盘
14:06:17,87.91,0.02,3,25752,买盘
14:06:32,87.99,0.08,42,373652,买盘
14:06:35,87.92,-0.07,28,244623,中性盘
14:06:38,87.92,0.0,6,50202,卖盘
14:06:41,87.99,0.07,8,72064,买盘
14:06:44,87.99,0.0,2,17598,买盘
14:06:47,87.91,-0.08,2,17583,卖盘
14:06:50,87.97,0.06,2,19353,买盘
14:06:56,87.91,-0.06,5,47735,卖盘
14:06:59,87.91,0.0,31,272521,买盘
14:07:02,87.91,0.0,9,77711,买盘
14:07:05,87.91,0.0,2,17582,买盘
14:07:08,87.83,-0.08,10,87830,卖盘
14:07:11,87.91,0.08,2,17582,买盘
14:07:23,87.9,-0.01,4,37973,买盘
14:07:44,87.8,-0.1,10,87809,卖盘
14:07:47,87.9,0.1,2,17580,买盘
14:07:50,87.83,-0.07,2,17566,买盘
14:07:53,87.8,-0.03,1,9658,卖盘
14:08:02,87.8,0.0,1,7902,买盘
14:08:05,87.8,0.0,2,17560,卖盘
14:08:11,87.8,0.0,9,79991,卖盘
14:08:14,87.83,0.03,3,26349,买盘
14:08:17,87.8,-0.03,23,201853,卖盘
14:08:20,87.83,0.03,3,26343,买盘
14:08:26,87.8,-0.03,2,17560,卖盘
14:08:29,87.82,0.02,2,17562,买盘
14:08:38,87.8,-0.02,2,17560,买盘
14:08:47,87.8,0.0,2,17560,买盘
14:08:56,87.82,0.02,14,122921,买盘
14:08:59,87.61,-0.21,11,96510,卖盘
14:09:02,87.61,0.0,7,61327,买盘
14:09:05,87.61,0.0,3,26283,买盘
14:09:11,87.6,-0.01,4,32237,卖盘
14:09:14,87.61,0.01,2,17522,买盘
14:09:17,87.6,-0.01,2,20500,卖盘
14:09:20,87.6,0.0,2,17520,卖盘
14:09:35,87.61,0.01,3,26283,买盘
14:09:47,87.6,-0.01,5,43800,卖盘
14:10:02,87.61,0.01,17,144640,买盘
14:10:05,87.88,0.27,4,35143,买盘
14:10:17,87.61,-0.27,2,17522,卖盘
14:10:26,87.61,0.0,59,516962,卖盘
14:10:29,87.89,0.28,8,70311,买盘
14:10:32,87.9,0.01,3,26367,买盘
14:10:35,87.9,0.0,5,43950,买盘
14:10:38,87.9,0.0,3,27864,买盘
14:10:41,87.9,0.0,2,17580,买盘
14:10:44,87.9,0.0,3,28656,买盘
14:10:47,87.9,0.0,12,102403,买盘
14:10:50,87.91,0.01,2,17581,买盘
14:10:56,87.91,0.0,3,23296,买盘
14:11:05,87.99,0.08,50,439813,买盘
14:11:08,87.97,-0.02,8,70376,买盘
14:11:14,87.9,-0.07,2,17580,买盘
14:11:17,87.82,-0.08,22,193284,卖盘
14:11:20,87.97,0.15,3,26391,买盘
14:11:38,87.97,0.0,2,17594,买盘
14:11:41,87.99,0.02,7,62463,买盘
14:11:44,87.99,0.0,2,17598,买盘
14:11:53,87.99,0.0,2,17598,买盘
14:11:56,88.0,0.01,53,467702,买盘
14:11:59,88.0,0.0,58,510400,买盘
14:12:02,88.0,0.0,9,79200,买盘
14:12:05,87.99,-0.01,48,425830,中性盘
14:12:08,88.0,0.01,8,70400,买盘
14:12:11,88.0,0.0,166,1459920,买盘
14:12:14,88.0,0.0,23,202400,买盘
14:12:17,88.0,0.0,5,44000,买盘
14:12:23,88.0,0.0,18,158048,买盘
14:12:26,88.0,0.0,7,57376,买盘
14:12:29,88.0,0.0,7,63184,买盘
14:12:32,88.0,0.0,60,528000,买盘
14:12:35,87.99,-0.01,11,96798,卖盘
14:12:38,88.0,0.01,2,17600,买盘
14:12:41,87.99,-0.01,5,43995,卖盘
14:12:44,87.99,0.0,64,563196,卖盘
14:12:47,88.0,0.01,11,96800,买盘
14:12:50,88.0,0.0,45,397934,买盘
14:12:53,88.0,0.0,20,176008,卖盘
14:12:56,88.0,0.0,6,54915,卖盘
14:12:59,88.09,0.09,20,176158,买盘
14:13:02,88.1,0.01,4,35238,买盘
14:13:05,88.0,-0.1,47,415368,卖盘
14:13:08,88.2,0.2,131,1148717,买盘
14:13:11,88.3,0.1,20,176454,买盘
14:13:14,88.1,-0.2,8,73271,卖盘
14:13:17,88.3,0.2,17,150993,买盘
14:13:20,88.3,0.0,4,35320,买盘
14:13:23,88.1,-0.2,14,119223,卖盘
14:13:26,88.1,0.0,19,167730,卖盘
14:13:29,88.3,0.2,22,194220,买盘
14:13:32,88.3,0.0,18,158382,买盘
14:13:35,88.3,0.0,3,26490,买盘
14:13:38,88.1,-0.2,2,17620,卖盘
14:13:41,88.3,0.2,48,422780,买盘
14:13:44,88.31,0.01,10,88310,买盘
14:13:47,88.31,0.0,13,111437,买盘
14:13:50,88.3,-0.01,13,114793,卖盘
14:13:53,88.31,0.01,7,57402,买盘
14:13:56,88.3,-0.01,23,203093,卖盘
14:14:02,88.3,0.0,8,70643,卖盘
14:14:05,88.31,0.01,9,78596,买盘
14:14:08,88.3,-0.01,9,78085,卖盘
14:14:11,88.38,0.08,11,101241,买盘
14:14:14,88.31,-0.07,10,88310,中性盘
14:14:17,88.31,0.0,12,104618,卖盘
14:14:20,88.31,0.0,9,77753,卖盘
14:14:23,88.5,0.19,148,1309986,买盘
14:14:26,88.39,-0.11,54,481916,卖盘
14:14:29,88.5,0.11,30,261695,买盘
14:14:32,88.39,-0.11,20,176802,卖盘
14:14:35,88.39,0.0,10,88373,买盘
14:14:38,88.39,0.0,6,51797,买盘
14:14:41,88.5,0.11,3,26274,买盘
14:14:44,88.5,0.0,100,885000,买盘
14:14:47,88.5,0.0,25,221250,买盘
14:14:50,88.5,0.0,2,19470,买盘
14:14:53,88.49,-0.01,14,123898,中性盘
14:14:56,88.44,-0.05,4,35818,买盘
14:15:02,88.44,0.0,1,8402,买盘
14:15:11,88.5,0.06,72,641359,买盘
14:15:14,88.5,0.0,4,38763,买盘
14:15:17,88.5,0.0,9,81302,买盘
14:15:20,88.5,0.0,3,22921,买盘
14:15:23,88.5,0.0,18,155672,买盘
14:15:26,88.5,0.0,9,81885,卖盘
14:15:29,88.6,0.1,10,88598,买盘
14:15:32,88.6,0.0,23,200413,买盘
14:15:38,88.59,-0.01,2,17718,买盘
14:15:41,88.6,0.01,23,207667,买盘
14:15:44,88.6,0.0,7,65088,买盘
14:15:47,88.68,0.08,65,580029,买盘
14:15:50,88.69,0.01,2,19955,买盘
14:15:53,88.68,-0.01,30,266040,卖盘
14:15:56,88.69,0.01,6,56409,买盘
14:15:59,88.69,0.0,3,23680,买盘
14:16:02,88.7,0.01,3,22352,买盘
14:16:05,88.7,0.0,5,44350,买盘
14:16:08,88.7,0.0,6,49938,买盘
14:16:11,88.7,0.0,32,280375,买盘
14:16:14,88.72,0.02,10,92708,买盘
14:16:17,88.75,0.03,11,97506,买盘
14:16:20,88.77,0.02,100,886770,买盘
14:16:23,88.79,0.02,266,2360525,买盘
14:16:26,88.8,0.01,2225,19761957,买盘
14:16:29,88.8,0.0,1215,10791065,买盘
14:16:32,88.8,0.0,268,2377955,买盘
14:16:35,88.8,0.0,40,351471,卖盘
14:16:38,88.8,0.0,4,35520,卖盘
14:16:41,88.8,0.0,69,609878,卖盘
14:16:44,88.8,0.0,4,35520,卖盘
14:16:47,88.8,0.0,46,409279,卖盘
14:16:50,88.8,0.0,23,204240,卖盘
14:16:53,88.8,0.0,2,17760,卖盘
14:16:56,88.8,0.0,2,21312,卖盘
14:16:59,88.8,0.0,2,17760,卖盘
14:17:02,88.8,0.0,2,17760,卖盘
14:17:05,88.8,0.0,20,177600,卖盘
14:17:08,88.8,0.0,10,85071,卖盘
14:17:11,88.8,0.0,113,1004683,卖盘
14:17:14,88.8,0.0,22,195360,卖盘
14:17:17,88.8,0.0,33,295615,卖盘
14:17:20,88.8,0.0,5,44400,卖盘
14:17:23,88.8,0.0,12,109490,卖盘
14:17:29,88.8,0.0,5,44400,卖盘
14:17:32,88.8,0.0,32,284160,卖盘
14:17:38,88.8,0.0,5,44400,卖盘
14:17:41,88.8,0.0,5,44400,卖盘
14:17:44,88.8,0.0,5,44400,卖盘
14:17:47,88.8,0.0,7,62160,卖盘
14:17:50,88.8,0.0,2,17760,卖盘
14:17:53,88.8,0.0,9,78500,卖盘
14:17:56,88.8,0.0,8,71040,卖盘
14:17:59,88.8,0.0,8,71040,卖盘
14:18:05,88.8,0.0,7,62160,卖盘
14:18:08,88.8,0.0,21,184437,卖盘
14:18:11,88.8,0.0,8,71040,卖盘
14:18:14,88.8,0.0,11,101765,卖盘
14:18:17,88.8,0.0,30,266400,卖盘
14:18:23,88.8,0.0,21,186480,卖盘
14:18:26,88.8,0.0,15,133200,卖盘
14:18:29,88.8,0.0,4,32234,卖盘
14:18:32,88.8,0.0,11,97680,卖盘
14:18:35,88.8,0.0,29,259918,卖盘
14:18:38,88.8,0.0,5,43690,卖盘
14:18:41,88.8,0.0,7,62160,卖盘
14:18:44,88.8,0.0,222,1967630,卖盘
14:18:47,88.8,0.0,486,4311862,卖盘
14:18:50,88.8,0.0,231,2052700,卖盘
14:18:53,88.8,0.0,115,1023864,卖盘
14:18:56,88.8,0.0,205,1821022,卖盘
14:19:02,88.8,0.0,2,17760,买盘
14:19:05,88.77,-0.03,7,62154,卖盘
14:19:14,88.7,-0.07,24,215766,卖盘
14:19:17,88.69,-0.01,11,99600,卖盘
14:19:23,88.68,-0.01,26,230988,卖盘
14:19:26,88.69,0.01,6,53212,买盘
14:19:29,88.8,0.11,38,337182,买盘
14:19:32,88.68,-0.12,0,3015,卖盘
14:19:38,88.67,-0.01,3,26601,买盘
14:19:44,88.51,-0.16,7,57583,卖盘
14:19:47,88.6,0.09,10,88600,买盘
14:19:56,88.6,0.0,16,142628,买盘
14:19:59,88.6,0.0,2,21264,买盘
14:20:02,88.51,-0.09,10,88510,卖盘
14:20:05,88.58,0.07,6,50224,买盘
14:20:08,88.51,-0.07,3,23544,卖盘
14:20:11,88.51,0.0,1,11860,卖盘
14:20:17,88.51,0.0,2,17702,买盘
14:20:20,88.5,-0.01,16,141602,卖盘
14:20:23,88.5,0.0,17,148061,卖盘
14:20:29,88.5,0.0,21,189124,卖盘
14:20:32,88.5,0.0,55,485285,买盘
14:20:38,88.44,-0.06,6,53506,卖盘
14:20:53,88.37,-0.07,7,58290,买盘
14:20:59,88.5,0.13,53,466302,买盘
14:21:05,88.11,-0.39,3,26433,卖盘
14:21:08,88.13,0.02,7,61771,卖盘
14:21:11,88.12,-0.01,5,42159,卖盘
14:21:17,88.11,-0.01,15,136046,卖盘
14:21:23,88.11,0.0,2,17622,买盘
14:21:26,88.1,-0.01,9,74885,卖盘
14:21:29,88.1,0.0,15,132150,买盘
14:21:38,88.02,-0.08,6,52812,卖盘
14:21:47,88.01,-0.01,102,900141,卖盘
14:21:53,88.0,-0.01,41,364397,卖盘
14:21:56,88.0,0.0,9,79200,卖盘
14:21:59,88.0,0.0,2,17600,卖盘
14:22:05,88.0,0.0,7,61610,卖盘
14:22:08,88.02,0.02,53,468882,买盘
14:22:11,88.11,0.09,9,75284,买盘
14:22:14,88.12,0.01,9,79304,买盘
14:22:20,88.3,0.18,6,50639,买盘
14:22:29,88.3,0.0,3,24900,买盘
14:22:38,88.5,0.2,5,46728,买盘
14:22:41,88.5,0.0,11,99297,买盘
14:22:50,88.51,0.01,3,26022,买盘
14:22:53,88.5,-0.01,5,44250,卖盘
14:22:56,88.51,0.01,7,57709,买盘
14:23:02,88.51,0.0,10,88510,卖盘
14:23:05,88.6,0.09,29,260542,买盘
14:23:08,88.6,0.0,90,792517,买盘
14:23:14,88.6,0.0,2,20378,买盘
14:23:17,88.51,-0.09,2,17702,卖盘
14:23:23,88.6,0.09,11,96929,买盘
14:23:26,88.51,-0.09,2,19915,卖盘
14:23:29,88.52,0.01,2,17704,买盘
14:23:32,88.5,-0.02,10,88509,卖盘
14:23:35,88.52,0.02,18,158185,买盘
14:23:38,88.52,0.0,70,617151,卖盘
14:23:50,88.6,0.08,2,17720,买盘
14:23:53,88.6,0.0,16,144949,买盘
14:24:11,88.66,0.06,12,106332,买盘
14:24:14,88.66,0.0,101,894870,买盘
14:24:17,88.79,0.13,32,283897,买盘
14:24:20,88.79,0.0,5,44395,买盘
14:24:23,88.79,0.0,2,14739,买盘
14:24:26,88.8,0.01,12,106560,买盘
14:24:32,88.79,-0.01,8,71032,卖盘
14:24:35,88.79,0.0,90,802387,卖盘
14:24:38,88.8,0.01,401,3556970,买盘
14:24:41,88.8,0.0,25,224131,买盘
14:24:44,88.8,0.0,17,147586,买盘
14:24:47,88.8,0.0,34,305472,买盘
14:24:50,88.8,0.0,154,1365369,买盘
14:24:53,88.8,0.0,30,262048,买盘
14:24:59,88.8,0.0,32,287446,买盘
14:25:05,88.8,0.0,8,73080,买盘
14:25:08,88.8,0.0,31,276346,买盘
14:25:11,88.79,-0.01,3,26637,卖盘
14:25:14,88.8,0.01,3,26640,买盘
14:25:17,88.8,0.0,34,302808,买盘
14:25:20,88.79,-0.01,76,677708,卖盘
14:25:23,88.8,0.01,8,71040,买盘
14:25:26,88.8,0.0,6,52392,买盘
14:25:29,88.8,0.0,11,96436,买盘
14:25:32,88.8,0.0,113,1003527,买盘
14:25:35,88.8,0.0,7,62160,买盘
14:25:38,88.8,0.0,146,1298256,买盘
14:25:41,88.8,0.0,13,115795,买盘
14:25:44,88.8,0.0,0,3552,卖盘
14:25:50,88.8,0.0,56,497724,卖盘
14:25:56,88.8,0.0,25,219336,卖盘
14:25:59,88.8,0.0,10,88800,卖盘
14:26:05,88.8,0.0,11,93240,卖盘
14:26:11,88.8,0.0,12,106560,卖盘
14:26:17,88.8,0.0,2,17760,卖盘
14:26:20,88.8,0.0,2,17760,卖盘
14:26:23,88.8,0.0,4,35520,卖盘
14:26:29,88.8,0.0,60,532800,卖盘
14:26:32,88.8,0.0,4,35520,卖盘
14:26:38,88.8,0.0,4,35786,卖盘
14:26:41,88.8,0.0,7,57720,卖盘
14:26:44,88.8,0.0,29,255478,卖盘
14:26:47,88.8,0.0,10,88534,买盘
14:26:50,88.8,0.0,9,80186,卖盘
14:26:53,88.8,0.0,2,19891,买盘
14:26:56,88.8,0.0,33,293662,买盘
14:27:08,88.8,0.0,11,100077,买盘
14:27:17,88.8,0.0,3,22200,买盘
14:27:23,88.79,-0.01,7,63576,卖盘
14:27:29,88.79,0.0,20,177580,卖盘
14:27:32,88.79,0.0,2,17758,卖盘
14:27:41,88.8,0.01,13,115440,买盘
14:27:47,88.79,-0.01,49,435071,卖盘
14:27:50,88.8,0.01,2,17760,买盘
14:27:53,88.79,-0.01,51,454167,卖盘
14:27:56,88.79,0.0,2,17758,卖盘
14:28:02,88.8,0.01,2,17760,买盘
14:28:05,88.8,0.0,2,17760,买盘
14:28:08,88.8,0.0,16,143679,买盘
14:28:14,88.79,-0.01,7,62158,卖盘
14:28:17,88.8,0.01,54,481378,买盘
14:28:20,88.8,0.0,4,35520,卖盘
14:28:23,88.8,0.0,5,44400,卖盘
14:28:26,88.8,0.0,10,88800,卖盘
14:28:29,88.8,0.0,8,74148,卖盘
14:28:32,88.8,0.0,10,88800,卖盘
14:28:41,88.8,0.0,6,50439,卖盘
14:28:50,88.8,0.0,4,35520,卖盘
14:28:59,88.8,0.0,27,239760,卖盘
14:29:02,88.8,0.0,5,44400,卖盘
14:29:08,88.79,-0.01,6,53274,卖盘
14:29:23,88.79,0.0,5,44395,卖盘
14:29:29,88.8,0.01,18,161527,买盘
14:29:32,88.79,-0.01,2,17758,卖盘
14:29:35,88.8,0.01,2,17760,买盘
14:29:38,88.8,0.0,5,44400,买盘
14:29:44,88.79,-0.01,9,79911,卖盘
14:29:47,88.8,0.01,3,30547,买盘
14:29:50,88.79,-0.01,9,79911,卖盘
14:29:56,88.8,0.01,9,84183,买盘
14:30:05,88.8,0.0,15,130802,买盘
14:30:08,88.8,0.0,9,79387,买盘
14:30:14,88.8,0.0,2,17760,买盘
14:30:20,88.8,0.0,2,17760,买盘
14:30:23,88.79,-0.01,10,88790,卖盘
14:30:35,88.79,0.0,6,53985,卖盘
14:30:38,88.78,-0.01,2,17756,卖盘
14:30:44,88.79,0.01,4,35512,买盘
14:30:50,88.75,-0.04,2,17750,卖盘
14:30:56,88.75,0.0,2,17750,买盘
14:31:05,88.55,-0.2,3,26565,卖盘
14:31:14,88.55,0.0,6,49765,买盘
14:31:20,88.75,0.2,2,17750,买盘
14:31:29,88.55,-0.2,2,17710,卖盘
14:31:35,88.55,0.0,8,72494,卖盘
14:31:38,88.55,0.0,8,69069,卖盘
14:31:41,88.55,0.0,5,44275,卖盘
14:31:53,88.57,0.02,5,43753,卖盘
14:31:59,88.57,0.0,5,44639,买盘
14:32:02,88.57,0.0,9,76348,买盘
14:32:05,88.55,-0.02,10,91922,卖盘
14:32:08,88.57,0.02,11,100965,买盘
14:32:11,88.57,0.0,5,42248,卖盘
14:32:23,88.55,-0.02,21,186001,卖盘
14:32:29,88.6,0.05,13,118635,中性盘
14:32:32,88.55,-0.05,0,2922,卖盘
14:32:38,88.55,0.0,11,94483,买盘
14:32:41,88.55,0.0,2,17710,卖盘
14:32:44,88.6,0.05,7,58842,买盘
14:32:50,88.6,0.0,1,6911,卖盘
14:32:59,88.55,-0.05,2,17710,卖盘
14:33:08,88.59,0.04,7,64913,买盘
14:33:11,88.55,-0.04,18,159454,中性盘
14:33:17,88.55,0.0,48,427785,买盘
14:33:20,88.55,0.0,2,22049,买盘
14:33:29,88.55,0.0,2,17710,卖盘
14:33:41,88.6,0.05,2,17809,买盘
14:33:44,88.6,0.0,2,17720,买盘
14:33:47,88.55,-0.05,9,77215,卖盘
14:33:50,88.6,0.05,7,63436,买盘
14:33:53,88.6,0.0,2,19670,卖盘
14:33:59,88.55,-0.05,2,17713,卖盘
14:34:14,88.58,0.03,2,14173,中性盘
14:34:17,88.59,0.01,2,17718,买盘
14:34:20,88.59,0.0,2,20110,买盘
14:34:23,88.5,-0.09,19,164825,卖盘
14:34:29,88.5,0.0,23,203550,卖盘
14:34:32,88.5,0.0,5,44250,卖盘
14:34:35,88.5,0.0,23,202400,卖盘
14:34:38,88.45,-0.05,4,35390,卖盘
14:34:41,88.45,0.0,1,7253,卖盘
14:34:47,88.4,-0.05,5,44200,卖盘
14:34:50,88.4,0.0,10,88400,买盘
14:34:53,88.3,-0.1,2,17660,卖盘
14:35:11,88.14,-0.16,0,3878,卖盘
14:35:23,88.0,-0.14,53,462057,卖盘
14:35:35,88.0,0.0,10,91256,卖盘
14:35:50,87.97,-0.03,5,43985,买盘
14:35:53,87.9,-0.07,2,17580,卖盘
14:36:02,87.82,-0.08,4,35128,卖盘
14:36:08,87.81,-0.01,4,35143,卖盘
14:36:14,87.81,0.0,6,52686,卖盘
14:36:20,87.8,-0.01,14,126434,卖盘
14:36:23,87.78,-0.02,40,351122,卖盘
14:36:26,87.81,0.03,2,17562,买盘
14:36:29,87.78,-0.03,4,38015,卖盘
14:36:32,87.82,0.04,17,149824,买盘
14:36:41,87.9,0.08,3,26370,买盘
14:36:44,87.82,-0.08,5,43910,卖盘
14:36:50,87.9,0.08,2,21008,买盘
14:36:53,87.81,-0.09,5,43733,卖盘
14:36:56,87.65,-0.16,12,108726,卖盘
14:36:59,87.79,0.14,1,4828,买盘
14:37:08,87.81,0.02,2,21514,卖盘
14:37:11,87.8,-0.01,15,131662,买盘
14:37:14,87.66,-0.14,10,87660,卖盘
14:37:17,87.8,0.14,4,35120,买盘
14:37:20,87.67,-0.13,17,149235,卖盘
14:37:26,87.8,0.13,6,48729,买盘
14:37:29,87.67,-0.13,5,43893,卖盘
14:37:32,87.68,0.01,3,26304,中性盘
14:37:47,87.7,0.02,10,87700,卖盘
14:37:50,87.68,-0.02,2,20170,卖盘
14:37:53,87.77,0.09,2,17554,卖盘
14:37:56,87.7,-0.07,8,69546,卖盘
14:37:59,87.5,-0.2,150,1314366,卖盘
14:38:20,87.61,0.11,5,46608,卖盘
14:38:29,87.6,-0.01,2,17521,卖盘
14:38:38,87.61,0.01,2,17522,买盘
14:38:41,87.6,-0.01,29,257544,卖盘
14:38:50,87.6,0.0,5,43800,买盘
14:39:02,87.6,0.0,2,17520,买盘
14:39:17,87.51,-0.09,7,63038,卖盘
14:39:26,87.6,0.09,7,61320,买盘
14:39:29,87.51,-0.09,25,218783,卖盘
14:39:32,87.52,0.01,10,87520,中性盘
14:39:41,87.5,-0.02,47,414518,卖盘
14:39:47,87.51,0.01,7,61780,买盘
14:39:59,87.51,0.0,7,60732,卖盘
14:40:05,87.51,0.0,13,112012,买盘
14:40:08,87.5,-0.01,6,51625,卖盘
14:40:11,87.5,0.0,25,219537,卖盘
14:40:14,87.5,0.0,18,157068,卖盘
14:40:23,87.46,-0.04,7,62883,卖盘
14:40:29,87.45,-0.01,5,43725,卖盘
14:40:41,87.45,0.0,3,27635,买盘
14:40:53,87.38,-0.07,5,43690,卖盘
14:40:56,87.45,0.07,3,24223,买盘
14:40:59,87.45,0.0,3,28159,买盘
14:41:05,87.38,-0.07,6,52447,中性盘
14:41:14,87.38,0.0,52,456428,卖盘
14:41:23,87.4,0.02,14,118329,买盘
14:41:26,87.4,0.0,6,50339,买盘
14:41:29,87.36,-0.04,10,90870,卖盘
14:41:44,87.36,0.0,2,17472,卖盘
14:41:50,87.36,0.0,3,21840,卖盘
14:41:53,87.38,0.02,2,17476,买盘
14:41:56,87.36,-0.02,4,34944,卖盘
14:42:02,87.45,0.09,20,174850,买盘
14:42:08,87.36,-0.09,2,21665,卖盘
14:42:11,87.36,0.0,20,174720,买盘
14:42:14,87.36,0.0,7,64297,买盘
14:42:35,87.36,0.0,3,26383,买盘
14:42:38,87.36,0.0,3,27431,买盘
14:42:44,87.36,0.0,4,34944,卖盘
14:42:50,87.36,0.0,3,22102,卖盘
14:42:53,87.4,0.04,15,128216,买盘
14:42:56,87.36,-0.04,1,8736,卖盘
14:42:59,87.5,0.14,42,371551,买盘
14:43:02,87.52,0.02,6,52512,买盘
14:43:08,87.52,0.0,10,83494,买盘
14:43:11,87.5,-0.02,11,96250,卖盘
14:43:14,87.52,0.02,2,21355,买盘
14:43:17,87.5,-0.02,2,18729,卖盘
14:43:20,87.5,0.0,13,110167,卖盘
14:43:29,87.47,-0.03,12,104994,中性盘
14:43:35,87.5,0.03,5,43750,买盘
14:43:41,87.5,0.0,8,69994,买盘
14:43:44,87.5,0.0,10,87500,买盘
14:43:47,87.5,0.0,11,96232,买盘
14:43:50,87.39,-0.11,23,204830,卖盘
14:44:08,87.5,0.11,3,24587,买盘
14:44:23,87.5,0.0,8,68163,卖盘
14:44:26,87.5,0.0,2,13125,买盘
14:44:32,87.5,0.0,5,43750,卖盘
14:44:35,87.52,0.02,2,17504,买盘
14:44:44,87.52,0.0,4,35008,买盘
14:44:53,87.52,0.0,2,19079,买盘
14:45:02,87.52,0.0,3,24243,买盘
14:45:05,87.51,-0.01,10,87510,卖盘
14:45:11,87.52,0.01,5,40165,买盘
14:45:14,87.5,-0.02,8,69925,卖盘
14:45:17,87.51,0.01,9,78759,卖盘
14:45:32,87.53,0.02,20,176898,买盘
14:45:35,87.51,-0.02,40,350040,卖盘
14:45:47,87.51,0.0,10,87510,卖盘
14:45:53,87.51,0.0,12,105012,卖盘
14:46:05,87.53,0.02,10,83661,买盘
14:46:08,87.51,-0.02,20,175024,卖盘
14:46:26,87.53,0.02,2,17506,卖盘
14:46:38,87.55,0.02,2,17860,买盘
14:46:41,87.55,0.0,9,76694,买盘
14:46:44,87.55,0.0,12,106023,买盘
14:46:47,87.56,0.01,2,17512,买盘
14:46:53,87.55,-0.01,9,79325,卖盘
14:46:59,87.6,0.05,72,629736,买盘
14:47:02,87.55,-0.05,5,43785,卖盘
14:47:08,87.76,0.21,2,17552,买盘
14:47:20,87.72,-0.04,2,17544,中性盘
14:47:23,87.62,-0.1,7,61334,买盘
14:47:29,87.77,0.15,10,87770,买盘
14:47:32,87.82,0.05,7,62078,买盘
14:47:35,87.9,0.08,4,35160,买盘
14:47:41,87.9,0.0,13,112512,买盘
14:47:47,87.97,0.07,3,27623,买盘
14:47:50,88.0,0.03,3,27192,买盘
14:47:56,88.0,0.0,7,60808,买盘
14:48:02,88.3,0.3,5,44140,买盘
14:48:05,88.0,-0.3,1,5720,卖盘
14:48:11,88.3,0.3,20,176600,买盘
14:48:17,88.3,0.0,7,59956,卖盘
14:48:20,88.3,0.0,7,59867,买盘
14:48:23,88.3,0.0,9,79028,买盘
14:48:26,88.3,0.0,1,9802,买盘
14:48:29,88.3,0.0,5,41854,卖盘
14:48:35,88.49,0.19,2,17698,买盘
14:48:38,88.49,0.0,16,141526,卖盘
14:48:44,88.5,0.01,15,133896,买盘
14:48:47,88.55,0.05,30,265650,买盘
14:48:53,88.75,0.2,147,1303583,买盘
14:48:56,88.75,0.0,4,38525,卖盘
14:48:59,88.78,0.03,13,112395,买盘
14:49:02,88.79,0.01,2,17758,买盘
14:49:05,88.78,-0.01,36,321756,卖盘
14:49:08,88.79,0.01,15,133180,卖盘
14:49:11,88.8,0.01,535,4746616,买盘
14:49:14,88.8,0.0,87,768298,买盘
14:49:17,88.8,0.0,20,177600,卖盘
14:49:23,88.8,0.0,27,239760,卖盘
14:49:26,88.8,0.0,2,17760,卖盘
14:49:35,88.8,0.0,12,106560,卖盘
14:49:41,88.8,0.0,10,88800,卖盘
14:49:50,88.8,0.0,2,17760,卖盘
14:49:53,88.8,0.0,2,17760,卖盘
14:50:05,88.8,0.0,2,17760,卖盘
14:50:08,88.8,0.0,5,44400,卖盘
14:50:17,88.8,0.0,25,222000,卖盘
14:50:23,88.8,0.0,7,62160,卖盘
14:50:26,88.8,0.0,2,17760,卖盘
14:50:35,88.8,0.0,6,53280,卖盘
14:50:38,88.8,0.0,6,53280,卖盘
14:50:41,88.8,0.0,3,26640,卖盘
14:50:44,88.8,0.0,2,17760,卖盘
14:50:50,88.8,0.0,5,44400,卖盘
14:50:53,88.8,0.0,5,44400,卖盘
14:50:59,88.8,0.0,45,397557,卖盘
14:51:20,88.8,0.0,18,158508,卖盘
14:51:23,88.8,0.0,15,133200,卖盘
14:51:26,88.8,0.0,14,123077,卖盘
14:51:32,88.8,0.0,2,17760,卖盘
14:51:38,88.8,0.0,9,79920,卖盘
14:51:44,88.8,0.0,13,114374,卖盘
14:51:53,88.8,0.0,2,17760,卖盘
14:51:59,88.8,0.0,10,88800,卖盘
14:52:14,88.8,0.0,5,44400,卖盘
14:52:23,88.8,0.0,5,44400,卖盘
14:52:29,88.8,0.0,3,22289,卖盘
14:52:32,88.8,0.0,2,17760,卖盘
14:52:41,88.8,0.0,2,17760,卖盘
14:52:47,88.8,0.0,1,8880,卖盘
14:52:53,88.8,0.0,2,19891,卖盘
14:52:56,88.8,0.0,9,79920,卖盘
14:52:59,88.8,0.0,5,44400,卖盘
14:53:11,88.8,0.0,6,54168,卖盘
14:53:14,88.8,0.0,2,17760,卖盘
14:53:23,88.8,0.0,4,38362,卖盘
14:53:35,88.8,0.0,2,17760,卖盘
14:53:41,88.8,0.0,26,233366,卖盘
14:54:14,88.8,0.0,2,17760,卖盘
14:54:17,88.8,0.0,4,35520,卖盘
14:54:23,88.8,0.0,5,44400,卖盘
14:54:32,88.8,0.0,10,88800,卖盘
14:54:41,88.8,0.0,3,26640,卖盘
14:55:23,88.8,0.0,10,88800,卖盘
14:55:32,88.8,0.0,10,88800,卖盘
14:55:41,88.8,0.0,32,284160,卖盘
14:56:11,88.8,0.0,3,26640,卖盘
14:56:20,88.8,0.0,2,15984,卖盘
14:56:26,88.8,0.0,106,944300,卖盘
14:56:29,88.8,0.0,2,17760,卖盘
14:56:38,88.8,0.0,4,35520,卖盘
14:56:44,88.8,0.0,30,266400,卖盘
14:56:53,88.8,0.0,30,266400,卖盘
15:00:02,88.8,0.0,27,240648,卖盘
