成交时间,成交价格,价格变动,成交量,成交金额,性质
09:25:00,5.67,-0.04,24879,14106393,卖盘
09:30:00,5.54,-0.13,319,177606,卖盘
09:30:03,5.53,-0.01,1995,1107791,中性盘
09:30:06,5.5,-0.03,1663,914450,卖盘
09:30:09,5.48,-0.02,1102,601728,中性盘
09:30:12,5.42,-0.06,1420,774494,卖盘
09:30:15,5.41,-0.01,721,390487,卖盘
09:30:18,5.39,-0.02,488,263545,卖盘
09:30:21,5.37,-0.02,895,481118,卖盘
09:30:24,5.34,-0.03,1284,690417,卖盘
09:30:27,5.33,-0.01,99,52833,中性盘
09:30:30,5.35,0.02,792,423738,买盘
09:30:33,5.37,0.02,1207,648046,中性盘
09:30:36,5.39,0.02,987,532515,买盘
09:30:39,5.41,0.02,524,283311,买盘
09:30:42,5.46,0.05,431,234368,买盘
09:30:45,5.47,0.01,754,411880,买盘
09:30:48,5.49,0.02,742,406100,买盘
09:30:51,5.5,0.01,293,160829,买盘
09:30:54,5.53,0.03,1870,1028278,买盘
09:30:57,5.5,-0.03,2852,1575745,卖盘
09:31:00,5.51,0.01,480,265348,中性盘
09:31:03,5.51,0.0,4925,2708760,买盘
09:31:06,5.45,-0.06,3352,1834923,卖盘
09:31:09,5.46,0.01,2817,1544346,买盘
09:31:12,5.43,-0.03,533,290571,卖盘
09:31:15,5.45,0.02,374,203504,买盘
09:31:18,5.42,-0.03,1950,1055206,卖盘
09:31:21,5.39,-0.03,882,476748,中性盘
09:31:24,5.45,0.06,2024,1101503,买盘
09:31:27,5.45,0.0,1077,586174,卖盘
09:31:30,5.45,0.0,1335,726252,买盘
09:31:33,5.45,0.0,526,286434,卖盘
09:31:36,5.41,-0.04,2414,1309568,卖盘
09:31:39,5.43,0.02,573,310711,买盘
09:31:42,5.41,-0.02,1354,734649,中性盘
09:31:45,5.42,0.01,457,248025,中性盘
09:31:48,5.42,0.0,408,221253,卖盘
09:31:51,5.42,0.0,729,395385,卖盘
09:31:54,5.42,0.0,554,300544,卖盘
09:31:57,5.42,0.0,1172,635502,买盘
09:32:00,5.42,0.0,536,290439,卖盘
09:32:03,5.43,0.01,498,270659,买盘
09:32:06,5.44,0.01,791,429602,买盘
09:32:09,5.44,0.0,391,212618,买盘
09:32:12,5.45,0.01,253,137701,买盘
09:32:15,5.45,0.0,399,217450,买盘
09:32:18,5.45,0.0,167,91049,卖盘
09:32:21,5.46,0.01,765,417230,买盘
09:32:24,5.44,-0.02,1333,726642,卖盘
09:32:27,5.46,0.02,385,210145,买盘
09:32:30,5.46,0.0,233,127299,卖盘
09:32:33,5.47,0.01,1147,626402,买盘
09:32:36,5.47,0.0,746,407495,卖盘
09:32:39,5.48,0.01,1801,984397,买盘
09:32:42,5.47,-0.01,1184,648757,卖盘
09:32:45,5.47,0.0,1234,674344,买盘
09:32:48,5.48,0.01,368,201616,中性盘
09:32:51,5.49,0.01,299,163962,买盘
09:32:54,5.5,0.01,673,369812,买盘
09:32:57,5.5,0.0,648,356272,买盘
09:33:00,5.5,0.0,542,297668,买盘
09:33:03,5.49,-0.01,1002,550333,中性盘
09:33:06,5.49,0.0,757,415720,买盘
09:33:09,5.48,-0.01,903,494953,卖盘
09:33:12,5.47,-0.01,631,345326,卖盘
09:33:15,5.47,0.0,1154,632801,卖盘
09:33:18,5.48,0.01,935,512273,买盘
09:33:21,5.48,0.0,706,387140,卖盘
09:33:24,5.48,0.0,973,533917,卖盘
09:33:27,5.49,0.01,807,442673,买盘
09:33:30,5.49,0.0,242,133041,卖盘
09:33:33,5.49,0.0,296,162674,卖盘
09:33:36,5.49,0.0,821,451498,卖盘
09:33:39,5.5,0.01,292,160563,买盘
09:33:42,5.5,0.0,355,195336,卖盘
09:33:45,5.51,0.01,2708,1492128,买盘
09:33:48,5.51,0.0,493,271759,卖盘
09:33:51,5.53,0.02,204,112710,买盘
09:33:54,5.52,-0.01,389,214796,卖盘
09:33:57,5.52,0.0,571,314958,卖盘
09:34:00,5.51,-0.01,503,277282,卖盘
09:34:03,5.52,0.01,498,274915,买盘
09:34:06,5.49,-0.03,1464,805301,卖盘
09:34:09,5.49,0.0,1366,751175,卖盘
09:34:12,5.48,-0.01,2020,1108530,卖盘
09:34:15,5.49,0.01,1453,797191,买盘
09:34:18,5.49,0.0,1825,1002030,卖盘
09:34:21,5.5,0.01,898,493363,买盘
09:34:24,5.49,-0.01,121,66340,中性盘
09:34:27,5.48,-0.01,432,236869,卖盘
09:34:30,5.49,0.01,462,253502,买盘
09:34:33,5.49,0.0,391,214323,买盘
09:34:36,5.51,0.02,1866,1027328,买盘
09:34:39,5.55,0.04,3806,2105907,买盘
09:34:42,5.54,-0.01,1497,830982,卖盘
09:34:45,5.55,0.01,123,68101,中性盘
09:34:48,5.54,-0.01,449,249243,卖盘
09:34:51,5.55,0.01,134,74351,中性盘
09:34:54,5.56,0.01,492,272890,买盘
09:34:57,5.56,0.0,548,303758,买盘
09:35:00,5.53,-0.03,280,155148,中性盘
09:35:03,5.55,0.02,1194,663131,买盘
09:35:06,5.52,-0.03,109,60252,中性盘
09:35:09,5.51,-0.01,598,329928,卖盘
09:35:12,5.51,0.0,88,48430,卖盘
09:35:15,5.51,0.0,149,82099,买盘
09:35:18,5.5,-0.01,261,143774,卖盘
09:35:21,5.5,0.0,1149,631950,卖盘
09:35:24,5.5,0.0,340,187168,中性盘
09:35:27,5.5,0.0,261,143550,买盘
09:35:30,5.51,0.01,157,86429,买盘
09:35:33,5.51,0.0,848,466649,买盘
09:35:36,5.5,-0.01,307,169055,卖盘
09:35:39,5.5,0.0,221,121610,卖盘
09:35:42,5.5,0.0,1395,767303,卖盘
09:35:45,5.5,0.0,240,131921,买盘
09:35:48,5.5,0.0,299,164261,买盘
09:35:51,5.5,0.0,445,244691,买盘
09:35:54,5.49,-0.01,67,36759,中性盘
09:35:57,5.48,-0.01,81,44433,卖盘
09:36:00,5.48,0.0,984,539807,卖盘
09:36:03,5.47,-0.01,76,41629,卖盘
09:36:06,5.47,0.0,172,94153,卖盘
09:36:09,5.47,0.0,246,134562,卖盘
09:36:12,5.46,-0.01,150,82090,卖盘
09:36:15,5.46,0.0,148,80817,卖盘
09:36:18,5.47,0.01,226,123550,买盘
09:36:21,5.46,-0.01,426,232970,卖盘
09:36:24,5.46,0.0,179,97746,卖盘
09:36:27,5.46,0.0,148,80747,买盘
09:36:30,5.46,0.0,584,318834,买盘
09:36:33,5.45,-0.01,141,76888,卖盘
09:36:36,5.46,0.01,88,48048,买盘
09:36:39,5.45,-0.01,662,360793,卖盘
09:36:42,5.45,0.0,182,99228,卖盘
09:36:45,5.46,0.01,870,474826,买盘
09:36:48,5.45,-0.01,397,216722,卖盘
09:36:51,5.45,0.0,142,77416,卖盘
09:36:54,5.46,0.01,59,32172,买盘
09:36:57,5.46,0.0,531,289661,买盘
09:37:00,5.46,0.0,725,395810,买盘
09:37:03,5.46,0.0,126,68856,卖盘
09:37:06,5.46,0.0,1580,866165,卖盘
09:37:09,5.47,0.01,36,19663,卖盘
09:37:12,5.47,0.0,352,192509,卖盘
09:37:15,5.48,0.01,102,55891,买盘
09:37:18,5.48,0.0,83,45470,买盘
09:37:21,5.47,-0.01,150,82087,卖盘
09:37:24,5.48,0.01,367,201001,买盘
09:37:27,5.46,-0.02,85,46493,卖盘
09:37:30,5.47,0.01,59,32273,买盘
09:37:33,5.47,0.0,52,28472,买盘
09:37:36,5.47,0.0,71,38837,卖盘
09:37:39,5.46,-0.01,195,106529,卖盘
09:37:42,5.47,0.01,733,401290,买盘
09:37:45,5.47,0.0,517,282297,买盘
09:37:48,5.47,0.0,559,305768,买盘
09:37:51,5.47,0.0,430,235210,卖盘
09:37:54,5.48,0.01,103,56343,买盘
09:37:57,5.47,-0.01,245,134188,卖盘
09:38:00,5.47,0.0,10,5470,买盘
09:38:03,5.47,0.0,15,8205,买盘
09:38:06,5.47,0.0,290,158426,买盘
09:38:09,5.46,-0.01,100,54715,卖盘
09:38:12,5.47,0.01,95,52042,中性盘
09:38:15,5.47,0.0,302,165452,卖盘
09:38:18,5.47,0.0,335,183247,卖盘
09:38:21,5.47,0.0,857,468178,卖盘
09:38:24,5.46,-0.01,529,289319,卖盘
09:38:27,5.47,0.01,56,30638,买盘
09:38:30,5.46,-0.01,299,163364,卖盘
09:38:33,5.46,0.0,96,52509,卖盘
09:38:36,5.46,0.0,293,160078,卖盘
09:38:39,5.46,0.0,37,20202,买盘
09:38:42,5.45,-0.01,410,223470,卖盘
09:38:45,5.45,0.0,192,104732,卖盘
09:38:48,5.46,0.01,130,70916,买盘
09:38:51,5.45,-0.01,160,87256,卖盘
09:38:54,5.45,0.0,258,140709,卖盘
09:38:57,5.45,0.0,167,91090,卖盘
09:39:00,5.46,0.01,56,30542,买盘
09:39:03,5.45,-0.01,237,129201,卖盘
09:39:06,5.45,0.0,95,51779,卖盘
09:39:09,5.46,0.01,122,66522,买盘
09:39:12,5.45,-0.01,39,21255,卖盘
09:39:15,5.45,0.0,66,35973,卖盘
09:39:18,5.46,0.01,252,137539,买盘
09:39:21,5.45,-0.01,359,195917,卖盘
09:39:24,5.45,0.0,57,31102,卖盘
09:39:27,5.45,0.0,47,25632,卖盘
09:39:30,5.45,0.0,17,9270,卖盘
09:39:33,5.46,0.01,159,86781,买盘
09:39:36,5.46,0.0,32,17470,买盘
09:39:39,5.45,-0.01,7,3815,卖盘
09:39:42,5.46,0.01,98,53486,买盘
09:39:45,5.46,0.0,287,156643,买盘
09:39:48,5.46,0.0,103,56233,买盘
09:39:51,5.45,-0.01,415,226321,卖盘
09:39:54,5.46,0.01,130,70973,买盘
09:39:57,5.46,0.0,383,209263,卖盘
09:40:00,5.46,0.0,379,207156,卖盘
09:40:03,5.46,0.0,97,53003,卖盘
09:40:06,5.46,0.0,240,131169,卖盘
09:40:09,5.46,0.0,266,145259,卖盘
09:40:12,5.47,0.01,98,53606,中性盘
09:40:15,5.47,0.0,57,31179,卖盘
09:40:18,5.47,0.0,348,190378,卖盘
09:40:21,5.46,-0.01,487,266392,卖盘
09:40:24,5.47,0.01,9,4918,买盘
09:40:27,5.47,0.0,58,31696,买盘
09:40:30,5.47,0.0,61,33339,买盘
09:40:33,5.47,0.0,158,86406,买盘
09:40:36,5.46,-0.01,284,155318,卖盘
09:40:39,5.47,0.01,138,75372,买盘
09:40:42,5.47,0.0,397,216931,买盘
09:40:45,5.47,0.0,28,15316,卖盘
09:40:48,5.47,0.0,3,1641,卖盘
09:40:51,5.47,0.0,91,49788,卖盘
09:40:54,5.47,0.0,31,16983,卖盘
09:40:57,5.49,0.02,363,198828,买盘
09:41:00,5.48,-0.01,35,19180,中性盘
09:41:03,5.49,0.01,1468,805931,买盘
09:41:06,5.5,0.01,969,532405,买盘
09:41:09,5.52,0.02,2664,1465927,买盘
09:41:12,5.52,0.0,660,363903,买盘
09:41:15,5.51,-0.01,407,224503,中性盘
09:41:18,5.52,0.01,318,175533,买盘
09:41:21,5.51,-0.01,446,245519,卖盘
09:41:24,5.5,-0.01,386,212441,卖盘
09:41:27,5.5,0.0,243,133621,买盘
09:41:30,5.5,0.0,116,63800,买盘
09:41:33,5.5,0.0,60,33000,买盘
09:41:36,5.49,-0.01,646,355267,卖盘
09:41:39,5.49,0.0,334,183428,卖盘
09:41:42,5.49,0.0,406,222897,卖盘
09:41:45,5.49,0.0,30,16470,买盘
09:41:48,5.48,-0.01,71,38955,卖盘
09:41:51,5.48,0.0,183,100438,卖盘
09:41:54,5.48,0.0,113,61999,卖盘
09:41:57,5.48,0.0,41,22490,卖盘
09:42:00,5.49,0.01,8,4392,卖盘
09:42:03,5.48,-0.01,69,37875,卖盘
09:42:06,5.49,0.01,43,23607,买盘
09:42:09,5.49,0.0,66,36204,买盘
09:42:12,5.48,-0.01,255,139892,卖盘
09:42:15,5.48,0.0,59,32361,卖盘
09:42:18,5.49,0.01,117,64169,买盘
09:42:21,5.49,0.0,198,108706,卖盘
09:42:24,5.5,0.01,461,253409,买盘
09:42:27,5.49,-0.01,131,71930,卖盘
09:42:30,5.49,0.0,6,3294,买盘
09:42:33,5.48,-0.01,133,72997,卖盘
09:42:36,5.48,0.0,51,27948,卖盘
09:42:39,5.49,0.01,17,9323,买盘
09:42:42,5.47,-0.02,2057,1125527,卖盘
09:42:45,5.47,0.0,6,3282,买盘
09:42:48,5.47,0.0,26,14222,买盘
09:42:51,5.46,-0.01,2,1092,卖盘
09:42:54,5.46,0.0,129,70462,卖盘
09:42:57,5.46,0.0,159,86814,卖盘
09:43:00,5.46,0.0,29,15834,卖盘
09:43:03,5.47,0.01,371,202822,买盘
09:43:06,5.46,-0.01,479,261535,卖盘
09:43:09,5.46,0.0,110,60060,卖盘
09:43:12,5.47,0.01,499,272565,买盘
09:43:15,5.47,0.0,65,35555,买盘
09:43:18,5.47,0.0,187,102221,买盘
09:43:21,5.47,0.0,40,21880,卖盘
09:43:24,5.47,0.0,29,15869,卖盘
09:43:27,5.47,0.0,121,66187,卖盘
09:43:30,5.47,0.0,43,23521,卖盘
09:43:33,5.48,0.01,50,27358,买盘
09:43:36,5.48,0.0,127,69485,买盘
09:43:39,5.47,-0.01,195,106667,卖盘
09:43:42,5.47,0.0,65,35558,卖盘
09:43:45,5.47,0.0,118,64652,卖盘
09:43:48,5.48,0.01,160,87555,买盘
09:43:51,5.48,0.0,122,66735,买盘
09:43:54,5.48,0.0,362,198369,买盘
09:43:57,5.48,0.0,70,38360,买盘
09:44:00,5.48,0.0,286,156718,买盘
09:44:03,5.48,0.0,32,17532,买盘
09:44:06,5.47,-0.01,53,29031,卖盘
09:44:09,5.47,0.0,47,25709,卖盘
09:44:12,5.47,0.0,322,176144,卖盘
09:44:15,5.48,0.01,136,74412,买盘
09:44:18,5.47,-0.01,80,43756,卖盘
09:44:21,5.47,0.0,14,7652,买盘
09:44:24,5.47,0.0,8,4375,买盘
09:44:27,5.46,-0.01,1,546,卖盘
09:44:30,5.46,0.0,50,27300,卖盘
09:44:33,5.46,0.0,466,254546,卖盘
09:44:36,5.46,0.0,90,49140,卖盘
09:44:39,5.47,0.01,433,236448,买盘
09:44:42,5.46,-0.01,1145,625243,卖盘
09:44:45,5.46,0.0,11,6006,买盘
09:44:48,5.46,0.0,266,145161,买盘
09:44:51,5.46,0.0,71,38706,买盘
09:44:54,5.46,0.0,50,27300,买盘
09:44:57,5.46,0.0,108,58968,买盘
09:45:00,5.46,0.0,184,100433,买盘
09:45:03,5.46,0.0,163,88997,买盘
09:45:06,5.45,-0.01,16,8726,卖盘
09:45:09,5.47,0.02,941,514493,买盘
09:45:12,5.47,0.0,800,438346,卖盘
09:45:15,5.47,0.0,325,177870,卖盘
09:45:18,5.47,0.0,167,91490,卖盘
09:45:21,5.47,0.0,55,30095,卖盘
09:45:24,5.47,0.0,486,265842,卖盘
09:45:27,5.47,0.0,10,5473,卖盘
09:45:30,5.46,-0.01,302,165187,卖盘
09:45:33,5.47,0.01,6,3282,买盘
09:45:36,5.46,-0.01,53,28941,卖盘
09:45:39,5.47,0.01,33,18046,买盘
09:45:42,5.46,-0.01,12,6562,卖盘
09:45:45,5.47,0.01,62,33872,买盘
09:45:48,5.46,-0.01,222,121358,卖盘
09:45:51,5.46,0.0,228,124490,卖盘
09:45:54,5.47,0.01,107,58446,买盘
09:45:57,5.46,-0.01,57,31142,卖盘
09:46:00,5.47,0.01,125,68251,买盘
09:46:03,5.46,-0.01,39,21294,卖盘
09:46:06,5.47,0.01,5,2734,买盘
09:46:09,5.47,0.0,2742,1499859,买盘
09:46:12,5.47,0.0,380,208017,卖盘
09:46:15,5.47,0.0,301,164822,卖盘
09:46:18,5.48,0.01,715,392463,卖盘
09:46:21,5.51,0.03,3575,1966014,买盘
09:46:24,5.5,-0.01,177,97353,卖盘
09:46:27,5.51,0.01,9,4959,买盘
09:46:30,5.5,-0.01,197,108350,卖盘
09:46:33,5.51,0.01,826,455121,买盘
09:46:36,5.5,-0.01,1386,763552,卖盘
09:46:39,5.51,0.01,140,77081,买盘
09:46:42,5.51,0.0,206,113481,买盘
09:46:45,5.51,0.0,91,50068,买盘
09:46:48,5.52,0.01,1365,752218,买盘
09:46:51,5.52,0.0,89,49069,买盘
09:46:54,5.52,0.0,146,80572,买盘
09:46:57,5.52,0.0,429,236806,买盘
09:47:00,5.52,0.0,142,78384,卖盘
09:47:03,5.52,0.0,121,66841,卖盘
09:47:06,5.53,0.01,512,282795,买盘
09:47:09,5.53,0.0,63,34829,买盘
09:47:12,5.52,-0.01,686,379244,卖盘
09:47:15,5.53,0.01,1061,587617,买盘
09:47:18,5.53,0.0,75,41475,卖盘
09:47:21,5.54,0.01,466,258032,买盘
09:47:24,5.54,0.0,586,324111,买盘
09:47:27,5.53,-0.01,157,86918,中性盘
09:47:30,5.54,0.01,117,64815,买盘
09:47:33,5.54,0.0,271,150062,买盘
09:47:36,5.54,0.0,383,212143,买盘
09:47:39,5.54,0.0,401,222154,买盘
09:47:42,5.54,0.0,117,64779,卖盘
09:47:45,5.54,0.0,160,88684,卖盘
09:47:48,5.54,0.0,712,394970,卖盘
09:47:51,5.54,0.0,823,456255,卖盘
09:47:54,5.55,0.01,241,133619,买盘
09:47:57,5.55,0.0,494,274069,买盘
09:48:00,5.55,0.0,173,96015,买盘
09:48:03,5.55,0.0,218,120985,买盘
09:48:06,5.55,0.0,779,431843,买盘
09:48:09,5.55,0.0,153,84914,买盘
09:48:12,5.55,0.0,173,96012,买盘
09:48:15,5.54,-0.01,110,60926,买盘
09:48:18,5.54,0.0,260,143932,买盘
09:48:21,5.53,-0.01,217,120206,卖盘
09:48:24,5.53,0.0,282,155983,卖盘
09:48:27,5.53,0.0,132,73030,卖盘
09:48:30,5.54,0.01,150,82955,买盘
09:48:33,5.52,-0.02,132,72991,卖盘
09:48:36,5.53,0.01,239,132244,买盘
09:48:39,5.54,0.01,182,100688,买盘
09:48:42,5.54,0.0,557,308270,买盘
09:48:45,5.53,-0.01,305,168811,卖盘
09:48:48,5.54,0.01,375,207485,买盘
09:48:51,5.54,0.0,116,64188,买盘
09:48:54,5.54,0.0,401,222019,买盘
09:48:57,5.53,-0.01,110,60860,卖盘
09:49:00,5.54,0.01,165,91369,买盘
09:49:03,5.54,0.0,71,39266,买盘
09:49:06,5.54,0.0,72,39850,买盘
09:49:09,5.54,0.0,133,73568,买盘
09:49:12,5.54,0.0,161,89149,买盘
09:49:15,5.54,0.0,238,131457,买盘
09:49:18,5.54,0.0,186,103041,买盘
09:49:21,5.54,0.0,68,37646,买盘
09:49:24,5.54,0.0,241,133504,买盘
09:49:27,5.54,0.0,469,259826,买盘
09:49:30,5.54,0.0,365,201900,买盘
09:49:33,5.54,0.0,23,12742,买盘
09:49:36,5.54,0.0,166,91888,买盘
09:49:39,5.53,-0.01,68,37604,买盘
09:49:42,5.53,0.0,32,17696,买盘
09:49:45,5.52,-0.01,92,50859,卖盘
09:49:48,5.53,0.01,38,21007,买盘
09:49:51,5.53,0.0,69,38150,买盘
09:49:54,5.53,0.0,991,548021,买盘
09:49:57,5.53,0.0,588,325088,卖盘
09:50:00,5.54,0.01,165,91168,买盘
09:50:03,5.54,0.0,49,27125,买盘
09:50:06,5.52,-0.02,405,224210,卖盘
09:50:09,5.54,0.02,1321,731740,买盘
09:50:12,5.55,0.01,500,277479,买盘
09:50:15,5.54,-0.01,334,185339,卖盘
09:50:18,5.54,0.0,1386,767898,卖盘
09:50:21,5.54,0.0,64,35478,卖盘
09:50:24,5.54,0.0,382,211685,买盘
09:50:27,5.54,0.0,134,74286,卖盘
09:50:30,5.54,0.0,452,250725,卖盘
09:50:33,5.54,0.0,58,32180,卖盘
09:50:36,5.54,0.0,58,32173,卖盘
09:50:39,5.54,0.0,96,53218,卖盘
09:50:42,5.55,0.01,134,74339,买盘
09:50:45,5.54,-0.01,179,99189,卖盘
09:50:48,5.54,0.0,119,65984,卖盘
09:50:51,5.54,0.0,142,78704,卖盘
09:50:54,5.54,0.0,53,29364,卖盘
09:50:57,5.55,0.01,21,11653,买盘
09:51:00,5.54,-0.01,885,491165,卖盘
09:51:03,5.54,0.0,235,130360,卖盘
09:51:06,5.55,0.01,638,354090,买盘
09:51:09,5.55,0.0,60,33250,买盘
09:51:12,5.54,-0.01,330,182905,卖盘
09:51:15,5.55,0.01,82,45510,买盘
09:51:18,5.55,0.0,127,70425,买盘
09:51:21,5.55,0.0,262,145401,买盘
09:51:24,5.55,0.0,183,101510,买盘
09:51:27,5.54,-0.01,139,77025,卖盘
09:51:30,5.55,0.01,24,13310,买盘
09:51:33,5.54,-0.01,25,13870,卖盘
09:51:36,5.55,0.01,54,29970,买盘
09:51:39,5.54,-0.01,133,73803,卖盘
09:51:42,5.54,0.0,76,42148,卖盘
09:51:45,5.54,0.0,60,33240,卖盘
09:51:48,5.54,0.0,151,83781,卖盘
09:51:51,5.54,0.0,481,266480,卖盘
09:51:54,5.54,0.0,695,385580,卖盘
09:51:57,5.54,0.0,268,148472,卖盘
09:52:00,5.54,0.0,390,216060,卖盘
09:52:03,5.54,0.0,70,38780,买盘
09:52:06,5.54,0.0,16,8855,买盘
09:52:09,5.54,0.0,8,4427,买盘
09:52:12,5.53,-0.01,138,76319,卖盘
09:52:15,5.53,0.0,179,99024,卖盘
09:52:18,5.53,0.0,41,22693,卖盘
09:52:21,5.54,0.01,89,49234,买盘
09:52:24,5.53,-0.01,51,28203,卖盘
09:52:27,5.54,0.01,84,46536,买盘
09:52:30,5.53,-0.01,22,12166,卖盘
09:52:33,5.53,0.0,3,1659,卖盘
09:52:36,5.54,0.01,29,16039,买盘
09:52:39,5.53,-0.01,9,4977,卖盘
09:52:42,5.53,0.0,21,11613,卖盘
09:52:45,5.53,0.0,48,26544,卖盘
09:52:48,5.53,0.0,40,22125,卖盘
09:52:51,5.53,0.0,59,32627,卖盘
09:52:54,5.54,0.01,46,25440,买盘
09:52:57,5.53,-0.01,280,154946,卖盘
09:53:00,5.53,0.0,147,81309,卖盘
09:53:03,5.54,0.01,5,2770,买盘
09:53:06,5.53,-0.01,552,305559,卖盘
09:53:09,5.55,0.02,2696,1494141,买盘
09:53:12,5.55,0.0,308,170938,买盘
09:53:15,5.54,-0.01,100,55400,卖盘
09:53:18,5.55,0.01,10,5545,买盘
09:53:21,5.54,-0.01,5,2770,中性盘
09:53:24,5.54,0.0,2,1108,买盘
09:53:27,5.54,0.0,30,16610,买盘
09:53:30,5.54,0.0,77,42658,买盘
09:53:33,5.54,0.0,13,7202,买盘
09:53:36,5.54,0.0,140,77510,买盘
09:53:39,5.54,0.0,61,33794,买盘
09:53:42,5.53,-0.01,96,53179,卖盘
09:53:45,5.54,0.01,4,2216,买盘
09:53:48,5.54,0.0,233,129082,买盘
09:53:51,5.54,0.0,20,11066,买盘
09:53:54,5.53,-0.01,69,38157,卖盘
09:53:57,5.54,0.01,234,129636,买盘
09:54:00,5.54,0.0,96,53105,买盘
09:54:03,5.54,0.0,21,11634,买盘
09:54:06,5.54,0.0,58,32132,买盘
09:54:09,5.54,0.0,46,25484,买盘
09:54:12,5.54,0.0,156,86424,买盘
09:54:15,5.54,0.0,192,106490,买盘
09:54:18,5.54,0.0,15,8310,卖盘
09:54:21,5.54,0.0,42,23276,卖盘
09:54:24,5.54,0.0,42,23269,卖盘
09:54:27,5.55,0.01,1154,640382,买盘
09:54:30,5.54,-0.01,55,30481,卖盘
09:54:33,5.55,0.01,463,256960,买盘
09:54:36,5.55,0.0,834,462830,买盘
09:54:39,5.55,0.0,103,57165,卖盘
09:54:42,5.55,0.0,143,79493,卖盘
09:54:45,5.55,0.0,165,91635,卖盘
09:54:48,5.55,0.0,349,193925,卖盘
09:54:51,5.56,0.01,295,163894,买盘
09:54:54,5.55,-0.01,110,61110,卖盘
09:54:57,5.56,0.01,212,117807,买盘
09:55:00,5.56,0.0,666,370177,买盘
09:55:03,5.56,0.0,128,71168,卖盘
09:55:06,5.56,0.0,20,11120,卖盘
09:55:09,5.56,0.0,51,28406,卖盘
09:55:12,5.56,0.0,15,8340,卖盘
09:55:15,5.57,0.01,743,413821,买盘
09:55:18,5.57,0.0,33,18381,卖盘
09:55:21,5.57,0.0,420,234227,卖盘
09:55:24,5.58,0.01,20,11150,买盘
09:55:27,5.58,0.0,367,204779,买盘
09:55:30,5.58,0.0,122,68074,买盘
09:55:33,5.58,0.0,546,304665,买盘
09:55:36,5.58,0.0,121,67619,卖盘
09:55:39,5.59,0.01,653,365012,买盘
09:55:42,5.6,0.01,64,35782,买盘
09:55:45,5.59,-0.01,378,211584,卖盘
09:55:48,5.6,0.01,803,449635,买盘
09:55:51,5.6,0.0,110,61549,买盘
09:55:54,5.59,-0.01,284,158989,卖盘
09:55:57,5.6,0.01,881,492956,买盘
09:56:00,5.6,0.0,1147,641500,买盘
09:56:03,5.6,0.0,860,481500,买盘
09:56:06,5.6,0.0,689,385723,买盘
09:56:09,5.6,0.0,1151,644408,买盘
09:56:12,5.6,0.0,624,349372,买盘
09:56:15,5.6,0.0,392,219514,买盘
09:56:18,5.6,0.0,109,61040,卖盘
09:56:21,5.61,0.01,111,62166,买盘
09:56:24,5.61,0.0,263,147306,买盘
09:56:27,5.61,0.0,771,432704,买盘
09:56:30,5.61,0.0,50,28047,买盘
09:56:33,5.61,0.0,36,20201,卖盘
09:56:36,5.62,0.01,115,64599,买盘
09:56:39,5.62,0.0,136,76400,买盘
09:56:42,5.62,0.0,216,121373,买盘
09:56:45,5.61,-0.01,559,313902,卖盘
09:56:48,5.62,0.01,192,107940,中性盘
09:56:51,5.62,0.0,514,288911,卖盘
09:56:54,5.62,0.0,186,104566,买盘
09:56:57,5.62,0.0,186,104647,卖盘
09:57:00,5.63,0.01,354,199032,买盘
09:57:03,5.63,0.0,119,66978,买盘
09:57:06,5.64,0.01,1182,665276,买盘
09:57:09,5.63,-0.01,610,343445,卖盘
09:57:12,5.63,0.0,171,96273,买盘
09:57:15,5.63,0.0,328,184669,买盘
09:57:18,5.63,0.0,642,361803,卖盘
09:57:21,5.63,0.0,166,93527,卖盘
09:57:24,5.64,0.01,179,100820,买盘
09:57:27,5.63,-0.01,721,406013,卖盘
09:57:30,5.63,0.0,298,167758,买盘
09:57:33,5.63,0.0,653,367722,买盘
09:57:36,5.63,0.0,279,157206,买盘
09:57:39,5.63,0.0,107,60239,卖盘
09:57:42,5.63,0.0,67,37721,卖盘
09:57:45,5.64,0.01,1838,1036067,买盘
09:57:48,5.63,-0.01,160,90061,买盘
09:57:51,5.63,0.0,120,67560,买盘
09:57:54,5.63,0.0,277,155946,买盘
09:57:57,5.63,0.0,37,20840,卖盘
09:58:00,5.64,0.01,298,168061,买盘
09:58:03,5.64,0.0,156,87938,买盘
09:58:06,5.64,0.0,527,297214,买盘
09:58:09,5.64,0.0,1191,672071,买盘
09:58:12,5.64,0.0,936,528205,卖盘
09:58:15,5.64,0.0,230,129860,卖盘
09:58:18,5.65,0.01,421,237557,买盘
09:58:21,5.65,0.0,252,142312,买盘
09:58:24,5.65,0.0,259,146322,买盘
09:58:27,5.65,0.0,269,151942,买盘
09:58:30,5.65,0.0,151,85295,买盘
09:58:33,5.64,-0.01,1758,992758,卖盘
09:58:36,5.65,0.01,139,78446,买盘
09:58:39,5.65,0.0,243,137280,买盘
09:58:42,5.64,-0.01,74,41805,卖盘
09:58:45,5.65,0.01,300,169400,买盘
09:58:48,5.64,-0.01,395,223156,卖盘
09:58:51,5.64,0.0,391,220835,卖盘
09:58:54,5.65,0.01,256,144546,买盘
09:58:57,5.64,-0.01,195,110026,卖盘
09:59:00,5.64,0.0,526,297111,卖盘
09:59:03,5.64,0.0,235,132607,卖盘
09:59:06,5.65,0.01,760,429395,买盘
09:59:09,5.65,0.0,432,244300,卖盘
09:59:12,5.65,0.0,759,429111,卖盘
09:59:15,5.65,0.0,140,79121,买盘
09:59:18,5.65,0.0,507,286317,买盘
09:59:21,5.65,0.0,89,50253,买盘
09:59:24,5.65,0.0,878,495937,买盘
09:59:27,5.65,0.0,339,191550,卖盘
09:59:30,5.65,0.0,21,11876,卖盘
09:59:33,5.65,0.0,233,131646,卖盘
09:59:36,5.64,-0.01,656,370641,卖盘
09:59:39,5.66,0.02,627,354701,买盘
09:59:42,5.65,-0.01,214,120886,买盘
09:59:45,5.65,0.0,207,116926,买盘
09:59:48,5.65,0.0,715,403975,买盘
09:59:51,5.65,0.0,114,64430,卖盘
09:59:54,5.65,0.0,155,87575,卖盘
09:59:57,5.66,0.01,199,112490,买盘
10:00:00,5.66,0.0,517,292569,买盘
10:00:03,5.66,0.0,131,74095,买盘
10:00:06,5.66,0.0,160,90560,买盘
10:00:09,5.65,-0.01,46,26025,卖盘
10:00:12,5.65,0.0,378,213823,卖盘
10:00:15,5.66,0.01,534,302191,买盘
10:00:18,5.66,0.0,293,165627,买盘
10:00:21,5.66,0.0,6252,3538788,买盘
10:00:24,5.65,-0.01,633,358616,卖盘
10:00:27,5.66,0.01,503,284688,买盘
10:00:30,5.66,0.0,409,231192,买盘
10:00:33,5.66,0.0,58,32813,买盘
10:00:36,5.66,0.0,379,214371,买盘
10:00:39,5.66,0.0,247,139741,买盘
10:00:42,5.65,-0.01,102,57709,卖盘
10:00:45,5.66,0.01,976,551560,买盘
10:00:48,5.66,0.0,2109,1192094,买盘
10:00:51,5.65,-0.01,458,258851,卖盘
10:00:54,5.65,0.0,733,414249,卖盘
10:00:57,5.65,0.0,482,272403,卖盘
10:01:00,5.65,0.0,142,80230,卖盘
10:01:03,5.65,0.0,124,70060,买盘
10:01:06,5.65,0.0,119,67173,买盘
10:01:09,5.65,0.0,71,40105,买盘
10:01:12,5.64,-0.01,74,41782,卖盘
10:01:15,5.64,0.0,241,135941,卖盘
10:01:18,5.65,0.01,156,88001,买盘
10:01:21,5.64,-0.01,410,231249,卖盘
10:01:24,5.64,0.0,16,9024,买盘
10:01:27,5.63,-0.01,52,29288,卖盘
10:01:30,5.62,-0.01,617,347177,卖盘
10:01:33,5.62,0.0,51,28684,卖盘
10:01:36,5.62,0.0,343,192601,卖盘
10:01:39,5.61,-0.01,27,15147,卖盘
10:01:42,5.62,0.01,5052,2822015,买盘
10:01:45,5.63,0.01,350,196787,买盘
10:01:48,5.63,0.0,539,303459,买盘
10:01:51,5.63,0.0,180,101410,卖盘
10:01:54,5.63,0.0,53,29846,卖盘
10:01:57,5.63,0.0,148,83361,卖盘
10:02:00,5.64,0.01,717,404021,买盘
10:02:03,5.63,-0.01,146,82199,卖盘
10:02:06,5.63,0.0,161,90646,卖盘
10:02:09,5.64,0.01,133,74911,买盘
10:02:12,5.63,-0.01,560,315292,卖盘
10:02:15,5.63,0.0,208,117142,卖盘
10:02:18,5.63,0.0,83,46732,卖盘
10:02:21,5.63,0.0,102,57446,卖盘
10:02:24,5.63,0.0,136,76568,卖盘
10:02:27,5.63,0.0,386,217412,卖盘
10:02:30,5.63,0.0,152,85580,卖盘
10:02:33,5.63,0.0,6,3378,买盘
10:02:36,5.62,-0.01,32,17984,卖盘
10:02:39,5.62,0.0,135,75875,卖盘
10:02:42,5.62,0.0,35,19670,买盘
10:02:45,5.62,0.0,48,26972,买盘
10:02:48,5.61,-0.01,202,113462,卖盘
10:02:51,5.63,0.02,5887,3313925,买盘
10:02:54,5.64,0.01,111,62668,中性盘
10:02:57,5.64,0.0,134,75604,卖盘
10:03:00,5.64,0.0,428,241707,卖盘
10:03:03,5.64,0.0,298,168128,卖盘
10:03:06,5.65,0.01,125,70512,买盘
10:03:09,5.64,-0.01,12,6774,卖盘
10:03:12,5.65,0.01,389,219409,买盘
10:03:15,5.65,0.0,105,59285,买盘
10:03:18,5.63,-0.02,203,114402,卖盘
10:03:21,5.64,0.01,61,34404,买盘
10:03:24,5.64,0.0,33,18612,买盘
10:03:27,5.63,-0.01,130,73209,卖盘
10:03:30,5.64,0.01,205,115608,买盘
10:03:33,5.63,-0.01,63,35524,卖盘
10:03:36,5.63,0.0,128,72182,卖盘
10:03:39,5.63,0.0,20,11260,卖盘
10:03:42,5.63,0.0,59,33255,卖盘
10:03:45,5.63,0.0,539,303703,卖盘
10:03:48,5.63,0.0,83,46735,卖盘
10:03:51,5.64,0.01,105,59120,买盘
10:03:54,5.63,-0.01,4,2252,卖盘
10:03:57,5.63,0.0,58,32654,卖盘
10:04:00,5.63,0.0,303,170589,卖盘
10:04:03,5.63,0.0,67,37751,卖盘
10:04:06,5.64,0.01,54,30408,买盘
10:04:09,5.64,0.0,248,139773,买盘
10:04:12,5.63,-0.01,62,34907,卖盘
10:04:15,5.63,0.0,80,45047,卖盘
10:04:18,5.63,0.0,598,337126,卖盘
10:04:21,5.63,0.0,35,19719,卖盘
10:04:24,5.63,0.0,110,61940,卖盘
10:04:27,5.64,0.01,1226,691424,买盘
10:04:30,5.64,0.0,102,57532,卖盘
10:04:33,5.64,0.0,380,214254,卖盘
10:04:36,5.64,0.0,157,88421,买盘
10:04:39,5.64,0.0,147,82918,卖盘
10:04:42,5.65,0.01,823,464691,买盘
10:04:45,5.64,-0.01,91,51345,卖盘
10:04:48,5.64,0.0,41,23146,卖盘
10:04:51,5.64,0.0,37,20868,卖盘
10:04:54,5.65,0.01,246,138906,买盘
10:04:57,5.64,-0.01,21,11855,卖盘
10:05:00,5.65,0.01,754,426008,买盘
10:05:03,5.65,0.0,289,163231,买盘
10:05:06,5.65,0.0,162,91530,买盘
10:05:09,5.65,0.0,177,99944,买盘
10:05:12,5.74,0.09,74683,42719944,买盘
10:05:15,5.74,0.0,575,330050,卖盘
10:05:18,5.74,0.0,313,179662,卖盘
10:05:21,5.74,0.0,163,93562,卖盘
10:05:24,5.74,0.0,273,156702,卖盘
10:05:27,5.74,0.0,624,358176,卖盘
10:05:30,5.74,0.0,718,412132,卖盘
10:05:33,5.74,0.0,101,57974,卖盘
10:05:36,5.74,0.0,535,307090,卖盘
10:05:39,5.74,0.0,1021,586054,卖盘
10:05:42,5.74,0.0,257,147518,卖盘
10:05:45,5.74,0.0,190,109060,卖盘
10:05:48,5.74,0.0,241,138334,卖盘
10:05:51,5.74,0.0,371,212954,卖盘
10:05:54,5.74,0.0,283,162442,卖盘
10:05:57,5.74,0.0,386,221564,卖盘
10:06:00,5.74,0.0,540,309960,卖盘
10:06:03,5.74,0.0,132,75768,卖盘
10:06:06,5.74,0.0,264,151536,卖盘
10:06:09,5.74,0.0,295,169330,卖盘
10:06:12,5.74,0.0,380,218120,卖盘
10:06:15,5.74,0.0,519,297906,卖盘
10:06:18,5.74,0.0,172,98728,卖盘
10:06:21,5.74,0.0,148,84952,卖盘
10:06:24,5.74,0.0,4757,2730518,卖盘
10:06:27,5.74,0.0,275,157850,卖盘
10:06:30,5.74,0.0,364,208936,卖盘
10:06:33,5.74,0.0,298,171052,卖盘
10:06:36,5.74,0.0,359,206066,卖盘
10:06:39,5.74,0.0,260,149240,卖盘
10:06:42,5.74,0.0,105,60270,卖盘
10:06:45,5.74,0.0,89,51086,卖盘
10:06:48,5.74,0.0,148,84952,卖盘
10:06:51,5.74,0.0,307,176218,卖盘
10:06:54,5.74,0.0,210,120540,卖盘
10:06:57,5.74,0.0,132,75768,卖盘
10:07:00,5.74,0.0,481,276094,卖盘
10:07:03,5.74,0.0,173,99302,卖盘
10:07:06,5.74,0.0,222,127428,卖盘
10:07:09,5.74,0.0,338,194012,卖盘
10:07:12,5.74,0.0,256,146944,卖盘
10:07:15,5.74,0.0,75,43050,卖盘
10:07:18,5.74,0.0,80,45920,卖盘
10:07:21,5.74,0.0,68,39032,卖盘
10:07:24,5.74,0.0,115,66010,卖盘
10:07:27,5.74,0.0,291,167034,卖盘
10:07:30,5.74,0.0,138,79212,卖盘
10:07:33,5.74,0.0,51,29274,卖盘
10:07:36,5.74,0.0,254,145796,卖盘
10:07:39,5.74,0.0,306,175644,卖盘
10:07:42,5.74,0.0,69,39606,卖盘
10:07:45,5.74,0.0,122,70028,卖盘
10:07:48,5.74,0.0,30,17220,卖盘
10:07:51,5.74,0.0,5,2870,卖盘
10:07:54,5.74,0.0,246,141204,卖盘
10:07:57,5.74,0.0,231,132594,卖盘
10:08:00,5.74,0.0,68,39032,卖盘
10:08:03,5.74,0.0,34,19516,卖盘
10:08:06,5.74,0.0,87,49938,卖盘
10:08:09,5.74,0.0,44,25256,卖盘
10:08:12,5.74,0.0,61,35014,卖盘
10:08:15,5.74,0.0,102,58548,卖盘
10:08:18,5.74,0.0,5,2870,卖盘
10:08:21,5.74,0.0,64,36736,卖盘
10:08:24,5.74,0.0,164,94136,卖盘
10:08:27,5.74,0.0,200,114800,卖盘
10:08:30,5.74,0.0,27,15498,卖盘
10:08:33,5.74,0.0,8,4592,卖盘
10:08:36,5.74,0.0,80,45920,卖盘
10:08:39,5.74,0.0,256,146944,卖盘
10:08:42,5.74,0.0,1582,908068,卖盘
10:08:45,5.74,0.0,22,12628,卖盘
10:08:48,5.74,0.0,64,36736,卖盘
10:08:51,5.74,0.0,2583,1482642,卖盘
10:08:54,5.74,0.0,51,29274,卖盘
10:08:57,5.74,0.0,364,208936,卖盘
10:09:00,5.74,0.0,335,192290,卖盘
10:09:03,5.74,0.0,292,167608,卖盘
10:09:06,5.74,0.0,52,29848,卖盘
10:09:09,5.74,0.0,66,37884,卖盘
10:09:12,5.74,0.0,97,55678,卖盘
10:09:18,5.74,0.0,163,93562,卖盘
10:09:21,5.74,0.0,234,134316,卖盘
10:09:27,5.74,0.0,34,19516,卖盘
10:09:30,5.74,0.0,59,33866,卖盘
10:09:33,5.74,0.0,59,33866,卖盘
10:09:36,5.74,0.0,93,53382,卖盘
10:09:39,5.74,0.0,57,32718,卖盘
10:09:42,5.74,0.0,154,88396,卖盘
10:09:45,5.74,0.0,82,47068,卖盘
10:09:48,5.74,0.0,152,87248,卖盘
10:09:51,5.74,0.0,13,7462,卖盘
10:09:54,5.74,0.0,40,22960,卖盘
10:09:57,5.74,0.0,55,31570,卖盘
10:10:00,5.74,0.0,28,16072,卖盘
10:10:03,5.74,0.0,59,33866,卖盘
10:10:06,5.74,0.0,14,8036,卖盘
10:10:09,5.74,0.0,26,14924,卖盘
10:10:12,5.74,0.0,140,80360,卖盘
10:10:15,5.74,0.0,21,12054,卖盘
10:10:18,5.74,0.0,138,79212,卖盘
10:10:21,5.74,0.0,22,12628,卖盘
10:10:24,5.74,0.0,336,192864,卖盘
10:10:27,5.74,0.0,358,205492,卖盘
10:10:30,5.74,0.0,11,6314,卖盘
10:10:33,5.74,0.0,2,1148,卖盘
10:10:36,5.74,0.0,62,35588,卖盘
10:10:39,5.74,0.0,131,75194,卖盘
10:10:42,5.74,0.0,52,29848,卖盘
10:10:45,5.74,0.0,3,1722,卖盘
10:10:48,5.74,0.0,35,20090,卖盘
10:10:51,5.74,0.0,76,43624,卖盘
10:10:54,5.74,0.0,20,11480,卖盘
10:10:57,5.74,0.0,41,23534,卖盘
10:11:00,5.74,0.0,28,16072,卖盘
10:11:03,5.74,0.0,5,2870,卖盘
10:11:06,5.74,0.0,32,18368,卖盘
10:11:09,5.74,0.0,385,220990,卖盘
10:11:12,5.74,0.0,56,32144,卖盘
10:11:15,5.74,0.0,2,1148,卖盘
10:11:18,5.74,0.0,92,52808,卖盘
10:11:21,5.74,0.0,32,18368,卖盘
10:11:24,5.74,0.0,92,52808,卖盘
10:11:27,5.74,0.0,11,6314,卖盘
10:11:30,5.74,0.0,123,70602,卖盘
10:11:33,5.74,0.0,18,10332,卖盘
10:11:36,5.74,0.0,162,92988,卖盘
10:11:42,5.74,0.0,1,574,卖盘
10:11:45,5.74,0.0,18,10332,卖盘
10:11:48,5.74,0.0,105,60270,卖盘
10:11:51,5.74,0.0,37,21238,卖盘
10:11:54,5.74,0.0,178,102172,卖盘
10:11:57,5.74,0.0,40,22960,卖盘
10:12:00,5.74,0.0,9,5166,卖盘
10:12:03,5.74,0.0,22,12628,卖盘
10:12:06,5.74,0.0,71,40754,卖盘
10:12:09,5.74,0.0,6,3444,卖盘
10:12:12,5.74,0.0,15,8610,卖盘
10:12:15,5.74,0.0,13,7462,卖盘
10:12:18,5.74,0.0,18,10332,卖盘
10:12:21,5.74,0.0,52,29848,卖盘
10:12:24,5.74,0.0,84,48216,卖盘
10:12:27,5.74,0.0,372,213528,卖盘
10:12:30,5.74,0.0,100,57400,卖盘
10:12:33,5.74,0.0,42,24108,卖盘
10:12:36,5.74,0.0,56,32144,卖盘
10:12:39,5.74,0.0,11,6314,卖盘
10:12:42,5.74,0.0,342,196308,卖盘
10:12:45,5.74,0.0,84,48216,卖盘
10:12:48,5.74,0.0,27,15498,卖盘
10:12:51,5.74,0.0,32,18368,卖盘
10:12:57,5.74,0.0,32,18368,卖盘
10:13:03,5.74,0.0,2,1148,卖盘
10:13:06,5.74,0.0,50,28700,卖盘
10:13:09,5.74,0.0,57,32718,卖盘
10:13:12,5.74,0.0,7,4018,卖盘
10:13:15,5.74,0.0,6,3444,卖盘
10:13:18,5.74,0.0,12,6888,卖盘
10:13:21,5.74,0.0,99,56826,卖盘
10:13:24,5.74,0.0,37,21238,卖盘
10:13:27,5.74,0.0,26,14924,卖盘
10:13:30,5.74,0.0,53,30422,卖盘
10:13:33,5.74,0.0,70,40180,卖盘
10:13:36,5.74,0.0,19,10906,卖盘
10:13:39,5.74,0.0,73,41902,卖盘
10:13:42,5.74,0.0,20,11480,卖盘
10:13:45,5.74,0.0,41,23534,卖盘
10:13:48,5.74,0.0,95,54530,卖盘
10:13:51,5.74,0.0,2,1148,卖盘
10:13:54,5.74,0.0,15,8610,卖盘
10:13:57,5.74,0.0,26,14924,卖盘
10:14:03,5.74,0.0,45,25830,卖盘
10:14:06,5.74,0.0,40,22960,卖盘
10:14:09,5.74,0.0,2,1148,卖盘
10:14:12,5.74,0.0,55,31570,卖盘
10:14:18,5.74,0.0,20,11480,卖盘
10:14:21,5.74,0.0,23,13202,卖盘
10:14:24,5.74,0.0,50,28700,卖盘
10:14:27,5.74,0.0,5,2870,卖盘
10:14:30,5.74,0.0,5,2870,卖盘
10:14:33,5.74,0.0,58,33292,卖盘
10:14:36,5.74,0.0,15,8610,卖盘
10:14:39,5.74,0.0,13,7462,卖盘
10:14:42,5.74,0.0,3,1722,卖盘
10:14:48,5.74,0.0,14,8036,卖盘
10:14:51,5.74,0.0,4,2296,卖盘
10:14:57,5.74,0.0,51,29274,卖盘
10:15:00,5.74,0.0,17,9758,卖盘
10:15:06,5.74,0.0,14,8036,卖盘
10:15:12,5.74,0.0,35,20090,卖盘
10:15:15,5.74,0.0,6,3444,卖盘
10:15:18,5.74,0.0,4,2296,卖盘
10:15:21,5.74,0.0,35,20090,卖盘
10:15:24,5.74,0.0,2,1148,卖盘
10:15:27,5.74,0.0,8,4592,卖盘
10:15:33,5.74,0.0,1,574,卖盘
10:15:36,5.74,0.0,20,11480,卖盘
10:15:39,5.74,0.0,15,8610,卖盘
10:15:42,5.74,0.0,5,2870,卖盘
10:15:51,5.74,0.0,35,20090,卖盘
10:15:54,5.74,0.0,59,33866,卖盘
10:15:57,5.74,0.0,8,4592,卖盘
10:16:06,5.74,0.0,29,16646,卖盘
10:16:09,5.74,0.0,372,213528,卖盘
10:16:12,5.74,0.0,3,1722,卖盘
10:16:15,5.74,0.0,2,1148,卖盘
10:16:18,5.74,0.0,10,5740,卖盘
10:16:21,5.74,0.0,17,9758,卖盘
10:16:24,5.74,0.0,139,79786,卖盘
10:16:27,5.74,0.0,4,2296,卖盘
10:16:30,5.74,0.0,17,9758,卖盘
10:16:33,5.74,0.0,36,20664,卖盘
10:16:36,5.74,0.0,43,24682,卖盘
10:16:39,5.74,0.0,1,574,卖盘
10:16:42,5.74,0.0,153,87822,卖盘
10:16:45,5.74,0.0,10,5740,卖盘
10:16:48,5.74,0.0,3,1722,卖盘
10:16:51,5.74,0.0,14,8036,卖盘
10:16:54,5.74,0.0,6,3444,卖盘
10:16:57,5.74,0.0,2,1148,卖盘
10:17:00,5.74,0.0,5,2870,卖盘
10:17:03,5.74,0.0,10,5740,卖盘
10:17:06,5.74,0.0,7,4018,卖盘
10:17:09,5.74,0.0,5,2870,卖盘
10:17:12,5.74,0.0,113,64862,卖盘
10:17:18,5.74,0.0,4,2296,卖盘
10:17:24,5.74,0.0,2,1148,卖盘
10:17:30,5.74,0.0,52,29848,卖盘
10:17:33,5.74,0.0,56,32144,卖盘
10:17:39,5.74,0.0,12,6888,卖盘
10:17:42,5.74,0.0,111,63714,卖盘
10:17:45,5.74,0.0,34,19516,卖盘
10:18:00,5.74,0.0,7,4018,卖盘
10:18:03,5.74,0.0,35,20090,卖盘
10:18:06,5.74,0.0,2,1148,卖盘
10:18:09,5.74,0.0,81,46494,卖盘
10:18:12,5.74,0.0,66,37884,卖盘
10:18:15,5.74,0.0,1,574,卖盘
10:18:18,5.74,0.0,6,3444,卖盘
10:18:24,5.74,0.0,12,6888,卖盘
10:18:27,5.74,0.0,9,5166,卖盘
10:18:33,5.74,0.0,54,30996,卖盘
10:18:36,5.74,0.0,68,39032,卖盘
10:18:39,5.74,0.0,4,2296,卖盘
10:18:45,5.74,0.0,26,14924,卖盘
10:18:48,5.74,0.0,11,6314,卖盘
10:18:51,5.74,0.0,27,15498,卖盘
10:18:54,5.74,0.0,16,9184,卖盘
10:18:57,5.74,0.0,2,1148,卖盘
10:19:00,5.74,0.0,2,1148,卖盘
10:19:03,5.74,0.0,4,2296,卖盘
10:19:06,5.74,0.0,13,7462,卖盘
10:19:09,5.74,0.0,4,2296,卖盘
10:19:12,5.74,0.0,113,64862,卖盘
10:19:15,5.74,0.0,146,83804,卖盘
10:19:18,5.74,0.0,8,4592,卖盘
10:19:21,5.74,0.0,30,17220,卖盘
10:19:24,5.74,0.0,20,11480,卖盘
10:19:30,5.74,0.0,84,48216,卖盘
10:19:33,5.74,0.0,65,37310,卖盘
10:19:36,5.74,0.0,31,17794,卖盘
10:19:39,5.74,0.0,209,119966,卖盘
10:19:45,5.74,0.0,40,22960,卖盘
10:19:48,5.74,0.0,12,6888,卖盘
10:19:51,5.74,0.0,2,1148,卖盘
10:19:54,5.74,0.0,5,2870,卖盘
10:19:57,5.74,0.0,10,5740,卖盘
10:20:03,5.74,0.0,7,4018,卖盘
10:20:06,5.74,0.0,5,2870,卖盘
10:20:09,5.74,0.0,4,2296,卖盘
10:20:15,5.74,0.0,10,5740,卖盘
10:20:18,5.74,0.0,10,5740,卖盘
10:20:21,5.74,0.0,35,20090,卖盘
10:20:24,5.74,0.0,18,10332,卖盘
10:20:27,5.74,0.0,1,574,卖盘
10:20:30,5.74,0.0,21,12054,卖盘
10:20:33,5.74,0.0,62,35588,卖盘
10:20:42,5.74,0.0,41,23534,卖盘
10:20:54,5.74,0.0,13,7462,卖盘
10:20:57,5.74,0.0,3,1722,卖盘
10:21:00,5.74,0.0,1,574,卖盘
10:21:03,5.74,0.0,24,13776,卖盘
10:21:09,5.74,0.0,50,28700,卖盘
10:21:12,5.74,0.0,18,10332,卖盘
10:21:15,5.74,0.0,71,40754,卖盘
10:21:18,5.74,0.0,5,2870,卖盘
10:21:21,5.74,0.0,47,26978,卖盘
10:21:24,5.74,0.0,3,1722,卖盘
10:21:27,5.74,0.0,2,1148,卖盘
10:21:30,5.74,0.0,217,124558,卖盘
10:21:33,5.74,0.0,450,258300,卖盘
10:21:36,5.74,0.0,4,2296,卖盘
10:21:39,5.74,0.0,51,29274,卖盘
10:21:42,5.74,0.0,1,574,卖盘
10:21:45,5.74,0.0,61,35014,卖盘
10:21:51,5.74,0.0,70,40180,卖盘
10:21:54,5.74,0.0,20,11480,卖盘
10:21:57,5.74,0.0,9,5166,卖盘
10:22:03,5.74,0.0,1348,773752,卖盘
10:22:06,5.74,0.0,2,1148,卖盘
10:22:09,5.74,0.0,3,1722,卖盘
10:22:15,5.74,0.0,18,10332,卖盘
10:22:18,5.74,0.0,15,8610,卖盘
10:22:21,5.74,0.0,69,39606,卖盘
10:22:24,5.74,0.0,10,5740,卖盘
10:22:27,5.74,0.0,160,91840,卖盘
10:22:30,5.74,0.0,10,5740,卖盘
10:22:33,5.74,0.0,61,35014,卖盘
10:22:36,5.74,0.0,26,14924,卖盘
10:22:39,5.74,0.0,2,1148,卖盘
10:22:45,5.74,0.0,30,17220,卖盘
10:22:48,5.74,0.0,1,574,卖盘
10:22:51,5.74,0.0,4,2296,卖盘
10:22:57,5.74,0.0,4,2296,卖盘
10:23:00,5.74,0.0,5,2870,卖盘
10:23:03,5.74,0.0,28,16072,卖盘
10:23:06,5.74,0.0,30,17220,卖盘
10:23:09,5.74,0.0,10,5740,卖盘
10:23:12,5.74,0.0,17,9758,卖盘
10:23:18,5.74,0.0,8,4592,卖盘
10:23:21,5.74,0.0,5,2870,卖盘
10:23:24,5.74,0.0,3,1722,卖盘
10:23:27,5.74,0.0,737,423038,卖盘
10:23:30,5.74,0.0,169,97006,卖盘
10:23:33,5.74,0.0,69,39606,卖盘
10:23:36,5.74,0.0,97,55678,卖盘
10:23:39,5.74,0.0,4,2296,卖盘
10:23:42,5.74,0.0,1,574,卖盘
10:23:48,5.74,0.0,313,179662,卖盘
10:23:51,5.74,0.0,27,15498,卖盘
10:23:54,5.74,0.0,14,8036,卖盘
10:23:57,5.74,0.0,46,26404,卖盘
10:24:00,5.74,0.0,13,7462,卖盘
10:24:03,5.74,0.0,84,48216,卖盘
10:24:06,5.74,0.0,52,29848,卖盘
10:24:09,5.74,0.0,60,34440,卖盘
10:24:12,5.74,0.0,12,6888,卖盘
10:24:15,5.74,0.0,15,8610,卖盘
10:24:18,5.74,0.0,22,12628,卖盘
10:24:21,5.74,0.0,10,5740,卖盘
10:24:24,5.74,0.0,10,5740,卖盘
10:24:33,5.74,0.0,20,11480,卖盘
10:24:39,5.74,0.0,5,2870,卖盘
10:24:48,5.74,0.0,6,3444,卖盘
10:24:51,5.74,0.0,177,101598,卖盘
10:24:54,5.74,0.0,2,1148,卖盘
10:24:57,5.74,0.0,795,456330,卖盘
10:25:03,5.74,0.0,216,123984,卖盘
10:25:09,5.74,0.0,1,574,卖盘
10:25:15,5.74,0.0,21,12054,卖盘
10:25:18,5.74,0.0,59,33866,卖盘
10:25:21,5.74,0.0,5,2870,卖盘
10:25:24,5.74,0.0,10,5740,卖盘
10:25:27,5.74,0.0,31,17794,卖盘
10:25:30,5.74,0.0,5,2870,卖盘
10:25:33,5.74,0.0,9,5166,卖盘
10:25:36,5.74,0.0,1,574,卖盘
10:25:39,5.74,0.0,30,17220,卖盘
10:25:42,5.74,0.0,4,2296,卖盘
10:25:45,5.74,0.0,5,2870,卖盘
10:25:54,5.74,0.0,2,1148,卖盘
10:25:57,5.74,0.0,27,15498,卖盘
10:26:00,5.74,0.0,63,36162,卖盘
10:26:03,5.74,0.0,8,4592,卖盘
10:26:09,5.74,0.0,51,29274,卖盘
10:26:12,5.74,0.0,125,71750,卖盘
10:26:21,5.74,0.0,6,3444,卖盘
10:26:30,5.74,0.0,30,17220,卖盘
10:26:33,5.74,0.0,4,2296,卖盘
10:26:39,5.74,0.0,6,3444,卖盘
10:26:48,5.74,0.0,2,1148,卖盘
10:26:51,5.74,0.0,39,22386,卖盘
10:26:54,5.74,0.0,16,9184,卖盘
10:26:57,5.74,0.0,9,5166,卖盘
10:27:00,5.74,0.0,19,10906,卖盘
10:27:03,5.74,0.0,64,36736,卖盘
10:27:06,5.74,0.0,9,5166,卖盘
10:27:09,5.74,0.0,3,1722,卖盘
10:27:12,5.74,0.0,206,118244,卖盘
10:27:15,5.74,0.0,225,129150,卖盘
10:27:24,5.74,0.0,9,5166,卖盘
10:27:27,5.74,0.0,10,5740,卖盘
10:27:30,5.74,0.0,32,18368,卖盘
10:27:33,5.74,0.0,120,68880,卖盘
10:27:39,5.74,0.0,47,26978,卖盘
10:27:42,5.74,0.0,18,10332,卖盘
10:27:45,5.74,0.0,4,2296,卖盘
10:27:48,5.74,0.0,8,4592,卖盘
10:27:51,5.74,0.0,11,6314,卖盘
10:27:54,5.74,0.0,17,9758,卖盘
10:28:00,5.74,0.0,17,9758,卖盘
10:28:06,5.74,0.0,4,2296,卖盘
10:28:09,5.74,0.0,10,5740,卖盘
10:28:12,5.74,0.0,4,2296,卖盘
10:28:15,5.74,0.0,25,14350,卖盘
10:28:18,5.74,0.0,50,28700,卖盘
10:28:24,5.74,0.0,17,9758,卖盘
10:28:27,5.74,0.0,16,9184,卖盘
10:28:30,5.74,0.0,4,2296,卖盘
10:28:36,5.74,0.0,5,2870,卖盘
10:28:42,5.74,0.0,2,1148,卖盘
10:28:45,5.74,0.0,29,16646,卖盘
10:28:48,5.74,0.0,35,20090,卖盘
10:28:57,5.74,0.0,25,14350,卖盘
10:29:00,5.74,0.0,5,2870,卖盘
10:29:03,5.74,0.0,30,17220,卖盘
10:29:06,5.74,0.0,8,4592,卖盘
10:29:24,5.74,0.0,33,18942,卖盘
10:29:27,5.74,0.0,3,1722,卖盘
10:29:39,5.74,0.0,4,2296,卖盘
10:29:57,5.74,0.0,1,574,卖盘
10:30:00,5.74,0.0,14,8036,卖盘
10:30:06,5.74,0.0,1,574,卖盘
10:30:09,5.74,0.0,6,3444,卖盘
10:30:12,5.74,0.0,284,163016,卖盘
10:30:21,5.74,0.0,108,61992,卖盘
10:30:24,5.74,0.0,32,18368,卖盘
10:30:27,5.74,0.0,12,6888,卖盘
10:30:36,5.74,0.0,22,12628,卖盘
10:30:39,5.74,0.0,126,72324,卖盘
10:30:42,5.74,0.0,5,2870,卖盘
10:30:45,5.74,0.0,135,77490,卖盘
10:30:48,5.74,0.0,80,45920,卖盘
10:30:51,5.74,0.0,13,7462,卖盘
10:30:54,5.74,0.0,13,7462,卖盘
10:30:57,5.74,0.0,20,11480,卖盘
10:31:03,5.74,0.0,50,28700,卖盘
10:31:06,5.74,0.0,9,5166,卖盘
10:31:09,5.74,0.0,120,68880,卖盘
10:31:12,5.74,0.0,16,9184,卖盘
10:31:15,5.74,0.0,8,4592,卖盘
10:31:18,5.74,0.0,42,24108,卖盘
10:31:21,5.74,0.0,18,10332,卖盘
10:31:24,5.74,0.0,113,64862,卖盘
10:31:27,5.74,0.0,5,2870,卖盘
10:31:33,5.74,0.0,4,2296,卖盘
10:31:36,5.74,0.0,76,43624,卖盘
10:31:39,5.74,0.0,20,11480,卖盘
10:31:42,5.74,0.0,50,28700,卖盘
10:31:45,5.74,0.0,56,32144,卖盘
10:31:48,5.74,0.0,20,11480,卖盘
10:31:51,5.74,0.0,40,22960,卖盘
10:31:54,5.74,0.0,60,34440,卖盘
10:32:00,5.74,0.0,20,11480,卖盘
10:32:06,5.74,0.0,30,17220,卖盘
10:32:15,5.74,0.0,5,2870,卖盘
10:32:18,5.74,0.0,12,6888,卖盘
10:32:30,5.74,0.0,3,1722,卖盘
10:32:33,5.74,0.0,16,9184,卖盘
10:32:39,5.74,0.0,50,28700,卖盘
10:32:42,5.74,0.0,2,1148,卖盘
10:32:48,5.74,0.0,28,16072,卖盘
10:32:54,5.74,0.0,9,5166,卖盘
10:32:57,5.74,0.0,103,59122,卖盘
10:33:00,5.74,0.0,12,6888,卖盘
10:33:06,5.74,0.0,13,7462,卖盘
10:33:09,5.74,0.0,10,5740,卖盘
10:33:12,5.74,0.0,15,8610,卖盘
10:33:15,5.74,0.0,1,574,卖盘
10:33:21,5.74,0.0,10,5740,卖盘
10:33:24,5.74,0.0,114,65436,卖盘
10:33:27,5.74,0.0,23,13202,卖盘
10:33:30,5.74,0.0,338,194012,卖盘
10:33:36,5.74,0.0,565,324310,卖盘
10:33:42,5.74,0.0,21,12054,卖盘
10:33:48,5.74,0.0,9,5166,卖盘
10:33:51,5.74,0.0,5,2870,卖盘
10:34:00,5.74,0.0,32,18368,卖盘
10:34:03,5.74,0.0,15,8610,卖盘
10:34:09,5.74,0.0,20,11480,卖盘
10:34:12,5.74,0.0,11,6314,卖盘
10:34:24,5.74,0.0,7,4018,卖盘
10:34:27,5.74,0.0,4,2296,卖盘
10:34:39,5.74,0.0,20,11480,卖盘
10:34:42,5.74,0.0,9,5166,卖盘
10:34:51,5.74,0.0,252,144648,卖盘
10:34:54,5.74,0.0,1,574,卖盘
10:35:00,5.74,0.0,2,1148,卖盘
10:35:06,5.74,0.0,5,2870,卖盘
10:35:15,5.74,0.0,2,1148,卖盘
10:35:18,5.74,0.0,1,574,卖盘
10:35:21,5.74,0.0,20,11480,卖盘
10:35:24,5.74,0.0,25,14350,卖盘
10:35:27,5.74,0.0,2,1148,卖盘
10:35:30,5.74,0.0,8,4592,卖盘
10:35:33,5.74,0.0,10,5740,卖盘
10:35:42,5.74,0.0,2,1148,卖盘
10:35:45,5.74,0.0,1,574,卖盘
10:35:51,5.74,0.0,2,1148,卖盘
10:35:54,5.74,0.0,19,10906,卖盘
10:35:57,5.74,0.0,21,12054,卖盘
10:36:00,5.74,0.0,43,24682,卖盘
10:36:12,5.74,0.0,6,3444,卖盘
10:36:18,5.74,0.0,6,3444,卖盘
10:36:33,5.74,0.0,200,114800,卖盘
10:36:36,5.74,0.0,2,1148,卖盘
10:36:39,5.74,0.0,8,4592,卖盘
10:36:42,5.74,0.0,46,26404,卖盘
10:36:51,5.74,0.0,80,45920,卖盘
10:36:54,5.74,0.0,2,1148,卖盘
10:37:00,5.74,0.0,6,3444,卖盘
10:37:03,5.74,0.0,30,17220,卖盘
10:37:06,5.74,0.0,3,1722,卖盘
10:37:09,5.74,0.0,15,8610,卖盘
10:37:12,5.74,0.0,2,1148,卖盘
10:37:15,5.74,0.0,2,1148,卖盘
10:37:24,5.74,0.0,9,5166,卖盘
10:37:27,5.74,0.0,10,5740,卖盘
10:37:30,5.74,0.0,2,1148,卖盘
10:37:36,5.74,0.0,1,574,卖盘
10:37:42,5.74,0.0,46,26404,卖盘
10:37:45,5.74,0.0,21,12054,卖盘
10:37:48,5.74,0.0,44,25256,卖盘
10:37:51,5.74,0.0,31,17794,卖盘
10:37:54,5.74,0.0,100,57400,卖盘
10:37:57,5.74,0.0,48,27552,卖盘
10:38:00,5.74,0.0,33,18942,卖盘
10:38:03,5.74,0.0,32,18368,卖盘
10:38:06,5.74,0.0,58,33292,卖盘
10:38:12,5.74,0.0,46,26404,卖盘
10:38:18,5.74,0.0,20,11480,卖盘
10:38:27,5.74,0.0,6,3444,卖盘
10:38:30,5.74,0.0,2,1148,卖盘
10:38:33,5.74,0.0,3,1722,卖盘
10:38:39,5.74,0.0,5,2870,卖盘
10:38:42,5.74,0.0,48,27552,卖盘
10:38:45,5.74,0.0,45,25830,卖盘
10:38:51,5.74,0.0,57,32718,卖盘
10:38:54,5.74,0.0,7,4018,卖盘
10:38:57,5.74,0.0,5,2870,卖盘
10:39:00,5.74,0.0,12,6888,卖盘
10:39:03,5.74,0.0,83,47642,卖盘
10:39:09,5.74,0.0,10,5740,卖盘
10:39:12,5.74,0.0,15,8610,卖盘
10:39:15,5.74,0.0,7,4018,卖盘
10:39:18,5.74,0.0,13,7462,卖盘
10:39:24,5.74,0.0,55,31570,卖盘
10:39:27,5.74,0.0,40,22960,卖盘
10:39:36,5.74,0.0,10,5740,卖盘
10:39:48,5.74,0.0,50,28700,卖盘
10:39:51,5.74,0.0,6,3444,卖盘
10:39:54,5.74,0.0,107,61418,卖盘
10:39:57,5.74,0.0,5,2870,卖盘
10:40:00,5.74,0.0,10,5740,卖盘
10:40:03,5.74,0.0,3,1722,卖盘
10:40:15,5.74,0.0,103,59122,卖盘
10:40:18,5.74,0.0,17,9758,卖盘
10:40:21,5.74,0.0,2,1148,卖盘
10:40:30,5.74,0.0,71,40754,卖盘
10:40:33,5.74,0.0,85,48790,卖盘
10:40:36,5.74,0.0,105,60270,卖盘
10:40:39,5.74,0.0,61,35014,卖盘
10:40:45,5.74,0.0,13,7462,卖盘
10:40:48,5.74,0.0,1,574,卖盘
10:40:51,5.74,0.0,10,5740,卖盘
10:40:57,5.74,0.0,8,4592,卖盘
10:41:00,5.74,0.0,2,1148,卖盘
10:41:03,5.74,0.0,81,46494,卖盘
10:41:09,5.74,0.0,5,2870,卖盘
10:41:12,5.74,0.0,60,34440,卖盘
10:41:15,5.74,0.0,5,2870,卖盘
10:41:30,5.74,0.0,5,2870,卖盘
10:41:33,5.74,0.0,2,1148,卖盘
10:41:51,5.74,0.0,20,11480,卖盘
10:41:57,5.74,0.0,10,5740,卖盘
10:42:00,5.74,0.0,21,12054,卖盘
10:42:03,5.74,0.0,19,10906,卖盘
10:42:15,5.74,0.0,1,574,卖盘
10:42:21,5.74,0.0,2,1148,卖盘
10:42:30,5.74,0.0,88,50512,卖盘
10:42:33,5.74,0.0,2,1148,卖盘
10:42:36,5.74,0.0,22,12628,卖盘
10:42:39,5.74,0.0,12,6888,卖盘
10:42:42,5.74,0.0,30,17220,卖盘
10:42:45,5.74,0.0,2,1148,卖盘
10:42:48,5.74,0.0,3,1722,卖盘
10:42:57,5.74,0.0,4,2296,卖盘
10:43:03,5.74,0.0,2,1148,卖盘
10:43:12,5.74,0.0,20,11480,卖盘
10:43:18,5.74,0.0,128,73472,卖盘
10:43:21,5.74,0.0,20,11480,卖盘
10:43:27,5.74,0.0,24,13776,卖盘
10:43:30,5.74,0.0,1,574,卖盘
10:43:48,5.74,0.0,10,5740,卖盘
10:43:51,5.74,0.0,20,11480,卖盘
10:43:54,5.74,0.0,2,1148,卖盘
10:43:57,5.74,0.0,10,5740,卖盘
10:44:00,5.74,0.0,33,18942,卖盘
10:44:03,5.74,0.0,124,71176,卖盘
10:44:06,5.74,0.0,10,5740,卖盘
10:44:15,5.74,0.0,20,11480,卖盘
10:44:21,5.74,0.0,10,5740,卖盘
10:44:51,5.74,0.0,1,574,卖盘
10:44:57,5.74,0.0,4,2296,卖盘
10:45:00,5.74,0.0,16,9184,卖盘
10:45:03,5.74,0.0,16,9184,卖盘
10:45:18,5.74,0.0,1,574,卖盘
10:45:21,5.74,0.0,1,574,卖盘
10:45:27,5.74,0.0,3,1722,卖盘
10:45:36,5.74,0.0,10,5740,卖盘
10:45:42,5.74,0.0,3,1722,卖盘
10:45:45,5.74,0.0,5,2870,卖盘
10:45:51,5.74,0.0,115,66010,卖盘
10:45:54,5.74,0.0,2,1148,卖盘
10:46:00,5.74,0.0,2,1148,卖盘
10:46:03,5.74,0.0,1,574,卖盘
10:46:09,5.74,0.0,10,5740,卖盘
10:46:12,5.74,0.0,5,2870,卖盘
10:46:18,5.74,0.0,9,5166,卖盘
10:46:30,5.74,0.0,800,459200,卖盘
10:46:33,5.74,0.0,5,2870,卖盘
10:46:36,5.74,0.0,20,11480,卖盘
10:46:39,5.74,0.0,20,11480,卖盘
10:46:42,5.74,0.0,2,1148,卖盘
10:46:48,5.74,0.0,5,2870,卖盘
10:46:51,5.74,0.0,4,2296,卖盘
10:46:57,5.74,0.0,5,2870,卖盘
10:47:00,5.74,0.0,2,1148,卖盘
10:47:06,5.74,0.0,10,5740,卖盘
10:47:12,5.74,0.0,150,86100,卖盘
10:47:27,5.74,0.0,20,11480,卖盘
10:47:33,5.74,0.0,14,8036,卖盘
10:47:39,5.74,0.0,21,12054,卖盘
10:47:42,5.74,0.0,3,1722,卖盘
10:47:45,5.74,0.0,10,5740,卖盘
10:47:51,5.74,0.0,140,80360,卖盘
10:48:03,5.74,0.0,22,12628,卖盘
10:48:15,5.74,0.0,2,1148,卖盘
10:48:18,5.74,0.0,1,574,卖盘
10:48:24,5.74,0.0,22,12628,卖盘
10:48:36,5.74,0.0,2,1148,卖盘
10:48:39,5.74,0.0,1,574,卖盘
10:48:42,5.74,0.0,156,89544,卖盘
10:48:45,5.74,0.0,1,574,卖盘
10:48:54,5.74,0.0,7,4018,卖盘
10:48:57,5.74,0.0,1,574,卖盘
10:49:00,5.74,0.0,2,1148,卖盘
10:49:06,5.74,0.0,4,2296,卖盘
10:49:09,5.74,0.0,1,574,卖盘
10:49:15,5.74,0.0,1,574,卖盘
10:49:27,5.74,0.0,5,2870,卖盘
10:49:54,5.74,0.0,100,57400,卖盘
10:49:57,5.74,0.0,5,2870,卖盘
10:50:00,5.74,0.0,2,1148,卖盘
10:50:03,5.74,0.0,15,8610,卖盘
10:50:09,5.74,0.0,220,126280,卖盘
10:50:18,5.74,0.0,13,7462,卖盘
10:50:21,5.74,0.0,19,10906,卖盘
10:50:30,5.74,0.0,1,574,卖盘
10:50:36,5.74,0.0,12,6888,卖盘
10:50:39,5.74,0.0,23,13202,卖盘
10:50:45,5.74,0.0,1,574,卖盘
10:50:48,5.74,0.0,30,17220,卖盘
10:50:54,5.74,0.0,1,574,卖盘
10:51:00,5.74,0.0,2,1148,卖盘
10:51:03,5.74,0.0,7,4018,卖盘
10:51:30,5.74,0.0,30,17220,卖盘
10:51:33,5.74,0.0,22,12628,卖盘
10:51:39,5.74,0.0,4,2296,卖盘
10:51:42,5.74,0.0,15,8610,卖盘
10:52:00,5.74,0.0,2,1148,卖盘
10:52:09,5.74,0.0,15,8610,卖盘
10:52:12,5.74,0.0,20,11480,卖盘
10:52:24,5.74,0.0,21,12054,卖盘
10:52:27,5.74,0.0,9,5166,卖盘
10:52:30,5.74,0.0,8,4592,卖盘
10:52:39,5.74,0.0,1,574,卖盘
10:52:57,5.74,0.0,39,22386,卖盘
10:53:00,5.74,0.0,2,1148,卖盘
10:53:06,5.74,0.0,50,28700,卖盘
10:53:09,5.74,0.0,10,5740,卖盘
10:53:12,5.74,0.0,155,88970,卖盘
10:53:21,5.74,0.0,10,5740,卖盘
10:53:27,5.74,0.0,1,574,卖盘
10:53:30,5.74,0.0,8,4592,卖盘
10:53:33,5.74,0.0,116,66584,卖盘
10:53:36,5.74,0.0,3,1722,卖盘
10:53:42,5.74,0.0,3,1722,卖盘
10:53:48,5.74,0.0,5,2870,卖盘
10:54:03,5.74,0.0,2,1148,卖盘
10:54:06,5.74,0.0,5,2870,卖盘
10:54:18,5.74,0.0,69,39606,卖盘
10:54:21,5.74,0.0,1,574,卖盘
10:54:30,5.74,0.0,7,4018,卖盘
10:54:36,5.74,0.0,15,8610,卖盘
10:54:57,5.74,0.0,4,2296,卖盘
10:55:03,5.74,0.0,6,3444,卖盘
10:55:18,5.74,0.0,8,4592,卖盘
10:55:24,5.74,0.0,16,9184,卖盘
10:55:27,5.74,0.0,10,5740,卖盘
10:55:42,5.74,0.0,4,2296,卖盘
10:55:54,5.74,0.0,2,1148,卖盘
10:55:57,5.74,0.0,5,2870,卖盘
10:56:00,5.74,0.0,2,1148,卖盘
10:56:03,5.74,0.0,8,4592,卖盘
10:56:06,5.74,0.0,5,2870,卖盘
10:56:15,5.74,0.0,57,32718,卖盘
10:56:27,5.74,0.0,2,1148,卖盘
10:56:30,5.74,0.0,2,1148,卖盘
10:56:39,5.74,0.0,33,18942,卖盘
10:56:54,5.74,0.0,1,574,卖盘
10:57:03,5.74,0.0,2,1148,卖盘
10:57:06,5.74,0.0,21,12054,卖盘
10:57:24,5.74,0.0,31,17794,卖盘
10:57:27,5.74,0.0,20,11480,卖盘
10:57:30,5.74,0.0,2,1148,卖盘
10:57:33,5.74,0.0,1,574,卖盘
10:57:45,5.74,0.0,1,574,卖盘
10:58:00,5.74,0.0,87,49938,卖盘
10:58:06,5.74,0.0,13,7462,卖盘
10:58:18,5.74,0.0,2,1148,卖盘
10:58:33,5.74,0.0,2,1148,卖盘
10:58:36,5.74,0.0,20,11480,卖盘
10:58:45,5.74,0.0,4,2296,卖盘
10:58:57,5.74,0.0,60,34440,卖盘
10:59:00,5.74,0.0,5,2870,卖盘
10:59:06,5.74,0.0,5,2870,卖盘
10:59:09,5.74,0.0,5,2870,卖盘
10:59:24,5.74,0.0,1,574,卖盘
10:59:33,5.74,0.0,3,1722,卖盘
10:59:45,5.74,0.0,1,574,卖盘
10:59:51,5.74,0.0,30,17220,卖盘
10:59:54,5.74,0.0,10,5740,卖盘
11:00:00,5.74,0.0,38,21812,卖盘
11:00:24,5.74,0.0,3,1722,卖盘
11:00:27,5.74,0.0,20,11480,卖盘
11:00:33,5.74,0.0,2,1148,卖盘
11:00:42,5.74,0.0,1,574,卖盘
11:00:51,5.74,0.0,2,1148,卖盘
11:00:57,5.74,0.0,3,1722,卖盘
11:01:00,5.74,0.0,5,2870,卖盘
11:01:15,5.74,0.0,2,1148,卖盘
11:01:30,5.74,0.0,1,574,卖盘
11:01:33,5.74,0.0,3,1722,卖盘
11:01:39,5.74,0.0,6,3444,卖盘
11:01:51,5.74,0.0,1,574,卖盘
11:01:54,5.74,0.0,8,4592,卖盘
11:02:03,5.74,0.0,10,5740,卖盘
11:02:06,5.74,0.0,2,1148,卖盘
11:02:12,5.74,0.0,5,2870,卖盘
11:02:21,5.74,0.0,10,5740,卖盘
11:02:24,5.74,0.0,155,88970,卖盘
11:02:30,5.74,0.0,21,12054,卖盘
11:02:33,5.74,0.0,280,160720,卖盘
11:02:36,5.74,0.0,2,1148,卖盘
11:02:39,5.74,0.0,1,574,卖盘
11:02:42,5.74,0.0,5,2870,卖盘
11:02:57,5.74,0.0,1,574,卖盘
11:03:18,5.74,0.0,3,1722,卖盘
11:03:33,5.74,0.0,2,1148,卖盘
11:03:36,5.74,0.0,2,1148,卖盘
11:04:03,5.74,0.0,84,48216,卖盘
11:04:27,5.74,0.0,1,574,卖盘
11:04:33,5.74,0.0,20,11480,卖盘
11:04:42,5.74,0.0,5,2870,卖盘
11:05:00,5.74,0.0,2,1148,卖盘
11:05:03,5.74,0.0,5,2870,卖盘
11:05:09,5.74,0.0,1,574,卖盘
11:05:12,5.74,0.0,3,1722,卖盘
11:05:27,5.74,0.0,40,22960,卖盘
11:05:36,5.74,0.0,1,574,卖盘
11:06:00,5.74,0.0,3,1722,卖盘
11:06:15,5.74,0.0,1,574,卖盘
11:06:18,5.74,0.0,50,28700,卖盘
11:06:30,5.74,0.0,10,5740,卖盘
11:06:48,5.74,0.0,30,17220,卖盘
11:06:57,5.74,0.0,2,1148,卖盘
11:07:00,5.74,0.0,2,1148,卖盘
11:07:06,5.74,0.0,1,574,卖盘
11:07:21,5.74,0.0,10,5740,卖盘
11:07:27,5.74,0.0,50,28700,卖盘
11:07:33,5.74,0.0,10,5740,卖盘
11:08:00,5.74,0.0,2,1148,卖盘
11:08:06,5.74,0.0,10,5740,卖盘
11:08:18,5.74,0.0,3,1722,卖盘
11:08:27,5.74,0.0,5,2870,卖盘
11:09:03,5.74,0.0,2,1148,卖盘
11:09:09,5.74,0.0,1,574,卖盘
11:09:33,5.74,0.0,37,21238,卖盘
11:09:51,5.74,0.0,3,1722,卖盘
11:09:57,5.74,0.0,42,24108,卖盘
11:10:00,5.74,0.0,9,5166,卖盘
11:10:03,5.74,0.0,2,1148,卖盘
11:10:09,5.74,0.0,7,4018,卖盘
11:10:15,5.74,0.0,10,5740,卖盘
11:10:33,5.74,0.0,2,1148,卖盘
11:10:36,5.74,0.0,2,1148,卖盘
11:11:00,5.74,0.0,7,4018,卖盘
11:11:03,5.74,0.0,2,1148,卖盘
11:11:12,5.74,0.0,23,13202,卖盘
11:11:33,5.74,0.0,5,2870,卖盘
11:12:03,5.74,0.0,2,1148,卖盘
11:12:15,5.74,0.0,1,574,卖盘
11:12:18,5.74,0.0,4,2296,卖盘
11:12:24,5.74,0.0,1,574,卖盘
11:12:27,5.74,0.0,20,11480,卖盘
11:12:33,5.74,0.0,12,6888,卖盘
11:13:00,5.74,0.0,8,4592,卖盘
11:13:15,5.74,0.0,30,17220,卖盘
11:13:18,5.74,0.0,1,574,卖盘
11:13:30,5.74,0.0,22,12628,卖盘
11:14:06,5.74,0.0,4,2296,卖盘
11:14:09,5.74,0.0,1,574,卖盘
11:14:12,5.74,0.0,1,574,卖盘
11:14:15,5.74,0.0,2,1148,卖盘
11:14:24,5.74,0.0,52,29848,卖盘
11:14:45,5.74,0.0,66,37884,卖盘
11:14:54,5.74,0.0,11,6314,卖盘
11:14:57,5.74,0.0,2,1148,卖盘
11:15:00,5.74,0.0,2,1148,卖盘
11:15:03,5.74,0.0,5,2870,卖盘
11:15:15,5.74,0.0,12,6888,卖盘
11:15:18,5.74,0.0,2,1148,卖盘
11:15:24,5.74,0.0,2,1148,卖盘
11:15:36,5.74,0.0,9,5166,卖盘
11:15:39,5.74,0.0,21,12054,卖盘
11:15:54,5.74,0.0,9,5166,卖盘
11:16:03,5.74,0.0,13,7462,卖盘
11:16:06,5.74,0.0,4,2296,卖盘
11:16:18,5.74,0.0,1,574,卖盘
11:16:24,5.74,0.0,6,3444,卖盘
11:16:33,5.74,0.0,5,2870,卖盘
11:16:36,5.74,0.0,12,6888,卖盘
11:16:45,5.74,0.0,7,4018,卖盘
11:16:48,5.74,0.0,15,8610,卖盘
11:16:54,5.74,0.0,12,6888,卖盘
11:16:57,5.74,0.0,10,5740,卖盘
11:17:00,5.74,0.0,6,3444,卖盘
11:17:12,5.74,0.0,4,2296,卖盘
11:17:15,5.74,0.0,10,5740,卖盘
11:17:24,5.74,0.0,3,1722,卖盘
11:17:33,5.74,0.0,9,5166,卖盘
11:17:45,5.74,0.0,4,2296,卖盘
11:18:00,5.74,0.0,2,1148,卖盘
11:18:12,5.74,0.0,22,12628,卖盘
11:18:18,5.74,0.0,14,8036,卖盘
11:18:27,5.74,0.0,11,6314,卖盘
11:18:30,5.74,0.0,20,11480,卖盘
11:18:33,5.74,0.0,201,115374,卖盘
11:18:39,5.74,0.0,1,574,卖盘
11:18:45,5.74,0.0,5,2870,卖盘
11:18:54,5.74,0.0,1,574,卖盘
11:19:00,5.74,0.0,1,574,卖盘
11:19:06,5.74,0.0,13,7462,卖盘
11:19:24,5.74,0.0,15,8610,卖盘
11:19:33,5.74,0.0,21,12054,卖盘
11:19:39,5.74,0.0,57,32718,卖盘
11:19:54,5.74,0.0,9,5166,卖盘
11:20:12,5.74,0.0,81,46494,卖盘
11:20:15,5.74,0.0,4,2296,卖盘
11:20:30,5.74,0.0,3,1722,卖盘
11:20:33,5.74,0.0,2,1148,卖盘
11:21:00,5.74,0.0,5,2870,卖盘
11:21:03,5.74,0.0,37,21238,卖盘
11:21:12,5.74,0.0,2,1148,卖盘
11:21:15,5.74,0.0,16,9184,卖盘
11:21:39,5.74,0.0,70,40180,卖盘
11:21:48,5.74,0.0,1,574,卖盘
11:21:54,5.74,0.0,12,6888,卖盘
11:22:09,5.74,0.0,2,1148,卖盘
11:22:15,5.74,0.0,2,1148,卖盘
11:22:24,5.74,0.0,6,3444,卖盘
11:22:33,5.74,0.0,13,7462,卖盘
11:22:45,5.74,0.0,2,1148,卖盘
11:22:48,5.74,0.0,50,28700,卖盘
11:22:54,5.74,0.0,2,1148,卖盘
11:23:03,5.74,0.0,34,19516,卖盘
11:23:12,5.74,0.0,32,18368,卖盘
11:23:18,5.74,0.0,448,257152,卖盘
11:23:45,5.74,0.0,4,2296,卖盘
11:24:06,5.74,0.0,10,5740,卖盘
11:24:15,5.74,0.0,12,6888,卖盘
11:24:24,5.74,0.0,5,2870,卖盘
11:24:30,5.74,0.0,3,1722,卖盘
11:24:36,5.74,0.0,1,574,卖盘
11:24:57,5.74,0.0,8,4592,卖盘
11:25:15,5.74,0.0,7,4018,卖盘
11:25:39,5.74,0.0,58,33292,卖盘
11:25:42,5.74,0.0,2,1148,卖盘
11:25:54,5.74,0.0,20,11480,卖盘
11:25:57,5.74,0.0,13,7462,卖盘
11:26:09,5.74,0.0,4,2296,卖盘
11:26:12,5.74,0.0,2,1148,卖盘
11:26:18,5.74,0.0,1,574,卖盘
11:26:45,5.74,0.0,2,1148,卖盘
11:26:57,5.74,0.0,2,1148,卖盘
11:27:03,5.74,0.0,10,5740,卖盘
11:27:09,5.74,0.0,1,574,卖盘
11:27:12,5.74,0.0,2,1148,卖盘
11:27:15,5.74,0.0,1,574,卖盘
11:27:27,5.74,0.0,2,1148,卖盘
11:27:39,5.74,0.0,35,20090,卖盘
11:28:00,5.74,0.0,4,2296,卖盘
11:28:03,5.74,0.0,25,14350,卖盘
11:28:12,5.74,0.0,1,574,卖盘
11:28:15,5.74,0.0,172,98728,卖盘
11:28:30,5.74,0.0,172,98728,卖盘
11:28:39,5.74,0.0,20,11480,卖盘
11:28:42,5.74,0.0,40,22960,卖盘
11:28:54,5.74,0.0,20,11480,卖盘
11:28:57,5.74,0.0,20,11480,卖盘
11:29:03,5.74,0.0,4,2296,卖盘
11:29:06,5.74,0.0,1,574,卖盘
11:29:15,5.74,0.0,2,1148,卖盘
11:29:21,5.74,0.0,5,2870,卖盘
11:29:27,5.74,0.0,2,1148,卖盘
11:29:30,5.74,0.0,20,11480,卖盘
11:29:36,5.74,0.0,2,1148,卖盘
11:29:45,5.74,0.0,2,1148,卖盘
11:29:57,5.74,0.0,23,13202,卖盘
13:00:00,5.74,0.0,107,61418,卖盘
13:00:03,5.74,0.0,770,441980,卖盘
13:00:06,5.74,0.0,294,168756,卖盘
13:00:09,5.74,0.0,202,115948,卖盘
13:00:15,5.74,0.0,4,2296,卖盘
13:00:30,5.74,0.0,4,2296,卖盘
13:00:33,5.74,0.0,69,39606,卖盘
13:00:36,5.74,0.0,5,2870,卖盘
13:00:42,5.74,0.0,39,22386,卖盘
13:00:45,5.74,0.0,4,2296,卖盘
13:00:57,5.74,0.0,3,1722,卖盘
13:01:09,5.74,0.0,2,1148,卖盘
13:01:12,5.74,0.0,3,1722,卖盘
13:01:24,5.74,0.0,40,22960,卖盘
13:01:27,5.74,0.0,2,1148,卖盘
13:01:33,5.74,0.0,1,574,卖盘
13:01:42,5.74,0.0,10,5740,卖盘
13:01:45,5.74,0.0,111,63714,卖盘
13:01:51,5.74,0.0,10,5740,卖盘
13:01:57,5.74,0.0,24,13776,卖盘
13:02:00,5.74,0.0,3,1722,卖盘
13:02:03,5.74,0.0,4,2296,卖盘
13:02:15,5.74,0.0,2,1148,卖盘
13:02:24,5.74,0.0,32,18368,卖盘
13:02:30,5.74,0.0,2,1148,卖盘
13:02:42,5.74,0.0,2,1148,卖盘
13:02:45,5.74,0.0,2,1148,卖盘
13:02:48,5.74,0.0,1,574,卖盘
13:02:54,5.74,0.0,2,1148,卖盘
13:02:57,5.74,0.0,3,1722,卖盘
13:03:03,5.74,0.0,2,1148,卖盘
13:03:06,5.74,0.0,1,574,卖盘
13:03:15,5.74,0.0,2,1148,卖盘
13:03:24,5.74,0.0,31,17794,卖盘
13:03:27,5.74,0.0,2,1148,卖盘
13:03:45,5.74,0.0,2,1148,卖盘
13:03:57,5.74,0.0,9,5166,卖盘
13:04:12,5.74,0.0,8,4592,卖盘
13:04:15,5.74,0.0,2,1148,卖盘
13:04:18,5.74,0.0,2,1148,卖盘
13:04:27,5.74,0.0,3,1722,卖盘
13:04:48,5.74,0.0,2,1148,卖盘
13:04:51,5.74,0.0,5,2870,卖盘
13:04:54,5.74,0.0,2,1148,卖盘
13:04:57,5.74,0.0,4,2296,卖盘
13:05:15,5.74,0.0,3,1722,卖盘
13:05:21,5.74,0.0,1,574,卖盘
13:05:27,5.74,0.0,4,2296,卖盘
13:05:54,5.74,0.0,10,5740,卖盘
13:05:57,5.74,0.0,5,2870,卖盘
13:06:00,5.74,0.0,3,1722,卖盘
13:06:06,5.74,0.0,10,5740,卖盘
13:06:12,5.74,0.0,3,1722,卖盘
13:06:21,5.74,0.0,3,1722,卖盘
13:06:27,5.74,0.0,12,6888,卖盘
13:06:30,5.74,0.0,4,2296,卖盘
13:06:45,5.74,0.0,21,12054,卖盘
13:06:48,5.74,0.0,1,574,卖盘
13:06:51,5.74,0.0,50,28700,卖盘
13:06:54,5.74,0.0,2,1148,卖盘
13:06:57,5.74,0.0,27,15498,卖盘
13:07:00,5.74,0.0,2,1148,卖盘
13:07:09,5.74,0.0,40,22960,卖盘
13:07:15,5.74,0.0,2,1148,卖盘
13:07:18,5.74,0.0,22,12628,卖盘
13:07:21,5.74,0.0,1,574,卖盘
13:07:27,5.74,0.0,14,8036,卖盘
13:07:36,5.74,0.0,5,2870,卖盘
13:07:42,5.74,0.0,10,5740,卖盘
13:08:00,5.74,0.0,2,1148,卖盘
13:08:12,5.74,0.0,17,9758,卖盘
13:08:18,5.74,0.0,123,70602,卖盘
13:08:27,5.74,0.0,15,8610,卖盘
13:08:36,5.74,0.0,2,1148,卖盘
13:08:42,5.74,0.0,5,2870,卖盘
13:08:51,5.74,0.0,1,574,卖盘
13:08:57,5.74,0.0,2,1148,卖盘
13:09:15,5.74,0.0,22,12628,卖盘
13:09:18,5.74,0.0,1,574,卖盘
13:09:24,5.74,0.0,13,7462,卖盘
13:09:45,5.74,0.0,1,574,卖盘
13:09:57,5.74,0.0,3,1722,卖盘
13:10:15,5.74,0.0,2,1148,卖盘
13:10:18,5.74,0.0,4,2296,卖盘
13:10:27,5.74,0.0,14,8036,卖盘
13:10:30,5.74,0.0,5,2870,卖盘
13:10:42,5.74,0.0,2,1148,卖盘
13:10:45,5.74,0.0,2,1148,卖盘
13:10:48,5.74,0.0,2,1148,卖盘
13:10:57,5.74,0.0,2,1148,卖盘
13:11:09,5.74,0.0,200,114800,卖盘
13:11:57,5.74,0.0,16,9184,卖盘
13:12:15,5.74,0.0,3,1722,卖盘
13:12:18,5.74,0.0,1,574,卖盘
13:12:27,5.74,0.0,16,9184,卖盘
13:12:30,5.74,0.0,2,1148,卖盘
13:12:36,5.74,0.0,5,2870,卖盘
13:12:57,5.74,0.0,13,7462,卖盘
13:13:00,5.74,0.0,4,2296,卖盘
13:13:15,5.74,0.0,2,1148,卖盘
13:13:30,5.74,0.0,3,1722,卖盘
13:13:42,5.74,0.0,6,3444,卖盘
13:13:48,5.74,0.0,12,6888,卖盘
13:13:57,5.74,0.0,13,7462,卖盘
13:14:00,5.74,0.0,2,1148,卖盘
13:14:03,5.74,0.0,1,574,卖盘
13:14:06,5.74,0.0,10,5740,卖盘
13:14:15,5.74,0.0,2,1148,卖盘
13:14:21,5.74,0.0,7,4018,卖盘
13:14:24,5.74,0.0,10,5740,卖盘
13:14:27,5.74,0.0,209,119966,卖盘
13:14:33,5.74,0.0,1,574,卖盘
13:14:45,5.74,0.0,2,1148,卖盘
13:14:51,5.74,0.0,25,14350,卖盘
13:14:57,5.74,0.0,19,10906,卖盘
13:15:15,5.74,0.0,4,2296,卖盘
13:15:27,5.74,0.0,15,8610,卖盘
13:15:54,5.74,0.0,1,574,卖盘
13:16:03,5.74,0.0,10,5740,卖盘
13:16:06,5.74,0.0,4,2296,卖盘
13:16:12,5.74,0.0,2,1148,卖盘
13:16:18,5.74,0.0,2,1148,卖盘
13:16:21,5.74,0.0,10,5740,卖盘
13:16:24,5.74,0.0,23,13202,卖盘
13:16:30,5.74,0.0,12,6888,卖盘
13:16:36,5.74,0.0,6,3444,卖盘
13:16:45,5.74,0.0,40,22960,卖盘
13:16:57,5.74,0.0,16,9184,卖盘
13:17:00,5.74,0.0,2,1148,卖盘
13:17:03,5.74,0.0,2,1148,卖盘
13:17:06,5.74,0.0,5,2870,卖盘
13:17:09,5.74,0.0,1,574,卖盘
13:17:15,5.74,0.0,2,1148,卖盘
13:17:21,5.74,0.0,2,1148,卖盘
13:17:24,5.74,0.0,110,63140,卖盘
13:17:33,5.74,0.0,10,5740,卖盘
13:17:54,5.74,0.0,2,1148,卖盘
13:17:57,5.74,0.0,2,1148,卖盘
13:18:03,5.74,0.0,10,5740,卖盘
13:18:12,5.74,0.0,1,574,卖盘
13:18:15,5.74,0.0,4,2296,卖盘
13:18:27,5.74,0.0,13,7462,卖盘
13:18:30,5.74,0.0,2,1148,卖盘
13:18:33,5.74,0.0,14,8036,卖盘
13:18:51,5.74,0.0,38,21812,卖盘
13:19:12,5.74,0.0,6,3444,卖盘
13:19:27,5.74,0.0,2,1148,卖盘
13:19:30,5.74,0.0,4,2296,卖盘
13:19:33,5.74,0.0,24,13776,卖盘
13:19:45,5.74,0.0,2,1148,卖盘
13:19:54,5.74,0.0,5,2870,卖盘
13:19:57,5.74,0.0,12,6888,卖盘
13:20:12,5.74,0.0,5,2870,卖盘
13:20:15,5.74,0.0,2,1148,卖盘
13:20:42,5.74,0.0,25,14350,卖盘
13:20:45,5.74,0.0,1,574,卖盘
13:20:57,5.74,0.0,2,1148,卖盘
13:21:00,5.74,0.0,1,574,卖盘
13:21:03,5.74,0.0,5,2870,卖盘
13:21:12,5.74,0.0,6,3444,卖盘
13:21:15,5.74,0.0,2,1148,卖盘
13:21:18,5.74,0.0,2,1148,卖盘
13:21:27,5.74,0.0,11,6314,卖盘
13:21:45,5.74,0.0,1,574,卖盘
13:21:51,5.74,0.0,2,1148,卖盘
13:22:09,5.74,0.0,50,28700,卖盘
13:22:15,5.74,0.0,48,27552,卖盘
13:22:24,5.74,0.0,1,574,卖盘
13:22:30,5.74,0.0,8,4592,卖盘
13:22:39,5.74,0.0,20,11480,卖盘
13:22:48,5.74,0.0,2,1148,卖盘
13:22:51,5.74,0.0,10,5740,卖盘
13:23:06,5.74,0.0,5,2870,卖盘
13:23:24,5.74,0.0,12,6888,卖盘
13:23:27,5.74,0.0,7,4018,卖盘
13:23:45,5.74,0.0,2,1148,卖盘
13:23:48,5.74,0.0,3,1722,卖盘
13:23:51,5.74,0.0,2,1148,卖盘
13:23:57,5.74,0.0,7,4018,卖盘
13:24:00,5.74,0.0,1,574,卖盘
13:24:42,5.74,0.0,2,1148,卖盘
13:24:45,5.74,0.0,2,1148,卖盘
13:24:51,5.74,0.0,1,574,卖盘
13:24:54,5.74,0.0,5,2870,卖盘
13:25:06,5.74,0.0,3,1722,卖盘
13:25:15,5.74,0.0,2,1148,卖盘
13:25:27,5.74,0.0,2,1148,卖盘
13:25:33,5.74,0.0,2,1148,卖盘
13:25:48,5.74,0.0,10,5740,卖盘
13:26:06,5.74,0.0,1,574,卖盘
13:26:45,5.74,0.0,2,1148,卖盘
13:26:51,5.74,0.0,5,2870,卖盘
13:27:00,5.74,0.0,2,1148,卖盘
13:27:09,5.74,0.0,10,5740,卖盘
13:27:12,5.74,0.0,38,21812,卖盘
13:27:15,5.74,0.0,2,1148,卖盘
13:27:24,5.74,0.0,1,574,卖盘
13:27:27,5.74,0.0,6,3444,卖盘
13:27:30,5.74,0.0,2,1148,卖盘
13:27:45,5.74,0.0,5,2870,卖盘
13:27:48,5.74,0.0,1,574,卖盘
13:28:15,5.74,0.0,2,1148,卖盘
13:28:27,5.74,0.0,2,1148,卖盘
13:28:33,5.74,0.0,1,574,卖盘
13:29:03,5.74,0.0,2,1148,卖盘
13:29:09,5.74,0.0,6,3444,卖盘
13:29:12,5.74,0.0,1,574,卖盘
13:29:15,5.74,0.0,2,1148,卖盘
13:29:27,5.74,0.0,2,1148,卖盘
13:29:39,5.74,0.0,3,1722,卖盘
13:30:12,5.74,0.0,2,1148,卖盘
13:30:27,5.74,0.0,25,14350,卖盘
13:31:00,5.74,0.0,2,1148,卖盘
13:31:15,5.74,0.0,2,1148,卖盘
13:31:36,5.74,0.0,30,17220,卖盘
13:32:00,5.74,0.0,80,45920,卖盘
13:32:09,5.74,0.0,3,1722,卖盘
13:32:15,5.74,0.0,2,1148,卖盘
13:32:36,5.74,0.0,3,1722,卖盘
13:32:45,5.74,0.0,10,5740,卖盘
13:32:57,5.74,0.0,2,1148,卖盘
13:33:00,5.74,0.0,37,21238,卖盘
13:33:27,5.74,0.0,2,1148,卖盘
13:33:45,5.74,0.0,7,4018,卖盘
13:33:51,5.74,0.0,14,8036,卖盘
13:34:00,5.74,0.0,5,2870,卖盘
13:34:27,5.74,0.0,42,24108,卖盘
13:34:30,5.74,0.0,28,16072,卖盘
13:34:33,5.74,0.0,17,9758,卖盘
13:34:39,5.74,0.0,12,6888,卖盘
13:34:45,5.74,0.0,5,2870,卖盘
13:34:48,5.74,0.0,2,1148,卖盘
13:34:57,5.74,0.0,1,574,卖盘
13:35:09,5.74,0.0,47,26978,卖盘
13:35:39,5.74,0.0,1,574,卖盘
13:35:54,5.74,0.0,10,5740,卖盘
13:35:57,5.74,0.0,3,1722,卖盘
13:36:03,5.74,0.0,30,17220,卖盘
13:36:09,5.74,0.0,4,2296,卖盘
13:36:12,5.74,0.0,1,574,卖盘
13:36:15,5.74,0.0,2,1148,卖盘
13:36:36,5.74,0.0,103,59122,卖盘
13:36:48,5.74,0.0,1,574,卖盘
13:36:51,5.74,0.0,2,1148,卖盘
13:37:09,5.74,0.0,2,1148,卖盘
13:37:15,5.74,0.0,60,34440,卖盘
13:37:27,5.74,0.0,50,28700,卖盘
13:37:45,5.74,0.0,2,1148,卖盘
13:38:27,5.74,0.0,10,5740,卖盘
13:38:51,5.74,0.0,1,574,卖盘
13:39:03,5.74,0.0,1,574,卖盘
13:39:09,5.74,0.0,4,2296,卖盘
13:39:15,5.74,0.0,2,1148,卖盘
13:39:18,5.74,0.0,21,12054,卖盘
13:39:33,5.74,0.0,1,574,卖盘
13:39:39,5.74,0.0,106,60844,卖盘
13:39:54,5.74,0.0,101,57974,卖盘
13:40:15,5.74,0.0,2,1148,卖盘
13:40:24,5.74,0.0,10,5740,卖盘
13:41:03,5.74,0.0,9,5166,卖盘
13:41:09,5.74,0.0,1,574,卖盘
13:41:12,5.74,0.0,18,10332,卖盘
13:41:15,5.74,0.0,2,1148,卖盘
13:41:54,5.74,0.0,50,28700,卖盘
13:42:09,5.74,0.0,2,1148,卖盘
13:42:24,5.74,0.0,4,2296,卖盘
13:42:30,5.74,0.0,50,28700,卖盘
13:42:45,5.74,0.0,2,1148,卖盘
13:43:03,5.74,0.0,10,5740,卖盘
13:43:12,5.74,0.0,3,1722,卖盘
13:43:15,5.74,0.0,21,12054,卖盘
13:43:24,5.74,0.0,5,2870,卖盘
13:43:42,5.74,0.0,20,11480,卖盘
13:43:51,5.74,0.0,1,574,卖盘
13:43:54,5.74,0.0,5,2870,卖盘
13:44:15,5.74,0.0,2,1148,卖盘
13:44:18,5.74,0.0,2,1148,卖盘
13:44:24,5.74,0.0,2,1148,卖盘
13:44:39,5.74,0.0,36,20664,卖盘
13:44:54,5.74,0.0,3,1722,卖盘
13:44:57,5.74,0.0,4,2296,卖盘
13:45:06,5.74,0.0,8,4592,卖盘
13:45:15,5.74,0.0,2,1148,卖盘
13:45:21,5.74,0.0,40,22960,卖盘
13:46:03,5.74,0.0,15,8610,卖盘
13:46:21,5.74,0.0,12,6888,卖盘
13:46:27,5.74,0.0,2,1148,卖盘
13:46:33,5.74,0.0,3,1722,卖盘
13:46:45,5.74,0.0,2,1148,卖盘
13:47:12,5.74,0.0,16,9184,卖盘
13:47:24,5.74,0.0,2,1148,卖盘
13:47:30,5.74,0.0,5,2870,卖盘
13:47:42,5.74,0.0,2,1148,卖盘
13:47:51,5.74,0.0,4,2296,卖盘
13:47:54,5.74,0.0,4,2296,卖盘
13:48:30,5.74,0.0,2,1148,卖盘
13:48:33,5.74,0.0,10,5740,卖盘
13:48:54,5.74,0.0,10,5740,卖盘
13:49:09,5.74,0.0,10,5740,卖盘
13:49:12,5.74,0.0,1,574,卖盘
13:49:15,5.74,0.0,2,1148,卖盘
13:49:18,5.74,0.0,8,4592,卖盘
13:49:21,5.74,0.0,7,4018,卖盘
13:49:24,5.74,0.0,2,1148,卖盘
13:49:27,5.74,0.0,13,7462,卖盘
13:49:48,5.74,0.0,7,4018,卖盘
13:49:51,5.74,0.0,6,3444,卖盘
13:49:54,5.74,0.0,7,4018,卖盘
13:50:15,5.74,0.0,7,4018,卖盘
13:50:24,5.74,0.0,2,1148,卖盘
13:50:54,5.74,0.0,10,5740,卖盘
13:51:15,5.74,0.0,2,1148,卖盘
13:51:21,5.74,0.0,5,2870,卖盘
13:51:24,5.74,0.0,8,4592,卖盘
13:51:45,5.74,0.0,1,574,卖盘
13:51:48,5.74,0.0,2,1148,卖盘
13:51:54,5.74,0.0,2,1148,卖盘
13:51:57,5.74,0.0,27,15498,卖盘
13:52:21,5.74,0.0,8,4592,卖盘
13:52:30,5.74,0.0,3,1722,卖盘
13:52:45,5.74,0.0,2,1148,卖盘
13:52:54,5.74,0.0,2,1148,卖盘
13:53:18,5.74,0.0,2,1148,卖盘
13:53:21,5.74,0.0,2,1148,卖盘
13:53:45,5.74,0.0,2,1148,卖盘
13:53:57,5.74,0.0,4,2296,卖盘
13:54:09,5.74,0.0,2,1148,卖盘
13:54:24,5.74,0.0,50,28700,卖盘
13:54:33,5.74,0.0,17,9758,卖盘
13:54:45,5.74,0.0,2,1148,卖盘
13:54:54,5.74,0.0,2,1148,卖盘
13:55:18,5.74,0.0,30,17220,卖盘
13:55:57,5.74,0.0,2,1148,卖盘
13:56:15,5.74,0.0,2,1148,卖盘
13:56:24,5.74,0.0,8,4592,卖盘
13:56:33,5.74,0.0,6,3444,卖盘
13:56:36,5.74,0.0,6,3444,卖盘
13:56:39,5.74,0.0,1,574,卖盘
13:56:45,5.74,0.0,5,2870,卖盘
13:56:57,5.74,0.0,2,1148,卖盘
13:57:12,5.74,0.0,2,1148,卖盘
13:57:54,5.74,0.0,102,58548,卖盘
13:58:00,5.74,0.0,3,1722,卖盘
13:58:03,5.74,0.0,10,5740,卖盘
13:58:15,5.74,0.0,2,1148,卖盘
13:58:30,5.74,0.0,1,574,卖盘
13:58:54,5.74,0.0,2,1148,卖盘
13:59:06,5.74,0.0,50,28700,卖盘
13:59:21,5.74,0.0,2,1148,卖盘
13:59:24,5.74,0.0,1,574,卖盘
13:59:30,5.74,0.0,5,2870,卖盘
13:59:33,5.74,0.0,15,8610,卖盘
13:59:36,5.74,0.0,6,3444,卖盘
13:59:39,5.74,0.0,5,2870,卖盘
13:59:45,5.74,0.0,2,1148,卖盘
13:59:51,5.74,0.0,1,574,卖盘
13:59:57,5.74,0.0,2,1148,卖盘
14:00:15,5.74,0.0,35,20090,卖盘
14:00:42,5.74,0.0,2,1148,卖盘
14:00:54,5.74,0.0,51,29274,卖盘
14:00:57,5.74,0.0,3,1722,卖盘
14:01:00,5.74,0.0,171,98154,卖盘
14:01:06,5.74,0.0,10,5740,卖盘
14:01:09,5.74,0.0,2,1148,卖盘
14:01:39,5.74,0.0,10,5740,卖盘
14:01:57,5.74,0.0,3,1722,卖盘
14:02:00,5.74,0.0,1,574,卖盘
14:02:03,5.74,0.0,4,2296,卖盘
14:02:06,5.74,0.0,2,1148,卖盘
14:02:15,5.74,0.0,3,1722,卖盘
14:02:42,5.74,0.0,5,2870,卖盘
14:02:51,5.74,0.0,3,1722,卖盘
14:02:57,5.74,0.0,2,1148,卖盘
14:03:06,5.74,0.0,1,574,卖盘
14:03:27,5.74,0.0,2,1148,卖盘
14:03:30,5.74,0.0,8,4592,卖盘
14:03:36,5.74,0.0,20,11480,卖盘
14:03:48,5.74,0.0,2,1148,卖盘
14:03:51,5.74,0.0,19,10906,卖盘
14:03:54,5.74,0.0,2,1148,卖盘
14:03:57,5.74,0.0,18,10332,卖盘
14:04:00,5.74,0.0,1,574,卖盘
14:04:15,5.74,0.0,2,1148,卖盘
14:04:24,5.74,0.0,34,19516,卖盘
14:04:27,5.74,0.0,12,6888,卖盘
14:04:33,5.74,0.0,20,11480,卖盘
14:04:48,5.74,0.0,7,4018,卖盘
14:04:54,5.74,0.0,3,1722,卖盘
14:05:00,5.74,0.0,10,5740,卖盘
14:05:18,5.74,0.0,5,2870,卖盘
14:05:30,5.74,0.0,10,5740,卖盘
14:05:33,5.74,0.0,6,3444,卖盘
14:05:42,5.74,0.0,44,25256,卖盘
14:05:57,5.74,0.0,20,11480,卖盘
14:06:00,5.74,0.0,12,6888,卖盘
14:06:03,5.74,0.0,13,7462,卖盘
14:06:06,5.74,0.0,3,1722,卖盘
14:06:12,5.74,0.0,2,1148,卖盘
14:06:15,5.74,0.0,2,1148,卖盘
14:06:21,5.74,0.0,1,574,卖盘
14:06:33,5.74,0.0,5,2870,卖盘
14:06:39,5.74,0.0,5,2870,卖盘
14:06:57,5.74,0.0,2,1148,卖盘
14:07:00,5.74,0.0,14,8036,卖盘
14:07:21,5.74,0.0,40,22960,卖盘
14:07:33,5.74,0.0,9,5166,卖盘
14:07:54,5.74,0.0,2,1148,卖盘
14:08:03,5.74,0.0,2,1148,卖盘
14:08:27,5.74,0.0,17,9758,卖盘
14:08:30,5.74,0.0,11,6314,卖盘
14:08:33,5.74,0.0,8,4592,卖盘
14:08:36,5.74,0.0,2,1148,卖盘
14:08:39,5.74,0.0,1,574,卖盘
14:08:45,5.74,0.0,2,1148,卖盘
14:08:48,5.74,0.0,1,574,卖盘
14:08:57,5.74,0.0,1,574,卖盘
14:09:00,5.74,0.0,435,249690,卖盘
14:09:27,5.74,0.0,2,1148,卖盘
14:10:09,5.74,0.0,1,574,卖盘
14:10:18,5.74,0.0,20,11480,卖盘
14:10:27,5.74,0.0,3,1722,卖盘
14:10:45,5.74,0.0,2,1148,卖盘
14:10:48,5.74,0.0,4,2296,卖盘
14:11:27,5.74,0.0,2,1148,卖盘
14:11:42,5.74,0.0,2,1148,卖盘
14:12:00,5.74,0.0,50,28700,卖盘
14:12:06,5.74,0.0,2,1148,卖盘
14:12:27,5.74,0.0,7,4018,卖盘
14:12:45,5.74,0.0,2,1148,卖盘
14:12:48,5.74,0.0,10,5740,卖盘
14:13:15,5.74,0.0,3,1722,卖盘
14:13:27,5.74,0.0,2,1148,卖盘
14:14:15,5.74,0.0,1,574,卖盘
14:14:18,5.74,0.0,43,24682,卖盘
14:14:27,5.74,0.0,2,1148,卖盘
14:14:42,5.74,0.0,2,1148,卖盘
14:15:18,5.74,0.0,3,1722,卖盘
14:15:24,5.74,0.0,2,1148,卖盘
14:15:39,5.74,0.0,10,5740,卖盘
14:15:57,5.74,0.0,106,60844,卖盘
14:16:00,5.74,0.0,15,8610,卖盘
14:16:03,5.74,0.0,17,9758,卖盘
14:16:06,5.74,0.0,5,2870,卖盘
14:16:09,5.74,0.0,11,6314,卖盘
14:16:24,5.74,0.0,5,2870,卖盘
14:16:42,5.74,0.0,25,14350,卖盘
14:16:57,5.74,0.0,2,1148,卖盘
14:17:09,5.74,0.0,2,1148,卖盘
14:17:15,5.74,0.0,3,1722,卖盘
14:17:27,5.74,0.0,4,2296,卖盘
14:17:39,5.74,0.0,15,8610,卖盘
14:17:45,5.74,0.0,2,1148,卖盘
14:18:09,5.74,0.0,96,55104,卖盘
14:18:15,5.74,0.0,3,1722,卖盘
14:18:24,5.74,0.0,2,1148,卖盘
14:18:36,5.74,0.0,57,32718,卖盘
14:18:39,5.74,0.0,5,2870,卖盘
14:19:42,5.74,0.0,7,4018,卖盘
14:19:45,5.74,0.0,5,2870,卖盘
14:19:57,5.74,0.0,3,1722,卖盘
14:20:15,5.74,0.0,55,31570,卖盘
14:20:30,5.74,0.0,8,4592,卖盘
14:20:45,5.74,0.0,2,1148,卖盘
14:20:54,5.74,0.0,2,1148,卖盘
14:20:57,5.74,0.0,10,5740,卖盘
14:21:39,5.74,0.0,2,1148,卖盘
14:21:42,5.74,0.0,180,103320,卖盘
14:21:45,5.74,0.0,2,1148,卖盘
14:22:06,5.74,0.0,2,1148,卖盘
14:22:12,5.74,0.0,38,21812,卖盘
14:22:21,5.74,0.0,2,1148,卖盘
14:22:27,5.74,0.0,70,40180,卖盘
14:22:45,5.74,0.0,2,1148,卖盘
14:23:15,5.74,0.0,1,574,卖盘
14:23:27,5.74,0.0,4,2296,卖盘
14:23:30,5.74,0.0,5,2870,卖盘
14:23:42,5.74,0.0,14,8036,卖盘
14:24:03,5.74,0.0,4,2296,卖盘
14:24:21,5.74,0.0,18,10332,卖盘
14:24:24,5.74,0.0,2,1148,卖盘
14:24:30,5.74,0.0,8,4592,卖盘
14:24:33,5.74,0.0,5,2870,卖盘
14:24:39,5.74,0.0,41,23534,卖盘
14:24:57,5.74,0.0,2,1148,卖盘
14:25:00,5.74,0.0,4,2296,卖盘
14:25:45,5.74,0.0,5,2870,卖盘
14:25:57,5.74,0.0,3,1722,卖盘
14:26:33,5.74,0.0,7,4018,卖盘
14:26:36,5.74,0.0,3,1722,卖盘
14:27:09,5.74,0.0,10,5740,卖盘
14:27:48,5.74,0.0,1,574,卖盘
14:27:57,5.74,0.0,6,3444,卖盘
14:28:09,5.74,0.0,45,25830,卖盘
14:28:12,5.74,0.0,50,28700,卖盘
14:28:21,5.74,0.0,1,574,卖盘
14:28:30,5.74,0.0,6,3444,卖盘
14:28:45,5.74,0.0,40,22960,卖盘
14:28:51,5.74,0.0,1,574,卖盘
14:29:06,5.74,0.0,100,57400,卖盘
14:29:12,5.74,0.0,8,4592,卖盘
14:29:15,5.74,0.0,16,9184,卖盘
14:29:51,5.74,0.0,96,55104,卖盘
14:29:57,5.74,0.0,30,17220,卖盘
14:30:12,5.74,0.0,15,8610,卖盘
14:30:18,5.74,0.0,15,8610,卖盘
14:30:39,5.74,0.0,8,4592,卖盘
14:30:45,5.74,0.0,41,23534,卖盘
14:30:54,5.74,0.0,80,45920,卖盘
14:30:57,5.74,0.0,20,11480,卖盘
14:31:27,5.74,0.0,1,574,卖盘
14:31:36,5.74,0.0,20,11480,卖盘
14:31:48,5.74,0.0,4,2296,卖盘
14:32:33,5.74,0.0,9,5166,卖盘
14:32:39,5.74,0.0,1,574,卖盘
14:32:45,5.74,0.0,25,14350,卖盘
14:32:57,5.74,0.0,5,2870,卖盘
14:33:15,5.74,0.0,2,1148,卖盘
14:33:27,5.74,0.0,3,1722,卖盘
14:33:51,5.74,0.0,20,11480,卖盘
14:34:12,5.74,0.0,2,1148,卖盘
14:34:15,5.74,0.0,10,5740,卖盘
14:34:24,5.74,0.0,9,5166,卖盘
14:34:36,5.74,0.0,2,1148,卖盘
14:34:51,5.74,0.0,10,5740,卖盘
14:35:27,5.74,0.0,224,128576,卖盘
14:36:09,5.74,0.0,1,574,卖盘
14:36:15,5.74,0.0,2,1148,卖盘
14:36:33,5.74,0.0,5,2870,卖盘
14:36:45,5.74,0.0,10,5740,卖盘
14:37:09,5.74,0.0,9,5166,卖盘
14:37:36,5.74,0.0,5,2870,卖盘
14:37:57,5.74,0.0,10,5740,卖盘
14:38:09,5.74,0.0,1,574,卖盘
14:38:15,5.74,0.0,10,5740,卖盘
14:38:57,5.74,0.0,2,1148,卖盘
14:39:06,5.74,0.0,2,1148,卖盘
14:40:45,5.74,0.0,1,574,卖盘
14:40:51,5.74,0.0,3,1722,卖盘
14:41:06,5.74,0.0,1,574,卖盘
14:41:27,5.74,0.0,8,4592,卖盘
14:41:48,5.74,0.0,3,1722,卖盘
14:42:21,5.74,0.0,7,4018,卖盘
14:42:30,5.74,0.0,3,1722,卖盘
14:42:54,5.74,0.0,2,1148,卖盘
14:43:21,5.74,0.0,5,2870,卖盘
14:44:57,5.74,0.0,4,2296,卖盘
14:45:21,5.74,0.0,11,6314,卖盘
14:45:39,5.74,0.0,1,574,卖盘
14:45:45,5.74,0.0,1,574,卖盘
14:46:06,5.74,0.0,10,5740,卖盘
14:46:09,5.74,0.0,4,2296,卖盘
14:46:18,5.74,0.0,5,2870,卖盘
14:46:51,5.74,0.0,50,28700,卖盘
14:46:57,5.74,0.0,10,5740,卖盘
14:47:12,5.74,0.0,5,2870,卖盘
14:47:18,5.74,0.0,5,2870,卖盘
14:47:24,5.74,0.0,90,51660,卖盘
14:47:33,5.74,0.0,4,2296,卖盘
14:48:03,5.74,0.0,8,4592,卖盘
14:49:18,5.74,0.0,1,574,卖盘
14:50:00,5.74,0.0,50,28700,卖盘
14:50:12,5.74,0.0,4,2296,卖盘
14:50:27,5.74,0.0,2,1148,卖盘
14:50:30,5.74,0.0,3,1722,卖盘
14:50:33,5.74,0.0,1,574,卖盘
14:50:36,5.74,0.0,25,14350,卖盘
14:51:06,5.74,0.0,9,5166,卖盘
14:51:18,5.74,0.0,6,3444,卖盘
14:51:21,5.74,0.0,45,25830,卖盘
14:51:33,5.74,0.0,2,1148,卖盘
14:51:48,5.74,0.0,51,29274,卖盘
14:52:06,5.74,0.0,15,8610,卖盘
14:52:09,5.74,0.0,2,1148,卖盘
14:52:12,5.74,0.0,3,1722,卖盘
14:52:18,5.74,0.0,3,1722,卖盘
14:52:27,5.74,0.0,39,22386,卖盘
14:52:51,5.74,0.0,2,1148,卖盘
14:53:18,5.74,0.0,3,1722,卖盘
14:53:24,5.74,0.0,20,11480,卖盘
14:53:36,5.74,0.0,26,14924,卖盘
14:53:39,5.74,0.0,5,2870,卖盘
14:54:24,5.74,0.0,9,5166,卖盘
14:54:45,5.74,0.0,2,1148,卖盘
14:54:57,5.74,0.0,95,54530,卖盘
14:55:18,5.74,0.0,5,2870,卖盘
14:55:27,5.74,0.0,3,1722,卖盘
14:55:45,5.74,0.0,5,2870,卖盘
14:56:03,5.74,0.0,16,9184,卖盘
14:56:21,5.74,0.0,5,2870,卖盘
14:56:24,5.74,0.0,70,40180,卖盘
14:56:36,5.74,0.0,10,5740,卖盘
14:56:48,5.74,0.0,19,10906,卖盘
14:56:51,5.74,0.0,3,1722,卖盘
14:56:57,5.74,0.0,1,574,卖盘
15:00:00,5.74,0.0,177,101598,卖盘
