成交时间,成交价格,价格变动,成交量,成交金额,性质
09:25:01,9.17,0.0,314674,288556058,卖盘
09:30:01,9.14,-0.03,52511,48039356,卖盘
09:30:04,8.96,-0.18,14383,12966528,卖盘
09:30:07,9.0,0.04,11636,10484083,买盘
09:30:10,9.09,0.09,11008,9981174,买盘
09:30:13,8.99,-0.1,8049,7273444,卖盘
09:30:16,8.98,-0.01,7419,6685553,中性盘
09:30:19,8.92,-0.06,2686,2406653,卖盘
09:30:22,8.93,0.01,6771,6069120,买盘
09:30:25,8.91,-0.02,4266,3804791,卖盘
09:30:28,8.97,0.06,9028,8061234,买盘
09:30:31,8.89,-0.08,7352,6547148,卖盘
09:30:34,8.92,0.03,10678,9507357,买盘
09:30:37,8.9,-0.02,10633,9458577,卖盘
09:30:40,8.88,-0.02,12953,11519334,卖盘
09:30:43,8.9,0.02,25217,22415455,买盘
09:30:46,8.88,-0.02,14666,12984541,卖盘
09:30:49,8.88,0.0,17091,15183638,买盘
09:30:52,8.8,-0.08,8420,7456492,卖盘
09:30:55,8.82,0.02,11004,9706435,中性盘
09:30:58,8.7,-0.12,13806,12097059,卖盘
09:31:01,8.68,-0.02,3983,3472154,卖盘
09:31:04,8.64,-0.04,7443,6471889,卖盘
09:31:07,8.64,0.0,5411,4682819,买盘
09:31:10,8.65,0.01,9750,8424264,中性盘
09:31:13,8.6,-0.05,9938,8554409,卖盘
09:31:16,8.6,0.0,10066,8651017,买盘
09:31:19,8.64,0.04,21160,18248926,买盘
09:31:22,8.66,0.02,12172,10522178,买盘
09:31:25,8.68,0.02,13441,11624489,买盘
09:31:28,8.68,0.0,13368,11595570,买盘
09:31:31,8.69,0.01,8460,7350373,买盘
09:31:34,8.78,0.09,9642,8394516,买盘
09:31:37,8.82,0.04,10515,9226835,买盘
09:31:40,8.84,0.02,8417,7408808,买盘
09:31:43,8.84,0.0,5758,5089705,买盘
09:31:46,8.87,0.03,15416,13654424,买盘
09:31:49,8.88,0.01,10124,8975931,买盘
09:31:52,8.89,0.01,9391,8334951,买盘
09:31:55,8.89,0.0,11546,10250910,买盘
09:31:58,8.87,-0.02,9717,8625261,卖盘
09:32:01,8.84,-0.03,12137,10757803,卖盘
09:32:04,8.85,0.01,10272,9090204,买盘
09:32:07,8.82,-0.03,5942,5238742,卖盘
09:32:10,8.82,0.0,4375,3855082,买盘
09:32:13,8.8,-0.02,5145,4524808,中性盘
09:32:16,8.78,-0.02,4134,3628236,卖盘
09:32:19,8.75,-0.03,3537,3100308,卖盘
09:32:22,8.75,0.0,4794,4179077,买盘
09:32:25,8.74,-0.01,5304,4629573,中性盘
09:32:28,8.71,-0.03,5220,4549771,卖盘
09:32:31,8.72,0.01,6489,5651738,买盘
09:32:34,8.72,0.0,6387,5564954,买盘
09:32:37,8.7,-0.02,6278,5471189,卖盘
09:32:40,8.7,0.0,9088,7902464,卖盘
09:32:43,8.68,-0.02,7054,6135351,卖盘
09:32:46,8.69,0.01,4308,3743845,买盘
09:32:49,8.68,-0.01,6486,5632708,卖盘
09:32:52,8.68,0.0,9515,8263193,买盘
09:32:55,8.69,0.01,4840,4202674,买盘
09:32:58,8.67,-0.02,5606,4867004,卖盘
09:33:01,8.67,0.0,5487,4758183,中性盘
09:33:04,8.66,-0.01,3150,2732014,中性盘
09:33:07,8.65,-0.01,4050,3509358,卖盘
09:33:10,8.66,0.01,7866,6805068,中性盘
09:33:13,8.65,-0.01,9191,7961653,买盘
09:33:16,8.64,-0.01,7075,6124806,卖盘
09:33:19,8.64,0.0,3354,2899519,买盘
09:33:22,8.64,0.0,4373,3774350,买盘
09:33:25,8.63,-0.01,10575,9136111,卖盘
09:33:28,8.63,0.0,8465,7319848,买盘
09:33:31,8.63,0.0,13229,11409412,卖盘
09:33:34,8.62,-0.01,4910,4236037,卖盘
09:33:37,8.63,0.01,5375,4637561,买盘
09:33:40,8.65,0.02,8784,7602711,买盘
09:33:43,8.67,0.02,4249,3681777,买盘
09:33:46,8.68,0.01,2923,2532964,买盘
09:33:49,8.68,0.0,3547,3078030,买盘
09:33:52,8.68,0.0,4581,3978227,卖盘
09:33:55,8.69,0.01,7276,6319395,买盘
09:33:58,8.69,0.0,6591,5724372,买盘
09:34:01,8.69,0.0,9662,8391696,买盘
09:34:04,8.69,0.0,7312,6350226,买盘
09:34:07,8.7,0.01,12748,11089649,买盘
09:34:10,8.72,0.02,6374,5551308,买盘
09:34:13,8.73,0.01,5211,4537779,买盘
09:34:16,8.75,0.02,1283,1121207,买盘
09:34:19,8.75,0.0,2377,2079401,买盘
09:34:22,8.76,0.01,4325,3784617,买盘
09:34:25,8.75,-0.01,815,714146,卖盘
09:34:28,8.76,0.01,2137,1873876,卖盘
09:34:31,8.77,0.01,10680,9386861,买盘
09:34:34,8.79,0.02,2181,1914487,买盘
09:34:37,8.79,0.0,3014,2650445,买盘
09:34:40,8.8,0.01,5002,4400685,买盘
09:34:43,8.81,0.01,2529,2228392,买盘
09:34:46,8.82,0.01,7838,6931095,买盘
09:34:49,8.86,0.04,4422,3908795,买盘
09:34:52,8.85,-0.01,2360,2087754,卖盘
09:34:55,8.87,0.02,3093,2739373,买盘
09:34:58,8.87,0.0,9079,8047693,买盘
09:35:01,8.88,0.01,3857,3423660,买盘
09:35:04,8.88,0.0,9683,8581495,买盘
09:35:07,8.89,0.01,7045,6253281,买盘
09:35:10,8.88,-0.01,4706,4181676,卖盘
09:35:13,8.89,0.01,4944,4395175,买盘
09:35:16,8.89,0.0,9505,8456229,卖盘
09:35:19,8.89,0.0,6525,5803890,卖盘
09:35:22,8.9,0.01,7972,7085836,买盘
09:35:25,8.9,0.0,3807,3386070,买盘
09:35:28,8.9,0.0,4537,4035366,买盘
09:35:31,8.88,-0.02,4511,4008405,卖盘
09:35:34,8.88,0.0,2802,2483253,买盘
09:35:37,8.89,0.01,2485,2204503,买盘
09:35:40,8.88,-0.01,2120,1879826,卖盘
09:35:43,8.88,0.0,9554,8464570,买盘
09:35:46,8.83,-0.05,5471,4831836,卖盘
09:35:49,8.77,-0.06,8230,7237916,卖盘
09:35:52,8.82,0.05,994,874687,买盘
09:35:55,8.82,0.0,1582,1395398,卖盘
09:35:58,8.8,-0.02,824,724210,中性盘
09:36:01,8.75,-0.05,5456,4777303,卖盘
09:36:04,8.75,0.0,1486,1299313,买盘
09:36:07,8.76,0.01,4026,3530406,买盘
09:36:10,8.8,0.04,3281,2886165,买盘
09:36:13,8.77,-0.03,5371,4728713,卖盘
09:36:16,8.8,0.03,1968,1732677,买盘
09:36:19,8.8,0.0,5717,5016837,买盘
09:36:22,8.8,0.0,2983,2625404,卖盘
09:36:25,8.79,-0.01,1988,1748382,卖盘
09:36:28,8.79,0.0,1593,1400608,买盘
09:36:31,8.76,-0.03,6189,5421977,卖盘
09:36:34,8.78,0.02,1179,1034524,中性盘
09:36:37,8.79,0.01,2436,2139658,买盘
09:36:40,8.74,-0.05,3011,2638934,卖盘
09:36:43,8.78,0.04,1726,1511993,买盘
09:36:46,8.78,0.0,3118,2737781,买盘
09:36:49,8.77,-0.01,3492,3064272,卖盘
09:36:52,8.78,0.01,6533,5743319,买盘
09:36:55,8.8,0.02,5485,4823046,买盘
09:36:58,8.83,0.03,11612,10235000,买盘
09:37:01,8.84,0.01,4120,3634427,买盘
09:37:04,8.83,-0.01,10388,9195305,卖盘
09:37:07,8.85,0.02,5519,4892716,买盘
09:37:10,8.83,-0.02,5860,5177750,卖盘
09:37:13,8.85,0.02,1782,1573809,买盘
09:37:16,8.83,-0.02,2224,1965352,卖盘
09:37:19,8.83,0.0,2796,2471982,卖盘
09:37:22,8.8,-0.03,5584,4922144,卖盘
09:37:25,8.8,0.0,2162,1902382,买盘
09:37:28,8.78,-0.02,1014,891309,卖盘
09:37:31,8.8,0.02,2549,2239202,买盘
09:37:34,8.77,-0.03,2964,2607023,卖盘
09:37:37,8.8,0.03,1355,1190733,买盘
09:37:40,8.78,-0.02,1310,1150497,卖盘
09:37:43,8.78,0.0,3088,2715764,中性盘
09:37:46,8.79,0.01,1706,1497772,中性盘
09:37:49,8.78,-0.01,852,748262,卖盘
09:37:52,8.77,-0.01,4756,4172882,卖盘
09:37:55,8.74,-0.03,2875,2516242,卖盘
09:37:58,8.75,0.01,598,523390,买盘
09:38:01,8.73,-0.02,3833,3345133,卖盘
09:38:04,8.73,0.0,1068,932703,买盘
09:38:07,8.7,-0.03,4673,4066982,卖盘
09:38:10,8.7,0.0,2185,1899554,买盘
09:38:13,8.69,-0.01,2419,2103590,卖盘
09:38:16,8.68,-0.01,1226,1065715,卖盘
09:38:19,8.69,0.01,1710,1485219,买盘
09:38:22,8.68,-0.01,1688,1465752,卖盘
09:38:25,8.69,0.01,2733,2372645,买盘
09:38:28,8.68,-0.01,4039,3506113,卖盘
09:38:31,8.68,0.0,3564,3093903,买盘
09:38:34,8.7,0.02,1691,1467575,买盘
09:38:37,8.67,-0.03,1759,1526000,卖盘
09:38:40,8.68,0.01,1441,1249368,买盘
09:38:43,8.67,-0.01,1259,1092505,卖盘
09:38:46,8.67,0.0,1057,916940,卖盘
09:38:49,8.68,0.01,905,784835,中性盘
09:38:52,8.67,-0.01,4341,3762888,卖盘
09:38:55,8.69,0.02,2248,1950250,买盘
09:38:58,8.68,-0.01,1036,898723,卖盘
09:39:01,8.7,0.02,1500,1302801,买盘
09:39:04,8.7,0.0,3621,3149190,买盘
09:39:07,8.71,0.01,2743,2388516,买盘
09:39:10,8.72,0.01,1358,1184830,买盘
09:39:13,8.75,0.03,4723,4133612,买盘
09:39:16,8.77,0.02,1319,1155406,买盘
09:39:19,8.77,0.0,2393,2097897,买盘
09:39:22,8.78,0.01,1456,1277404,买盘
09:39:25,8.78,0.0,965,847056,卖盘
09:39:28,8.79,0.01,1826,1602338,买盘
09:39:31,8.79,0.0,2462,2162377,买盘
09:39:34,8.79,0.0,2413,2120615,卖盘
09:39:37,8.77,-0.02,2060,1809473,卖盘
09:39:40,8.75,-0.02,961,842904,卖盘
09:39:43,8.75,0.0,412,360868,卖盘
09:39:46,8.75,0.0,1464,1281940,卖盘
09:39:49,8.76,0.01,1617,1414799,买盘
09:39:52,8.74,-0.02,855,748156,卖盘
09:39:55,8.76,0.02,1613,1411978,买盘
09:39:58,8.77,0.01,2701,2369678,买盘
09:40:01,8.77,0.0,1434,1255908,买盘
09:40:04,8.77,0.0,1176,1030400,买盘
09:40:07,8.74,-0.03,1148,1005155,卖盘
09:40:10,8.76,0.02,895,782577,买盘
09:40:13,8.8,0.04,12505,10983345,买盘
09:40:16,8.78,-0.02,3560,3121110,买盘
09:40:19,8.8,0.02,8192,7207409,买盘
09:40:22,8.82,0.02,12622,11115995,买盘
09:40:25,8.83,0.01,4597,4061355,买盘
09:40:28,8.83,0.0,2922,2581432,卖盘
09:40:31,8.84,0.01,3061,2708486,中性盘
09:40:34,8.85,0.01,2966,2622561,买盘
09:40:37,8.85,0.0,3460,3061127,买盘
09:40:40,8.84,-0.01,2807,2483618,卖盘
09:40:43,8.84,0.0,1959,1732108,卖盘
09:40:46,8.85,0.01,3079,2721738,买盘
09:40:49,8.85,0.0,1872,1656127,买盘
09:40:52,8.85,0.0,2426,2146515,买盘
09:40:55,8.84,-0.01,2695,2382449,卖盘
09:40:58,8.83,-0.01,2648,2340002,卖盘
09:41:01,8.83,0.0,1592,1406457,买盘
09:41:04,8.82,-0.01,2633,2323804,卖盘
09:41:07,8.81,-0.01,6785,5985920,卖盘
09:41:10,8.83,0.02,6899,6085719,买盘
09:41:13,8.81,-0.02,3443,3041249,卖盘
09:41:16,8.82,0.01,1599,1411061,中性盘
09:41:19,8.81,-0.01,1062,937058,卖盘
09:41:22,8.82,0.01,1997,1761810,买盘
09:41:25,8.82,0.0,896,789864,买盘
09:41:28,8.82,0.0,2978,2624406,卖盘
09:41:31,8.82,0.0,3371,2975605,买盘
09:41:34,8.82,0.0,11721,10366941,卖盘
09:41:37,8.81,-0.01,1599,1410228,卖盘
09:41:40,8.82,0.01,775,683264,买盘
09:41:43,8.81,-0.01,3432,3027090,卖盘
09:41:46,8.81,0.0,1535,1352715,卖盘
09:41:49,8.79,-0.02,6271,5519685,卖盘
09:41:52,8.81,0.02,2262,1992563,买盘
09:41:55,8.82,0.01,1662,1465016,买盘
09:41:58,8.8,-0.02,2199,1937956,卖盘
09:42:01,8.8,0.0,799,703671,卖盘
09:42:04,8.81,0.01,979,862158,买盘
09:42:07,8.82,0.01,9285,8182809,买盘
09:42:10,8.85,0.03,4151,3666538,买盘
09:42:13,8.86,0.01,10389,9205132,买盘
09:42:16,8.86,0.0,5820,5167305,卖盘
09:42:19,8.88,0.02,2740,2431258,买盘
09:42:22,8.89,0.01,3718,3300603,买盘
09:42:25,8.88,-0.01,5149,4573918,卖盘
09:42:28,8.89,0.01,2970,2640028,买盘
09:42:31,8.88,-0.01,2069,1838663,卖盘
09:42:34,8.88,0.0,1416,1257972,卖盘
09:42:37,8.89,0.01,2927,2601159,买盘
09:42:40,8.89,0.0,2229,1981200,买盘
09:42:43,8.89,0.0,6144,5466369,买盘
09:42:46,8.9,0.01,1692,1505110,买盘
09:42:49,8.9,0.0,4849,4315359,买盘
09:42:52,8.9,0.0,4190,3727796,买盘
09:42:55,8.91,0.01,5910,5260079,买盘
09:42:58,8.91,0.0,2438,2170465,买盘
09:43:01,8.92,0.01,1256,1119942,买盘
09:43:04,8.92,0.0,1963,1750833,买盘
09:43:07,8.93,0.01,1109,989753,买盘
09:43:10,8.94,0.01,1438,1284172,买盘
09:43:13,8.94,0.0,2136,1909418,买盘
09:43:16,8.94,0.0,9320,8316458,卖盘
09:43:19,8.91,-0.03,5148,4602021,卖盘
09:43:22,8.86,-0.05,6641,5904431,卖盘
09:43:25,8.88,0.02,2930,2602474,买盘
09:43:28,8.86,-0.02,840,745059,中性盘
09:43:31,8.86,0.0,804,712230,卖盘
09:43:34,8.88,0.02,884,784104,买盘
09:43:37,8.89,0.01,714,633313,买盘
09:43:40,8.87,-0.02,1383,1228600,卖盘
09:43:43,8.88,0.01,672,596980,中性盘
09:43:46,8.89,0.01,2264,2011402,买盘
09:43:49,8.89,0.0,461,409623,买盘
09:43:52,8.89,0.0,3225,2862138,买盘
09:43:55,8.88,-0.01,1627,1445682,卖盘
09:43:58,8.87,-0.01,4204,3726013,卖盘
09:44:01,8.88,0.01,2726,2417991,买盘
09:44:04,8.85,-0.03,1716,1521764,卖盘
09:44:07,8.84,-0.01,1119,989426,卖盘
09:44:10,8.86,0.02,324,286825,买盘
09:44:13,8.86,0.0,475,420493,买盘
09:44:16,8.86,0.0,2310,2042361,买盘
09:44:19,8.83,-0.03,772,682541,卖盘
09:44:22,8.83,0.0,551,487458,卖盘
09:44:25,8.83,0.0,363,320629,卖盘
09:44:28,8.84,0.01,887,783676,买盘
09:44:31,8.85,0.01,837,739647,买盘
09:44:34,8.86,0.01,919,812290,买盘
09:44:37,8.84,-0.02,1270,1123639,卖盘
09:44:40,8.85,0.01,862,762165,买盘
09:44:43,8.85,0.0,1126,995912,卖盘
09:44:46,8.85,0.0,1205,1066581,买盘
09:44:49,8.85,0.0,372,329176,卖盘
09:44:52,8.84,-0.01,1397,1235384,卖盘
09:44:55,8.85,0.01,1563,1382351,买盘
09:44:58,8.84,-0.01,1072,947922,卖盘
09:45:01,8.84,0.0,498,440125,买盘
09:45:04,8.84,0.0,581,513467,买盘
09:45:07,8.84,0.0,753,665608,买盘
09:45:10,8.84,0.0,1074,949390,买盘
09:45:13,8.84,0.0,1718,1518676,买盘
09:45:16,8.84,0.0,863,762643,买盘
09:45:19,8.84,0.0,225,198960,卖盘
09:45:22,8.84,0.0,1017,899176,卖盘
09:45:25,8.85,0.01,2134,1886874,买盘
09:45:28,8.85,0.0,1774,1568574,买盘
09:45:31,8.85,0.0,464,410346,买盘
09:45:34,8.85,0.0,1059,936894,买盘
09:45:37,8.84,-0.01,2192,1937253,卖盘
09:45:40,8.84,0.0,330,291677,卖盘
09:45:43,8.84,0.0,1741,1537770,买盘
09:45:46,8.83,-0.01,2005,1770776,卖盘
09:45:49,8.83,0.0,510,450454,买盘
09:45:52,8.82,-0.01,668,589266,卖盘
09:45:55,8.83,0.01,1745,1541016,买盘
09:45:58,8.83,0.0,327,288781,卖盘
09:46:01,8.84,0.01,546,482281,买盘
09:46:04,8.83,-0.01,520,459202,卖盘
09:46:07,8.8,-0.03,6197,5457557,卖盘
09:46:10,8.8,0.0,861,758979,买盘
09:46:13,8.82,0.02,409,360694,买盘
09:46:16,8.8,-0.02,1178,1038569,卖盘
09:46:19,8.8,0.0,373,328220,买盘
09:46:22,8.8,0.0,526,462868,买盘
09:46:25,8.8,0.0,724,636759,买盘
09:46:28,8.8,0.0,741,651939,卖盘
09:46:31,8.81,0.01,690,607179,买盘
09:46:34,8.8,-0.01,975,857830,卖盘
09:46:37,8.81,0.01,136,119703,买盘
09:46:40,8.82,0.01,2679,2361885,买盘
09:46:43,8.85,0.03,8783,7770148,买盘
09:46:46,8.86,0.01,2559,2266887,买盘
09:46:49,8.86,0.0,471,416942,买盘
09:46:52,8.85,-0.01,462,409335,卖盘
09:46:55,8.86,0.01,2808,2476684,买盘
09:46:58,8.86,0.0,968,856037,买盘
09:47:01,8.85,-0.01,1134,1001527,卖盘
09:47:04,8.86,0.01,424,375462,买盘
09:47:07,8.86,0.0,1238,1097130,卖盘
09:47:10,8.86,0.0,1605,1422532,卖盘
09:47:13,8.86,0.0,1651,1462877,卖盘
09:47:16,8.86,0.0,1856,1643076,卖盘
09:47:19,8.84,-0.02,2193,1942698,卖盘
09:47:22,8.86,0.02,360,318840,买盘
09:47:25,8.82,-0.04,714,630470,卖盘
09:47:28,8.82,0.0,294,259307,买盘
09:47:31,8.81,-0.01,505,444924,卖盘
09:47:34,8.8,-0.01,1084,954646,卖盘
09:47:37,8.81,0.01,582,512628,买盘
09:47:40,8.81,0.0,1192,1049247,买盘
09:47:43,8.81,0.0,1310,1152992,买盘
09:47:46,8.81,0.0,1055,928555,买盘
09:47:49,8.8,-0.01,935,823176,卖盘
09:47:52,8.8,0.0,275,242001,卖盘
09:47:55,8.8,0.0,669,588523,买盘
09:47:58,8.79,-0.01,5864,5151414,卖盘
09:48:01,8.79,0.0,342,300756,买盘
09:48:04,8.78,-0.01,461,404832,卖盘
09:48:07,8.77,-0.01,592,519630,卖盘
09:48:10,8.78,0.01,77,67601,买盘
09:48:13,8.79,0.01,1632,1433204,买盘
09:48:16,8.79,0.0,1057,928749,卖盘
09:48:19,8.8,0.01,1598,1405902,买盘
09:48:22,8.79,-0.01,516,453587,卖盘
09:48:25,8.79,0.0,961,844849,买盘
09:48:28,8.8,0.01,779,685131,买盘
09:48:31,8.8,0.0,520,457231,买盘
09:48:34,8.79,-0.01,443,389748,卖盘
09:48:37,8.8,0.01,373,328073,买盘
09:48:40,8.8,0.0,237,208480,买盘
09:48:43,8.79,-0.01,480,422087,卖盘
09:48:46,8.79,0.0,398,349839,卖盘
09:48:49,8.79,0.0,454,399127,买盘
09:48:52,8.78,-0.01,2178,1911421,卖盘
09:48:55,8.78,0.0,1226,1075583,买盘
09:48:58,8.78,0.0,962,843504,买盘
09:49:01,8.77,-0.01,630,552691,买盘
09:49:04,8.77,0.0,209,183278,买盘
09:49:07,8.75,-0.02,4134,3617264,卖盘
09:49:10,8.75,0.0,383,334973,买盘
09:49:13,8.75,0.0,612,535169,买盘
09:49:16,8.74,-0.01,315,275281,卖盘
09:49:19,8.73,-0.01,544,475065,卖盘
09:49:22,8.72,-0.01,1319,1149762,卖盘
09:49:25,8.73,0.01,462,402847,买盘
09:49:28,8.71,-0.02,3212,2799426,卖盘
09:49:31,8.71,0.0,1358,1183606,买盘
09:49:34,8.73,0.02,1994,1737442,买盘
09:49:37,8.71,-0.02,5436,4730062,卖盘
09:49:40,8.72,0.01,1963,1710259,买盘
09:49:43,8.74,0.02,2519,2202618,买盘
09:49:46,8.74,0.0,621,543405,卖盘
09:49:49,8.74,0.0,1433,1253945,卖盘
09:49:52,8.76,0.02,808,708261,中性盘
09:49:55,8.76,0.0,698,612241,卖盘
09:49:58,8.77,0.01,264,231622,中性盘
09:50:01,8.78,0.01,2476,2174576,买盘
09:50:04,8.79,0.01,2176,1913907,买盘
09:50:07,8.79,0.0,455,400324,卖盘
09:50:10,8.81,0.02,3548,3125097,买盘
09:50:13,8.83,0.02,926,817066,买盘
09:50:16,8.84,0.01,386,341178,买盘
09:50:19,8.85,0.01,1155,1020932,买盘
09:50:22,8.86,0.01,5605,4962629,买盘
09:50:25,8.87,0.01,1333,1182369,买盘
09:50:28,8.85,-0.02,2663,2361066,卖盘
09:50:31,8.87,0.02,3662,3247314,买盘
09:50:34,8.86,-0.01,924,818488,中性盘
09:50:37,8.86,0.0,1278,1132846,卖盘
09:50:40,8.86,0.0,1467,1299168,买盘
09:50:43,8.86,0.0,1551,1373258,买盘
09:50:46,8.86,0.0,575,509033,买盘
09:50:49,8.86,0.0,721,637923,买盘
09:50:52,8.86,0.0,1789,1584702,买盘
09:50:55,8.86,0.0,692,612792,买盘
09:50:58,8.85,-0.01,2268,2007865,卖盘
09:51:01,8.85,0.0,1475,1304021,买盘
09:51:04,8.85,0.0,595,526235,买盘
09:51:07,8.85,0.0,180,159206,买盘
09:51:10,8.84,-0.01,673,595029,卖盘
09:51:13,8.84,0.0,1073,948835,卖盘
09:51:16,8.84,0.0,883,780779,卖盘
09:51:19,8.86,0.02,2536,2244368,买盘
09:51:22,8.85,-0.01,814,720542,卖盘
09:51:25,8.85,0.0,1589,1406903,卖盘
09:51:28,8.85,0.0,237,209862,卖盘
09:51:31,8.85,0.0,739,654260,卖盘
09:51:34,8.85,0.0,632,559396,卖盘
09:51:37,8.86,0.01,1342,1187887,买盘
09:51:40,8.85,-0.01,1960,1734713,卖盘
09:51:43,8.85,0.0,1105,978093,卖盘
09:51:46,8.85,0.0,1322,1170353,卖盘
09:51:49,8.84,-0.01,319,282170,卖盘
09:51:52,8.85,0.01,932,824156,买盘
09:51:55,8.84,-0.01,904,799336,卖盘
09:51:58,8.84,0.0,502,443547,买盘
09:52:01,8.84,0.0,215,190055,买盘
09:52:04,8.83,-0.01,444,392162,卖盘
09:52:07,8.84,0.01,559,493770,买盘
09:52:10,8.83,-0.01,422,372782,卖盘
09:52:13,8.83,0.0,317,279993,卖盘
09:52:16,8.84,0.01,894,789797,买盘
09:52:19,8.83,-0.01,820,724181,卖盘
09:52:22,8.84,0.01,308,272066,买盘
09:52:25,8.82,-0.02,445,392809,卖盘
09:52:28,8.83,0.01,793,699977,买盘
09:52:31,8.83,0.0,927,817871,买盘
09:52:34,8.83,0.0,3058,2700962,买盘
09:52:37,8.83,0.0,1219,1077092,卖盘
09:52:40,8.84,0.01,330,291623,买盘
09:52:43,8.85,0.01,1827,1614888,买盘
09:52:46,8.82,-0.03,298,262982,卖盘
09:52:49,8.83,0.01,415,366425,买盘
09:52:52,8.83,0.0,755,666492,买盘
09:52:55,8.83,0.0,355,313402,卖盘
09:52:58,8.82,-0.01,475,419731,卖盘
09:53:01,8.82,0.0,477,420844,卖盘
09:53:04,8.83,0.01,373,329316,买盘
09:53:07,8.82,-0.01,604,532826,卖盘
09:53:10,8.82,0.0,194,171205,买盘
09:53:13,8.82,0.0,409,360754,买盘
09:53:16,8.82,0.0,528,465658,买盘
09:53:19,8.83,0.01,277,244285,买盘
09:53:22,8.82,-0.01,995,877551,卖盘
09:53:25,8.83,0.01,148,130566,买盘
09:53:28,8.82,-0.01,519,457833,卖盘
09:53:31,8.8,-0.02,258,227337,卖盘
09:53:34,8.81,0.01,181,159414,中性盘
09:53:37,8.81,0.0,322,283437,买盘
09:53:40,8.8,-0.01,1042,917303,卖盘
09:53:43,8.8,0.0,487,428822,卖盘
09:53:46,8.81,0.01,299,263423,买盘
09:53:49,8.8,-0.01,1190,1047379,卖盘
09:53:52,8.8,0.0,208,183031,买盘
09:53:55,8.8,0.0,176,154892,买盘
09:53:58,8.8,0.0,902,794469,卖盘
09:54:01,8.79,-0.01,1690,1486643,卖盘
09:54:04,8.79,0.0,163,143277,买盘
09:54:07,8.79,0.0,264,232056,买盘
09:54:10,8.77,-0.02,739,648680,卖盘
09:54:13,8.78,0.01,497,435695,买盘
09:54:16,8.79,0.01,991,870199,买盘
09:54:19,8.78,-0.01,488,428572,卖盘
09:54:22,8.77,-0.01,492,431698,卖盘
09:54:25,8.78,0.01,1389,1219060,买盘
09:54:28,8.78,0.0,447,392254,买盘
09:54:31,8.78,0.0,251,220250,卖盘
09:54:34,8.78,0.0,343,300984,买盘
09:54:37,8.79,0.01,611,536615,买盘
09:54:40,8.79,0.0,396,347739,买盘
09:54:43,8.79,0.0,117,102841,买盘
09:54:46,8.78,-0.01,388,340825,卖盘
09:54:49,8.79,0.01,346,304068,买盘
09:54:52,8.79,0.0,2264,1991713,卖盘
09:54:55,8.8,0.01,986,866873,买盘
09:54:58,8.8,0.0,575,505643,买盘
09:55:01,8.8,0.0,969,853788,卖盘
09:55:04,8.81,0.01,3597,3172101,中性盘
09:55:07,8.82,0.01,1175,1036596,买盘
09:55:10,8.83,0.01,128,113060,买盘
09:55:13,8.83,0.0,436,385088,卖盘
09:55:16,8.83,0.0,1329,1174277,卖盘
09:55:19,8.83,0.0,194,171344,卖盘
09:55:22,8.84,0.01,478,422115,买盘
09:55:25,8.83,-0.01,635,560278,买盘
09:55:28,8.83,0.0,315,278038,买盘
09:55:31,8.81,-0.02,1913,1685777,卖盘
09:55:34,8.8,-0.01,1218,1073944,卖盘
09:55:37,8.81,0.01,226,199086,买盘
09:55:40,8.81,0.0,420,369726,买盘
09:55:43,8.81,0.0,358,315361,买盘
09:55:46,8.81,0.0,179,157612,买盘
09:55:49,8.81,0.0,223,196411,买盘
09:55:52,8.81,0.0,655,577069,卖盘
09:55:55,8.81,0.0,2168,1907545,买盘
09:55:58,8.8,-0.01,523,460282,中性盘
09:56:01,8.78,-0.02,115,101050,卖盘
09:56:04,8.77,-0.01,2864,2513112,卖盘
09:56:07,8.78,0.01,109,95575,买盘
09:56:10,8.78,0.0,201,176149,买盘
09:56:13,8.77,-0.01,385,337754,卖盘
09:56:16,8.78,0.01,445,390472,买盘
09:56:19,8.78,0.0,138,121066,买盘
09:56:22,8.76,-0.02,676,592885,卖盘
09:56:25,8.77,0.01,175,153517,中性盘
09:56:28,8.77,0.0,156,136859,买盘
09:56:31,8.77,0.0,460,403185,买盘
09:56:34,8.75,-0.02,824,721717,卖盘
09:56:37,8.76,0.01,473,414195,买盘
09:56:40,8.76,0.0,288,252175,买盘
09:56:43,8.76,0.0,1502,1314747,卖盘
09:56:46,8.74,-0.02,362,316723,卖盘
09:56:49,8.73,-0.01,761,665111,卖盘
09:56:52,8.75,0.02,198,173186,中性盘
09:56:55,8.74,-0.01,624,545178,卖盘
09:56:58,8.73,-0.01,772,673699,卖盘
09:57:01,8.73,0.0,493,430457,买盘
09:57:04,8.73,0.0,566,494105,卖盘
09:57:07,8.73,0.0,623,543864,买盘
09:57:10,8.73,0.0,668,583266,卖盘
09:57:13,8.73,0.0,430,375254,买盘
09:57:16,8.73,0.0,619,540322,卖盘
09:57:19,8.73,0.0,528,460852,卖盘
09:57:22,8.72,-0.01,876,764646,卖盘
09:57:25,8.72,0.0,828,722529,卖盘
09:57:28,8.73,0.01,264,230337,买盘
09:57:31,8.73,0.0,724,631911,买盘
09:57:34,8.73,0.0,820,715763,买盘
09:57:37,8.72,-0.01,550,480100,卖盘
09:57:40,8.73,0.01,273,238200,买盘
09:57:43,8.73,0.0,434,378757,买盘
09:57:46,8.72,-0.01,1570,1369525,卖盘
09:57:49,8.72,0.0,353,307881,买盘
09:57:52,8.72,0.0,378,329601,买盘
09:57:55,8.72,0.0,386,336561,买盘
09:57:58,8.72,0.0,722,629012,买盘
09:58:01,8.72,0.0,618,538977,买盘
09:58:04,8.72,0.0,517,450820,卖盘
09:58:07,8.72,0.0,645,562460,买盘
09:58:10,8.72,0.0,332,289403,买盘
09:58:13,8.72,0.0,850,740641,买盘
09:58:16,8.71,-0.01,780,679783,卖盘
09:58:19,8.71,0.0,712,620336,卖盘
09:58:22,8.71,0.0,237,206514,卖盘
09:58:25,8.71,0.0,1154,1005202,卖盘
09:58:28,8.71,0.0,892,777052,卖盘
09:58:31,8.72,0.01,463,403323,买盘
09:58:34,8.71,-0.01,232,202016,买盘
09:58:37,8.71,0.0,316,275136,买盘
09:58:40,8.71,0.0,374,325748,买盘
09:58:43,8.71,0.0,1144,996769,卖盘
09:58:46,8.72,0.01,122,106317,买盘
09:58:49,8.71,-0.01,852,742248,卖盘
09:58:52,8.72,0.01,474,413100,买盘
09:58:55,8.72,0.0,912,795200,买盘
09:58:58,8.71,-0.01,419,365328,卖盘
09:59:01,8.72,0.01,909,792271,买盘
09:59:04,8.73,0.01,1327,1158341,买盘
09:59:07,8.72,-0.01,219,191252,卖盘
09:59:10,8.73,0.01,59,51517,卖盘
09:59:13,8.73,0.0,164,143145,买盘
09:59:16,8.73,0.0,146,127469,买盘
09:59:19,8.73,0.0,1780,1552857,卖盘
09:59:22,8.7,-0.03,1621,1412357,卖盘
09:59:25,8.7,0.0,1262,1098687,卖盘
09:59:28,8.7,0.0,1439,1252257,卖盘
09:59:31,8.7,0.0,5603,4874887,卖盘
09:59:34,8.7,0.0,433,376584,买盘
09:59:37,8.69,-0.01,2145,1864289,卖盘
09:59:40,8.69,0.0,607,527356,买盘
09:59:43,8.69,0.0,681,592196,卖盘
09:59:46,8.68,-0.01,773,671357,卖盘
09:59:49,8.68,0.0,195,169305,卖盘
09:59:52,8.68,0.0,2572,2232505,卖盘
09:59:55,8.67,-0.01,1929,1674518,卖盘
09:59:58,8.66,-0.01,680,589556,卖盘
10:00:01,8.66,0.0,734,635769,卖盘
10:00:04,8.66,0.0,839,726778,卖盘
10:00:07,8.65,-0.01,757,655518,卖盘
10:00:10,8.66,0.01,183,158369,买盘
10:00:13,8.66,0.0,1395,1207595,买盘
10:00:16,8.65,-0.01,1270,1098728,卖盘
10:00:19,8.65,0.0,1787,1545961,卖盘
10:00:22,8.65,0.0,1064,920256,卖盘
10:00:25,8.65,0.0,508,439131,买盘
10:00:28,8.65,0.0,1722,1489283,买盘
10:00:31,8.65,0.0,845,730642,买盘
10:00:34,8.64,-0.01,1162,1004495,卖盘
10:00:37,8.64,0.0,431,372540,卖盘
10:00:40,8.64,0.0,1734,1497895,买盘
10:00:43,8.62,-0.02,2166,1868438,卖盘
10:00:46,8.63,0.01,449,387233,中性盘
10:00:49,8.63,0.0,212,182833,买盘
10:00:52,8.62,-0.01,905,780170,卖盘
10:00:55,8.62,0.0,1572,1354851,卖盘
10:00:58,8.61,-0.01,3135,2699960,卖盘
10:01:01,8.62,0.01,699,601923,买盘
10:01:04,8.61,-0.01,1372,1181253,卖盘
10:01:07,8.61,0.0,1435,1234883,买盘
10:01:10,8.61,0.0,1089,937295,买盘
10:01:13,8.61,0.0,1587,1365330,买盘
10:01:16,8.61,0.0,1212,1042485,买盘
10:01:19,8.61,0.0,2571,2212232,买盘
10:01:22,8.6,-0.01,7315,6292377,卖盘
10:01:25,8.6,0.0,678,583019,买盘
10:01:28,8.58,-0.02,769,660834,卖盘
10:01:31,8.58,0.0,687,590000,卖盘
10:01:34,8.58,0.0,678,581883,卖盘
10:01:37,8.59,0.01,1509,1294985,买盘
10:01:40,8.58,-0.01,946,811327,卖盘
10:01:43,8.58,0.0,604,517851,买盘
10:01:46,8.57,-0.01,447,383339,卖盘
10:01:49,8.57,0.0,2192,1878499,买盘
10:01:52,8.58,0.01,1228,1053011,买盘
10:01:55,8.57,-0.01,1199,1027966,卖盘
10:01:58,8.57,0.0,4553,3902776,卖盘
10:02:01,8.57,0.0,1107,948438,买盘
10:02:04,8.57,0.0,617,528512,买盘
10:02:07,8.56,-0.01,873,747904,卖盘
10:02:10,8.55,-0.01,642,549528,卖盘
10:02:13,8.56,0.01,414,354318,买盘
10:02:16,8.56,0.0,771,659777,买盘
10:02:19,8.55,-0.01,1734,1482970,卖盘
10:02:22,8.56,0.01,2806,2399509,买盘
10:02:25,8.55,-0.01,1432,1224687,卖盘
10:02:28,8.55,0.0,691,590652,买盘
10:02:31,8.55,0.0,1771,1513656,买盘
10:02:34,8.54,-0.01,541,462317,卖盘
10:02:37,8.54,0.0,834,712127,买盘
10:02:40,8.54,0.0,1305,1114694,买盘
10:02:43,8.52,-0.02,1649,1407455,卖盘
10:02:46,8.52,0.0,926,789478,卖盘
10:02:49,8.52,0.0,1477,1259456,卖盘
10:02:52,8.54,0.02,1173,1000395,买盘
10:02:55,8.54,0.0,1097,935910,买盘
10:02:58,8.53,-0.01,1080,921264,卖盘
10:03:01,8.54,0.01,2520,2151835,买盘
10:03:04,8.54,0.0,398,339968,卖盘
10:03:07,8.55,0.01,2308,1971655,买盘
10:03:10,8.55,0.0,1067,911825,买盘
10:03:13,8.56,0.01,903,771959,买盘
10:03:16,8.56,0.0,802,686044,买盘
10:03:19,8.56,0.0,1007,861899,买盘
10:03:22,8.56,0.0,1600,1369412,买盘
10:03:25,8.57,0.01,274,234768,买盘
10:03:28,8.57,0.0,752,644571,买盘
10:03:31,8.58,0.01,309,264915,买盘
10:03:34,8.59,0.01,984,844266,买盘
10:03:37,8.59,0.0,523,449246,买盘
10:03:40,8.6,0.01,306,262998,买盘
10:03:43,8.6,0.0,737,633795,买盘
10:03:46,8.61,0.01,1076,925323,买盘
10:03:49,8.61,0.0,882,759760,买盘
10:03:52,8.63,0.02,774,667227,买盘
10:03:55,8.64,0.01,581,501485,买盘
10:03:58,8.63,-0.01,395,341192,卖盘
10:04:01,8.65,0.02,1032,892608,买盘
10:04:04,8.65,0.0,570,493388,买盘
10:04:07,8.65,0.0,536,464014,卖盘
10:04:10,8.66,0.01,1276,1105202,卖盘
10:04:13,8.61,-0.05,6766,5839986,卖盘
10:04:16,8.61,0.0,1231,1060162,买盘
10:04:19,8.61,0.0,1026,883706,买盘
10:04:22,8.62,0.01,1322,1138182,买盘
10:04:25,8.62,0.0,592,510085,买盘
10:04:28,8.63,0.01,440,379290,买盘
10:04:31,8.62,-0.01,1751,1512023,卖盘
10:04:34,8.64,0.02,344,296792,买盘
10:04:37,8.64,0.0,614,529995,买盘
10:04:40,8.65,0.01,497,429499,买盘
10:04:43,8.64,-0.01,180,155551,卖盘
10:04:46,8.65,0.01,454,392593,买盘
10:04:49,8.65,0.0,1215,1050352,买盘
10:04:52,8.65,0.0,907,784158,买盘
10:04:55,8.65,0.0,734,635437,买盘
10:04:58,8.65,0.0,344,297739,卖盘
10:05:01,8.65,0.0,705,609955,卖盘
10:05:04,8.66,0.01,1137,983862,买盘
10:05:07,8.65,-0.01,1406,1215965,卖盘
10:05:10,8.66,0.01,378,327058,买盘
10:05:13,8.65,-0.01,318,275144,卖盘
10:05:16,8.65,0.0,900,778450,卖盘
10:05:19,8.66,0.01,2688,2327089,买盘
10:05:22,8.66,0.0,525,454374,买盘
10:05:25,8.65,-0.01,426,368474,卖盘
10:05:28,8.65,0.0,498,431035,买盘
10:05:31,8.65,0.0,380,328900,卖盘
10:05:34,8.65,0.0,681,589157,卖盘
10:05:37,8.65,0.0,160,138383,买盘
10:05:40,8.65,0.0,584,505026,买盘
10:05:43,8.65,0.0,1731,1496618,买盘
10:05:46,8.64,-0.01,511,441905,卖盘
10:05:49,8.63,-0.01,266,229640,卖盘
10:05:52,8.64,0.01,251,216680,买盘
10:05:55,8.64,0.0,172,148607,买盘
10:05:58,8.63,-0.01,152,131226,卖盘
10:06:01,8.64,0.01,248,214167,买盘
10:06:04,8.64,0.0,348,300552,买盘
10:06:07,8.64,0.0,813,702237,买盘
10:06:10,8.64,0.0,259,223639,买盘
10:06:13,8.64,0.0,841,726417,买盘
10:06:16,8.64,0.0,909,785378,买盘
10:06:19,8.64,0.0,205,177161,卖盘
10:06:22,8.64,0.0,480,414932,卖盘
10:06:25,8.64,0.0,326,281704,买盘
10:06:28,8.64,0.0,247,213430,卖盘
10:06:31,8.65,0.01,414,357819,买盘
10:06:34,8.65,0.0,245,211717,买盘
10:06:37,8.65,0.0,1417,1225460,买盘
10:06:40,8.65,0.0,345,298424,买盘
10:06:43,8.65,0.0,85,73536,买盘
10:06:46,8.65,0.0,248,214640,卖盘
10:06:49,8.66,0.01,172,148828,买盘
10:06:52,8.65,-0.01,1328,1149517,卖盘
10:06:55,8.66,0.01,145,125484,买盘
10:06:58,8.65,-0.01,512,443205,卖盘
10:07:01,8.66,0.01,96,83124,买盘
10:07:04,8.66,0.0,537,464958,买盘
10:07:07,8.66,0.0,398,344644,买盘
10:07:10,8.67,0.01,122,105653,买盘
10:07:13,8.67,0.0,421,364940,买盘
10:07:16,8.68,0.01,509,441327,买盘
10:07:19,8.68,0.0,504,437416,买盘
10:07:22,8.68,0.0,938,814171,买盘
10:07:25,8.69,0.01,1327,1152062,买盘
10:07:28,8.69,0.0,161,139876,买盘
10:07:31,8.69,0.0,564,490114,买盘
10:07:34,8.69,0.0,2161,1879300,买盘
10:07:37,8.7,0.01,337,292990,买盘
10:07:40,8.7,0.0,142,123437,买盘
10:07:43,8.7,0.0,415,361022,买盘
10:07:46,8.71,0.01,546,475277,买盘
10:07:49,8.71,0.0,505,439916,卖盘
10:07:52,8.72,0.01,1475,1285355,买盘
10:07:55,8.72,0.0,763,665031,买盘
10:07:58,8.72,0.0,1274,1109775,卖盘
10:08:01,8.72,0.0,1033,900502,买盘
10:08:04,8.73,0.01,1199,1045537,买盘
10:08:07,8.71,-0.02,1359,1183720,卖盘
10:08:10,8.67,-0.04,2422,2101864,卖盘
10:08:13,8.68,0.01,770,668265,买盘
10:08:16,8.67,-0.01,549,476503,卖盘
10:08:19,8.69,0.02,130,112894,中性盘
10:08:22,8.7,0.01,208,180550,买盘
10:08:25,8.69,-0.01,329,285908,买盘
10:08:28,8.69,0.0,753,654974,卖盘
10:08:31,8.7,0.01,219,190530,买盘
10:08:34,8.7,0.0,141,123000,卖盘
10:08:37,8.71,0.01,160,139302,买盘
10:08:40,8.71,0.0,390,339350,买盘
10:08:43,8.71,0.0,1829,1592830,买盘
10:08:46,8.71,0.0,326,283737,卖盘
10:08:49,8.7,-0.01,1191,1036953,卖盘
10:08:52,8.7,0.0,94,81782,卖盘
10:08:55,8.72,0.02,910,792615,买盘
10:08:58,8.7,-0.02,445,387144,卖盘
10:09:01,8.71,0.01,450,391616,买盘
10:09:04,8.71,0.0,123,107150,卖盘
10:09:07,8.72,0.01,78,67963,买盘
10:09:10,8.72,0.0,67,58376,买盘
10:09:13,8.72,0.0,647,564087,买盘
10:09:16,8.72,0.0,896,781425,买盘
10:09:19,8.73,0.01,390,339858,买盘
10:09:22,8.73,0.0,115,100308,买盘
10:09:25,8.73,0.0,335,292650,买盘
10:09:28,8.73,0.0,66,57659,卖盘
10:09:31,8.73,0.0,1509,1318255,卖盘
10:09:34,8.74,0.01,603,527477,卖盘
10:09:37,8.75,0.01,503,439804,买盘
10:09:40,8.75,0.0,1241,1085506,买盘
10:09:43,8.76,0.01,1386,1212857,买盘
10:09:46,8.76,0.0,1208,1057573,买盘
10:09:49,8.76,0.0,294,257484,买盘
10:09:52,8.76,0.0,497,435252,卖盘
10:09:55,8.76,0.0,502,439706,买盘
10:09:58,8.76,0.0,475,416187,卖盘
10:10:01,8.76,0.0,612,536533,卖盘
10:10:04,8.76,0.0,696,609741,卖盘
10:10:07,8.75,-0.01,415,363491,卖盘
10:10:10,8.75,0.0,735,643795,卖盘
10:10:13,8.75,0.0,232,203152,卖盘
10:10:16,8.75,0.0,557,487352,卖盘
10:10:19,8.74,-0.01,549,480316,卖盘
10:10:22,8.74,0.0,275,240429,卖盘
10:10:25,8.74,0.0,314,274509,卖盘
10:10:28,8.74,0.0,553,483281,买盘
10:10:31,8.74,0.0,348,304119,买盘
10:10:34,8.74,0.0,389,339788,买盘
10:10:37,8.73,-0.01,671,585676,卖盘
10:10:40,8.73,0.0,489,426809,买盘
10:10:43,8.73,0.0,153,133421,买盘
10:10:46,8.74,0.01,406,354134,买盘
10:10:49,8.71,-0.03,497,433042,买盘
10:10:52,8.71,0.0,115,100164,买盘
10:10:55,8.7,-0.01,653,568136,卖盘
10:10:58,8.69,-0.01,288,250524,卖盘
10:11:01,8.69,0.0,325,282583,卖盘
10:11:04,8.69,0.0,126,109560,卖盘
10:11:07,8.68,-0.01,84,72937,卖盘
10:11:10,8.69,0.01,39,33891,买盘
10:11:13,8.69,0.0,502,435899,买盘
10:11:16,8.68,-0.01,194,168438,卖盘
10:11:19,8.68,0.0,92,79856,买盘
10:11:22,8.68,0.0,129,111970,买盘
10:11:25,8.67,-0.01,794,688517,卖盘
10:11:28,8.67,0.0,199,172473,买盘
10:11:31,8.67,0.0,103,89256,买盘
10:11:34,8.67,0.0,102,88382,买盘
10:11:37,8.67,0.0,435,377114,买盘
10:11:40,8.66,-0.01,320,277419,卖盘
10:11:43,8.66,0.0,814,704993,卖盘
10:11:46,8.66,0.0,212,183656,卖盘
10:11:49,8.66,0.0,563,487559,卖盘
10:11:52,8.65,-0.01,887,767299,卖盘
10:11:55,8.64,-0.01,586,506952,卖盘
10:11:58,8.65,0.01,173,149615,买盘
10:12:01,8.64,-0.01,742,641477,卖盘
10:12:04,8.64,0.0,526,454305,买盘
10:12:07,8.64,0.0,121,104545,卖盘
10:12:10,8.64,0.0,215,185790,买盘
10:12:13,8.64,0.0,557,481669,卖盘
10:12:16,8.65,0.01,116,100244,买盘
10:12:19,8.65,0.0,314,271604,买盘
10:12:22,8.66,0.01,260,224818,买盘
10:12:25,8.65,-0.01,103,89097,卖盘
10:12:28,8.65,0.0,581,502782,卖盘
10:12:31,8.65,0.0,339,293122,买盘
10:12:34,8.65,0.0,127,109868,卖盘
10:12:37,8.65,0.0,793,685985,卖盘
10:12:40,8.66,0.01,145,125432,买盘
10:12:43,8.65,-0.01,79,68389,卖盘
10:12:46,8.65,0.0,157,135942,卖盘
10:12:49,8.65,0.0,131,113439,卖盘
10:12:52,8.66,0.01,213,184389,买盘
10:12:55,8.65,-0.01,96,83092,卖盘
10:12:58,8.66,0.01,1019,881548,买盘
10:13:01,8.64,-0.02,328,283726,卖盘
10:13:04,8.65,0.01,245,211931,中性盘
10:13:07,8.65,0.0,350,302756,卖盘
10:13:10,8.64,-0.01,852,736213,卖盘
10:13:13,8.64,0.0,206,178043,卖盘
10:13:16,8.64,0.0,553,478082,卖盘
10:13:19,8.65,0.01,191,165068,买盘
10:13:22,8.65,0.0,444,383681,买盘
10:13:25,8.65,0.0,194,167770,买盘
10:13:28,8.64,-0.01,271,234211,卖盘
10:13:31,8.65,0.01,591,511090,买盘
10:13:34,8.65,0.0,49,42385,卖盘
10:13:37,8.66,0.01,159,137652,买盘
10:13:40,8.65,-0.01,1047,905762,卖盘
10:13:43,8.65,0.0,524,453166,卖盘
10:13:46,8.64,-0.01,304,262858,卖盘
10:13:49,8.65,0.01,238,205812,买盘
10:13:52,8.64,-0.01,454,392578,卖盘
10:13:55,8.65,0.01,144,124528,买盘
10:13:58,8.64,-0.01,49,42379,卖盘
10:14:01,8.65,0.01,442,382003,买盘
10:14:04,8.65,0.0,130,112362,买盘
10:14:07,8.65,0.0,74,64010,买盘
10:14:10,8.65,0.0,370,319770,买盘
10:14:13,8.65,0.0,500,432457,买盘
10:14:16,8.65,0.0,347,300155,卖盘
10:14:19,8.65,0.0,219,189455,卖盘
10:14:22,8.65,0.0,425,367521,卖盘
10:14:25,8.65,0.0,142,122796,买盘
10:14:28,8.65,0.0,177,153119,卖盘
10:14:31,8.65,0.0,206,178195,卖盘
10:14:34,8.65,0.0,250,216250,买盘
10:14:37,8.66,0.01,67,58003,买盘
10:14:40,8.66,0.0,135,116829,买盘
10:14:43,8.66,0.0,289,250046,买盘
10:14:46,8.66,0.0,68,58878,买盘
10:14:49,8.65,-0.01,544,470699,卖盘
10:14:52,8.65,0.0,398,344447,卖盘
10:14:55,8.65,0.0,235,203305,卖盘
10:14:58,8.66,0.01,56,48492,买盘
10:15:01,8.65,-0.01,76,65745,卖盘
10:15:04,8.66,0.01,92,79651,买盘
10:15:07,8.66,0.0,295,255442,买盘
10:15:10,8.66,0.0,303,262348,买盘
10:15:13,8.66,0.0,84,72709,买盘
10:15:16,8.66,0.0,418,361667,卖盘
10:15:19,8.67,0.01,529,458246,买盘
10:15:22,8.66,-0.01,321,277979,卖盘
10:15:25,8.67,0.01,233,201862,买盘
10:15:28,8.66,-0.01,267,231190,卖盘
10:15:31,8.66,0.0,258,223582,卖盘
10:15:34,8.67,0.01,221,191502,买盘
10:15:37,8.68,0.01,3992,3469619,买盘
10:15:40,8.7,0.02,111,96568,买盘
10:15:43,8.69,-0.01,120,104238,中性盘
10:15:46,8.69,0.0,37,32153,买盘
10:15:49,8.69,0.0,247,214470,买盘
10:15:52,8.7,0.01,205,178170,买盘
10:15:55,8.68,-0.02,552,479539,卖盘
10:15:58,8.68,0.0,254,220565,买盘
10:16:01,8.68,0.0,473,410170,卖盘
10:16:04,8.68,0.0,276,239502,买盘
10:16:07,8.7,0.02,2182,1897019,买盘
10:16:10,8.71,0.01,182,158392,买盘
10:16:13,8.71,0.0,213,185517,买盘
10:16:16,8.71,0.0,140,122040,买盘
10:16:19,8.71,0.0,122,106262,卖盘
10:16:22,8.7,-0.01,340,296178,卖盘
10:16:25,8.7,0.0,857,745758,卖盘
10:16:28,8.69,-0.01,269,234107,卖盘
10:16:31,8.71,0.02,505,439768,买盘
10:16:34,8.7,-0.01,252,219445,卖盘
10:16:37,8.71,0.01,103,89694,买盘
10:16:40,8.7,-0.01,150,130572,卖盘
10:16:43,8.7,0.0,382,332385,卖盘
10:16:46,8.7,0.0,202,175822,卖盘
10:16:49,8.71,0.01,184,160071,买盘
10:16:52,8.7,-0.01,174,151438,卖盘
10:16:55,8.7,0.0,344,299269,买盘
10:16:58,8.7,0.0,225,195800,卖盘
10:17:01,8.69,-0.01,396,344350,卖盘
10:17:04,8.68,-0.01,96,83392,卖盘
10:17:07,8.69,0.01,127,110315,买盘
10:17:10,8.68,-0.01,267,231877,卖盘
10:17:13,8.67,-0.01,403,349715,卖盘
10:17:16,8.67,0.0,241,209179,卖盘
10:17:19,8.68,0.01,18,15618,买盘
10:17:22,8.68,0.0,65,56411,买盘
10:17:25,8.67,-0.01,118,102390,卖盘
10:17:28,8.68,0.01,189,163924,买盘
10:17:31,8.67,-0.01,292,253168,卖盘
10:17:34,8.67,0.0,209,181203,买盘
10:17:37,8.68,0.01,778,674500,买盘
10:17:40,8.66,-0.02,131,113544,卖盘
10:17:43,8.66,0.0,630,546817,卖盘
10:17:46,8.67,0.01,163,141277,买盘
10:17:49,8.67,0.0,680,588910,买盘
10:17:52,8.67,0.0,201,174249,买盘
10:17:55,8.67,0.0,202,174996,买盘
10:17:58,8.66,-0.01,178,154168,卖盘
10:18:01,8.66,0.0,244,211401,卖盘
10:18:04,8.66,0.0,634,548957,卖盘
10:18:07,8.66,0.0,1122,970813,买盘
10:18:10,8.65,-0.01,980,847699,卖盘
10:18:13,8.64,-0.01,112,96859,卖盘
10:18:16,8.65,0.01,687,594250,买盘
10:18:19,8.65,0.0,376,325234,买盘
10:18:22,8.64,-0.01,70,60523,卖盘
10:18:25,8.64,0.0,862,745351,卖盘
10:18:28,8.64,0.0,246,212546,卖盘
10:18:31,8.64,0.0,408,352512,卖盘
10:18:34,8.64,0.0,93,80328,卖盘
10:18:37,8.64,0.0,374,323295,买盘
10:18:40,8.63,-0.01,146,126116,卖盘
10:18:43,8.63,0.0,214,184783,卖盘
10:18:46,8.63,0.0,201,173528,卖盘
10:18:49,8.64,0.01,209,180455,买盘
10:18:52,8.64,0.0,177,152902,买盘
10:18:55,8.63,-0.01,517,446391,卖盘
10:18:58,8.63,0.0,457,394235,卖盘
10:19:01,8.63,0.0,120,103457,买盘
10:19:04,8.62,-0.01,1221,1052495,卖盘
10:19:07,8.62,0.0,54,46548,买盘
10:19:10,8.61,-0.01,266,229126,卖盘
10:19:13,8.61,0.0,162,139507,卖盘
10:19:16,8.61,0.0,367,316009,卖盘
10:19:19,8.61,0.0,230,198038,卖盘
10:19:22,8.61,0.0,271,233432,卖盘
10:19:25,8.62,0.01,157,135223,买盘
10:19:28,8.61,-0.01,571,491648,卖盘
10:19:31,8.61,0.0,508,437638,卖盘
10:19:34,8.61,0.0,183,157563,卖盘
10:19:37,8.6,-0.01,305,262414,卖盘
10:19:40,8.61,0.01,861,741192,买盘
10:19:43,8.6,-0.01,144,123908,卖盘
10:19:46,8.6,0.0,2713,2333319,卖盘
10:19:49,8.6,0.0,299,257145,卖盘
10:19:52,8.61,0.01,141,121362,买盘
10:19:55,8.61,0.0,1681,1445759,买盘
10:19:58,8.61,0.0,1942,1670337,买盘
10:20:01,8.6,-0.01,449,385985,卖盘
10:20:04,8.6,0.0,220,189108,买盘
10:20:07,8.6,0.0,265,227793,买盘
10:20:10,8.59,-0.01,213,183092,卖盘
10:20:13,8.59,0.0,621,533694,卖盘
10:20:16,8.59,0.0,169,145171,卖盘
10:20:19,8.59,0.0,44,37795,买盘
10:20:22,8.59,0.0,347,298057,买盘
10:20:25,8.6,0.01,642,551510,买盘
10:20:28,8.59,-0.01,189,162386,卖盘
10:20:31,8.6,0.01,199,171107,买盘
10:20:34,8.6,0.0,316,271672,买盘
10:20:37,8.6,0.0,1071,920071,买盘
10:20:40,8.59,-0.01,621,533800,卖盘
10:20:43,8.59,0.0,88,75592,买盘
10:20:46,8.59,0.0,726,623823,买盘
10:20:49,8.6,0.01,35,30073,买盘
10:20:52,8.6,0.0,143,122908,买盘
10:20:55,8.6,0.0,204,175411,买盘
10:20:58,8.6,0.0,671,577020,买盘
10:21:01,8.6,0.0,293,251980,买盘
10:21:04,8.59,-0.01,226,194206,卖盘
10:21:07,8.59,0.0,1533,1316708,卖盘
10:21:10,8.6,0.01,158,135747,买盘
10:21:13,8.6,0.0,342,294109,买盘
10:21:16,8.59,-0.01,173,148613,卖盘
10:21:19,8.59,0.0,853,733388,卖盘
10:21:22,8.6,0.01,130,111790,买盘
10:21:25,8.59,-0.01,202,173518,卖盘
10:21:28,8.6,0.01,369,317276,买盘
10:21:31,8.6,0.0,242,207881,买盘
10:21:34,8.59,-0.01,402,345645,卖盘
10:21:37,8.6,0.01,71,61047,买盘
10:21:40,8.6,0.0,90,77039,买盘
10:21:43,8.6,0.0,190,163400,卖盘
10:21:46,8.61,0.01,815,701100,买盘
10:21:49,8.6,-0.01,455,391549,卖盘
10:21:52,8.6,0.0,130,111885,卖盘
10:21:55,8.61,0.01,130,111827,买盘
10:21:58,8.61,0.0,1018,876519,买盘
10:22:01,8.61,0.0,153,131733,卖盘
10:22:04,8.62,0.01,569,489914,买盘
10:22:07,8.62,0.0,299,257582,买盘
10:22:10,8.62,0.0,394,339628,卖盘
10:22:13,8.6,-0.02,178,153196,卖盘
10:22:16,8.6,0.0,258,222112,卖盘
10:22:19,8.62,0.02,216,186129,买盘
10:22:22,8.62,0.0,112,96544,卖盘
10:22:25,8.61,-0.01,195,168104,卖盘
10:22:28,8.62,0.01,82,70684,买盘
10:22:31,8.62,0.0,394,339626,买盘
10:22:34,8.62,0.0,350,301701,卖盘
10:22:37,8.62,0.0,43,37066,卖盘
10:22:40,8.62,0.0,329,283696,买盘
10:22:43,8.62,0.0,127,109411,买盘
10:22:46,8.62,0.0,247,212904,买盘
10:22:49,8.62,0.0,603,519843,卖盘
10:22:52,8.62,0.0,182,156957,卖盘
10:22:55,8.62,0.0,334,287882,卖盘
10:22:58,8.63,0.01,165,142330,买盘
10:23:01,8.63,0.0,256,220727,买盘
10:23:04,8.62,-0.01,437,376378,卖盘
10:23:07,8.62,0.0,637,549773,买盘
10:23:10,8.63,0.01,75,64649,买盘
10:23:13,8.63,0.0,155,133643,买盘
10:23:16,8.62,-0.01,224,193088,卖盘
10:23:19,8.62,0.0,132,113845,卖盘
10:23:22,8.62,0.0,192,165598,卖盘
10:23:25,8.63,0.01,95,81955,买盘
10:23:28,8.63,0.0,275,237097,买盘
10:23:31,8.62,-0.01,516,444850,卖盘
10:23:34,8.62,0.0,563,485324,卖盘
10:23:37,8.62,0.0,448,386233,卖盘
10:23:40,8.62,0.0,132,113742,买盘
10:23:43,8.61,-0.01,319,274905,卖盘
10:23:46,8.61,0.0,177,152400,卖盘
10:23:49,8.61,0.0,159,136909,卖盘
10:23:52,8.61,0.0,470,404747,卖盘
10:23:55,8.6,-0.01,542,466577,卖盘
10:23:58,8.61,0.01,102,87813,中性盘
10:24:01,8.62,0.01,967,833508,买盘
10:24:04,8.62,0.0,162,139653,卖盘
10:24:07,8.62,0.0,350,301700,卖盘
10:24:10,8.63,0.01,105,90513,买盘
10:24:13,8.61,-0.02,802,691206,卖盘
10:24:16,8.62,0.01,110,94813,买盘
10:24:19,8.62,0.0,281,242052,买盘
10:24:22,8.62,0.0,221,190463,买盘
10:24:25,8.62,0.0,81,69822,买盘
10:24:28,8.61,-0.01,361,310999,卖盘
10:24:31,8.61,0.0,186,160275,卖盘
10:24:34,8.62,0.01,1161,1000516,买盘
10:24:37,8.62,0.0,787,678394,卖盘
10:24:40,8.61,-0.01,348,299795,卖盘
10:24:43,8.62,0.01,99,85262,买盘
10:24:46,8.61,-0.01,7,6030,卖盘
10:24:49,8.61,0.0,323,278272,卖盘
10:24:52,8.62,0.01,379,326346,买盘
10:24:55,8.61,-0.01,60,51669,中性盘
10:24:58,8.61,0.0,130,111929,买盘
10:25:01,8.6,-0.01,598,514334,卖盘
10:25:04,8.6,0.0,248,213315,卖盘
10:25:07,8.61,0.01,693,596726,买盘
10:25:10,8.6,-0.01,270,232270,卖盘
10:25:13,8.61,0.01,184,158329,买盘
10:25:16,8.61,0.0,886,762065,买盘
10:25:19,8.61,0.0,335,288298,买盘
10:25:22,8.6,-0.01,1011,869372,卖盘
10:25:25,8.6,0.0,1346,1158591,买盘
10:25:28,8.6,0.0,153,131481,买盘
10:25:31,8.6,0.0,230,197694,买盘
10:25:34,8.59,-0.01,108,92799,卖盘
10:25:37,8.59,0.0,117,100510,卖盘
10:25:40,8.59,0.0,23,19759,卖盘
10:25:43,8.59,0.0,241,207064,卖盘
10:25:46,8.58,-0.01,927,796053,卖盘
10:25:49,8.58,0.0,556,477053,卖盘
10:25:52,8.58,0.0,1730,1484476,卖盘
10:25:55,8.58,0.0,287,246314,卖盘
10:25:58,8.58,0.0,390,334625,卖盘
10:26:01,8.57,-0.01,119,102064,卖盘
10:26:04,8.57,0.0,188,161124,卖盘
10:26:07,8.57,0.0,885,758465,卖盘
10:26:10,8.57,0.0,82,70224,买盘
10:26:13,8.56,-0.01,199,170404,卖盘
10:26:16,8.57,0.01,336,287940,买盘
10:26:19,8.56,-0.01,159,136216,卖盘
10:26:22,8.57,0.01,413,353903,买盘
10:26:25,8.57,0.0,659,564269,买盘
10:26:28,8.57,0.0,765,655074,买盘
10:26:31,8.56,-0.01,61,52237,卖盘
10:26:34,8.56,0.0,262,224344,卖盘
10:26:37,8.57,0.01,573,490494,买盘
10:26:40,8.56,-0.01,79,67621,买盘
10:26:43,8.55,-0.01,1060,906584,卖盘
10:26:46,8.55,0.0,281,240452,卖盘
10:26:49,8.55,0.0,439,375363,卖盘
10:26:52,8.55,0.0,1078,921846,卖盘
10:26:55,8.55,0.0,334,285573,卖盘
10:26:58,8.54,-0.01,209,178650,卖盘
10:27:01,8.55,0.01,379,323905,买盘
10:27:04,8.55,0.0,124,105942,买盘
10:27:07,8.55,0.0,500,427360,买盘
10:27:10,8.54,-0.01,1041,889207,卖盘
10:27:13,8.55,0.01,315,269098,买盘
10:27:16,8.55,0.0,139,118816,买盘
10:27:19,8.55,0.0,2172,1856859,买盘
10:27:22,8.55,0.0,424,362478,买盘
10:27:25,8.55,0.0,408,348709,买盘
10:27:28,8.55,0.0,787,672411,买盘
10:27:31,8.55,0.0,553,472691,买盘
10:27:34,8.55,0.0,190,162405,卖盘
10:27:37,8.54,-0.01,380,325014,卖盘
10:27:40,8.55,0.01,365,312032,买盘
10:27:43,8.55,0.0,233,199229,卖盘
10:27:46,8.55,0.0,404,345732,卖盘
10:27:49,8.55,0.0,594,507878,卖盘
10:27:52,8.57,0.02,410,350697,买盘
10:27:55,8.56,-0.01,116,99317,卖盘
10:27:58,8.56,0.0,598,512332,卖盘
10:28:01,8.57,0.01,122,104534,买盘
10:28:04,8.56,-0.01,50,42800,买盘
10:28:07,8.57,0.01,37,31696,买盘
10:28:10,8.57,0.0,288,246616,买盘
10:28:13,8.56,-0.01,166,142246,卖盘
10:28:16,8.57,0.01,320,274118,买盘
10:28:19,8.57,0.0,320,274172,买盘
10:28:22,8.57,0.0,77,66020,卖盘
10:28:25,8.58,0.01,247,211722,买盘
10:28:28,8.57,-0.01,449,385140,卖盘
10:28:31,8.58,0.01,542,464895,买盘
10:28:34,8.58,0.0,1374,1178571,买盘
10:28:37,8.59,0.01,1618,1388274,买盘
10:28:40,8.57,-0.02,348,298575,卖盘
10:28:43,8.59,0.02,452,388174,买盘
10:28:46,8.59,0.0,208,178670,买盘
10:28:49,8.59,0.0,168,144365,卖盘
10:28:52,8.59,0.0,99,85062,卖盘
10:28:55,8.6,0.01,269,231311,买盘
10:28:58,8.6,0.0,123,105774,买盘
10:29:01,8.6,0.0,225,193468,买盘
10:29:04,8.59,-0.01,471,404715,卖盘
10:29:07,8.6,0.01,955,821254,买盘
10:29:10,8.6,0.0,588,505665,买盘
10:29:13,8.6,0.0,661,568460,买盘
10:29:16,8.6,0.0,1148,986535,卖盘
10:29:19,8.6,0.0,326,280667,卖盘
10:29:22,8.61,0.01,149,128244,买盘
10:29:25,8.6,-0.01,214,184158,卖盘
10:29:28,8.61,0.01,290,249553,买盘
10:29:31,8.61,0.0,288,247748,买盘
10:29:34,8.61,0.0,265,228130,买盘
10:29:37,8.62,0.01,177,152516,买盘
10:29:40,8.62,0.0,34,29307,买盘
10:29:43,8.61,-0.01,59,50852,卖盘
10:29:46,8.62,0.01,275,236857,买盘
10:29:49,8.61,-0.01,157,135204,卖盘
10:29:52,8.62,0.01,196,168878,买盘
10:29:55,8.61,-0.01,578,497680,卖盘
10:29:58,8.6,-0.01,722,621132,卖盘
10:30:01,8.6,0.0,291,250260,买盘
10:30:04,8.59,-0.01,96,82559,卖盘
10:30:07,8.6,0.01,367,315606,买盘
10:30:10,8.6,0.0,381,327459,买盘
10:30:13,8.6,0.0,39,33515,买盘
10:30:16,8.6,0.0,232,199509,买盘
10:30:19,8.59,-0.01,160,137576,卖盘
10:30:22,8.6,0.01,653,561209,买盘
10:30:25,8.6,0.0,112,96238,买盘
10:30:28,8.59,-0.01,132,113412,卖盘
10:30:31,8.6,0.01,25,21479,买盘
10:30:34,8.6,0.0,84,72230,买盘
10:30:37,8.6,0.0,251,215843,买盘
10:30:40,8.59,-0.01,960,824640,卖盘
10:30:43,8.59,0.0,306,262990,买盘
10:30:46,8.58,-0.01,889,762621,卖盘
10:30:49,8.57,-0.01,363,311305,卖盘
10:30:52,8.57,0.0,250,214448,卖盘
10:30:55,8.56,-0.01,487,417343,卖盘
10:30:58,8.58,0.02,636,545494,买盘
10:31:01,8.58,0.0,104,89232,卖盘
10:31:04,8.59,0.01,500,429012,买盘
10:31:07,8.58,-0.01,97,83245,卖盘
10:31:10,8.57,-0.01,166,142421,卖盘
10:31:13,8.58,0.01,93,79875,中性盘
10:31:16,8.58,0.0,69,59209,中性盘
10:31:19,8.57,-0.01,136,116663,卖盘
10:31:22,8.58,0.01,153,131268,买盘
10:31:25,8.59,0.01,267,229083,买盘
10:31:28,8.58,-0.01,302,259116,卖盘
10:31:31,8.58,0.0,188,161314,卖盘
10:31:34,8.58,0.0,49,42042,买盘
10:31:37,8.58,0.0,81,69498,买盘
10:31:40,8.58,0.0,104,89190,买盘
10:31:43,8.58,0.0,111,95138,买盘
10:31:46,8.56,-0.02,760,651348,卖盘
10:31:49,8.56,0.0,96,82241,卖盘
10:31:52,8.56,0.0,132,113091,卖盘
10:31:55,8.57,0.01,280,239747,买盘
10:31:58,8.57,0.0,126,107874,买盘
10:32:01,8.56,-0.01,277,237121,卖盘
10:32:04,8.56,0.0,704,602647,卖盘
10:32:07,8.56,0.0,52,44493,买盘
10:32:10,8.56,0.0,255,218275,买盘
10:32:13,8.56,0.0,146,124890,买盘
10:32:16,8.55,-0.01,336,287359,卖盘
10:32:19,8.56,0.01,236,201891,买盘
10:32:22,8.56,0.0,1017,869601,买盘
10:32:25,8.55,-0.01,142,121396,卖盘
10:32:28,8.55,0.0,304,260081,卖盘
10:32:31,8.55,0.0,188,160861,卖盘
10:32:34,8.56,0.01,417,356677,买盘
10:32:37,8.55,-0.01,329,281290,卖盘
10:32:40,8.55,0.0,478,408690,买盘
10:32:43,8.56,0.01,362,309539,买盘
10:32:46,8.56,0.0,178,152212,买盘
10:32:49,8.55,-0.01,80,68401,卖盘
10:32:52,8.55,0.0,145,123978,买盘
10:32:55,8.55,0.0,284,242820,卖盘
10:32:58,8.54,-0.01,260,222148,卖盘
10:33:01,8.55,0.01,128,109337,买盘
10:33:04,8.55,0.0,131,111981,买盘
10:33:07,8.55,0.0,140,119670,买盘
10:33:10,8.54,-0.01,565,482555,卖盘
10:33:13,8.54,0.0,544,464743,卖盘
10:33:16,8.54,0.0,80,68320,买盘
10:33:19,8.54,0.0,192,163968,买盘
10:33:22,8.54,0.0,161,137425,买盘
10:33:25,8.54,0.0,259,221147,买盘
10:33:28,8.54,0.0,215,183620,卖盘
10:33:31,8.54,0.0,424,362117,卖盘
10:33:34,8.55,0.01,150,128088,买盘
10:33:37,8.54,-0.01,79,67450,卖盘
10:33:40,8.55,0.01,52,44460,买盘
10:33:43,8.54,-0.01,266,227233,卖盘
10:33:46,8.55,0.01,438,374474,买盘
10:33:49,8.55,0.0,661,564919,买盘
10:33:52,8.54,-0.01,415,354453,卖盘
10:33:55,8.54,0.0,358,305849,卖盘
10:33:58,8.55,0.01,130,111078,买盘
10:34:01,8.54,-0.01,244,208533,卖盘
10:34:04,8.54,0.0,434,370891,卖盘
10:34:07,8.55,0.01,346,295556,买盘
10:34:10,8.55,0.0,285,243670,买盘
10:34:13,8.55,0.0,194,165829,买盘
10:34:16,8.55,0.0,415,354807,买盘
10:34:19,8.55,0.0,548,468061,买盘
10:34:22,8.55,0.0,495,423178,买盘
10:34:25,8.55,0.0,181,154745,买盘
10:34:28,8.55,0.0,1074,918231,买盘
10:34:31,8.55,0.0,105,89781,卖盘
10:34:34,8.55,0.0,422,360822,卖盘
10:34:37,8.55,0.0,494,422622,卖盘
10:34:40,8.55,0.0,682,583754,卖盘
10:34:43,8.55,0.0,216,184798,卖盘
10:34:46,8.55,0.0,170,145479,卖盘
10:34:49,8.56,0.01,554,474040,买盘
10:34:52,8.56,0.0,558,477415,买盘
10:34:55,8.56,0.0,207,177193,卖盘
10:34:58,8.57,0.01,92,78842,买盘
10:35:01,8.57,0.0,92,78820,买盘
10:35:04,8.57,0.0,210,179959,买盘
10:35:07,8.57,0.0,567,485814,买盘
10:35:10,8.57,0.0,450,385644,买盘
10:35:13,8.57,0.0,69,59133,卖盘
10:35:16,8.58,0.01,1124,963326,买盘
10:35:19,8.57,-0.01,746,639381,卖盘
10:35:22,8.57,0.0,64,54828,买盘
10:35:25,8.57,0.0,893,764709,买盘
10:35:28,8.57,0.0,110,94270,买盘
10:35:31,8.57,0.0,88,75416,卖盘
10:35:34,8.57,0.0,179,153458,卖盘
10:35:37,8.58,0.01,119,102100,买盘
10:35:40,8.57,-0.01,312,267438,卖盘
10:35:43,8.57,0.0,346,296807,卖盘
10:35:46,8.58,0.01,392,335985,买盘
10:35:49,8.58,0.0,384,329362,买盘
10:35:52,8.57,-0.01,185,158588,卖盘
10:35:55,8.58,0.01,315,269987,买盘
10:35:58,8.58,0.0,1113,954332,买盘
10:36:01,8.58,0.0,184,157872,卖盘
10:36:04,8.58,0.0,949,814578,卖盘
10:36:07,8.59,0.01,184,157925,买盘
10:36:10,8.58,-0.01,131,112402,卖盘
10:36:13,8.59,0.01,292,250798,买盘
10:36:16,8.59,0.0,137,117659,买盘
10:36:19,8.59,0.0,134,115055,买盘
10:36:22,8.59,0.0,262,225058,买盘
10:36:25,8.59,0.0,286,245674,买盘
10:36:28,8.59,0.0,163,140017,买盘
10:36:31,8.59,0.0,181,155479,买盘
10:36:34,8.59,0.0,285,244815,卖盘
10:36:37,8.6,0.01,482,414360,买盘
10:36:40,8.6,0.0,79,67938,买盘
10:36:43,8.6,0.0,16,13760,买盘
10:36:46,8.6,0.0,866,744615,买盘
10:36:49,8.6,0.0,608,522855,买盘
10:36:52,8.6,0.0,264,227030,买盘
10:36:55,8.6,0.0,259,222618,买盘
10:36:58,8.59,-0.01,217,186595,卖盘
10:37:01,8.6,0.01,287,246768,买盘
10:37:04,8.6,0.0,203,174477,买盘
10:37:07,8.6,0.0,821,705847,买盘
10:37:10,8.6,0.0,451,387858,买盘
10:37:13,8.6,0.0,183,157380,买盘
10:37:16,8.6,0.0,821,706060,买盘
10:37:19,8.6,0.0,460,395600,买盘
10:37:22,8.6,0.0,111,95473,卖盘
10:37:25,8.6,0.0,130,111912,卖盘
10:37:28,8.6,0.0,183,157390,卖盘
10:37:31,8.6,0.0,82,70536,卖盘
10:37:34,8.6,0.0,287,246914,卖盘
10:37:37,8.6,0.0,233,200274,买盘
10:37:40,8.59,-0.01,225,193313,卖盘
10:37:43,8.6,0.01,137,117798,买盘
10:37:46,8.59,-0.01,108,92877,卖盘
10:37:49,8.59,0.0,191,164106,卖盘
10:37:52,8.6,0.01,157,135004,买盘
10:37:55,8.6,0.0,97,83398,买盘
10:37:58,8.6,0.0,172,147868,买盘
10:38:01,8.6,0.0,182,156513,买盘
10:38:04,8.6,0.0,55,47300,买盘
10:38:07,8.6,0.0,73,62767,买盘
10:38:10,8.6,0.0,680,584491,买盘
10:38:13,8.6,0.0,97,83392,买盘
10:38:16,8.59,-0.01,272,233815,卖盘
10:38:19,8.59,0.0,447,384356,买盘
10:38:22,8.6,0.01,259,222651,买盘
10:38:25,8.59,-0.01,49,42109,卖盘
10:38:28,8.59,0.0,375,322427,卖盘
10:38:31,8.59,0.0,46,39514,买盘
10:38:34,8.58,-0.01,317,272232,卖盘
10:38:37,8.59,0.01,6,5153,中性盘
10:38:40,8.59,0.0,16,13744,买盘
10:38:43,8.59,0.0,77,66140,卖盘
10:38:46,8.58,-0.01,137,117648,卖盘
10:38:49,8.58,0.0,354,303988,卖盘
10:38:52,8.59,0.01,213,182909,买盘
10:38:55,8.59,0.0,31,26627,买盘
10:38:58,8.58,-0.01,99,85000,卖盘
10:39:01,8.59,0.01,564,484666,买盘
10:39:04,8.59,0.0,221,189839,买盘
10:39:07,8.58,-0.01,219,187967,卖盘
10:39:10,8.59,0.01,2325,1998857,买盘
10:39:13,8.59,0.0,240,206349,卖盘
10:39:16,8.6,0.01,65,55885,买盘
10:39:19,8.6,0.0,12,10320,买盘
10:39:22,8.6,0.0,46,39524,买盘
10:39:25,8.6,0.0,692,594862,买盘
10:39:28,8.61,0.01,70,60214,买盘
10:39:31,8.61,0.0,563,484712,买盘
10:39:34,8.61,0.0,206,177301,买盘
10:39:37,8.61,0.0,231,198829,买盘
10:39:40,8.61,0.0,260,223827,买盘
10:39:43,8.61,0.0,344,296147,买盘
10:39:46,8.61,0.0,315,271290,卖盘
10:39:49,8.61,0.0,52,44774,卖盘
10:39:52,8.61,0.0,1657,1428146,卖盘
10:39:55,8.62,0.01,294,253282,买盘
10:39:58,8.61,-0.01,136,117120,卖盘
10:40:01,8.62,0.01,450,387706,买盘
10:40:04,8.62,0.0,267,230124,买盘
10:40:07,8.62,0.0,246,211959,买盘
10:40:10,8.62,0.0,395,340267,买盘
10:40:13,8.62,0.0,122,105153,买盘
10:40:16,8.62,0.0,395,340490,买盘
10:40:19,8.62,0.0,442,380997,买盘
10:40:22,8.62,0.0,281,242219,买盘
10:40:25,8.62,0.0,353,304447,买盘
10:40:28,8.63,0.01,137,118112,买盘
10:40:31,8.63,0.0,97,83711,买盘
10:40:34,8.63,0.0,1000,862051,买盘
10:40:37,8.63,0.0,209,180264,买盘
10:40:40,8.63,0.0,294,253720,买盘
10:40:43,8.63,0.0,107,92303,买盘
10:40:46,8.62,-0.01,138,119069,卖盘
10:40:49,8.63,0.01,1191,1027767,买盘
10:40:52,8.63,0.0,1419,1223649,买盘
10:40:55,8.63,0.0,269,232071,买盘
10:40:58,8.64,0.01,41,35410,买盘
10:41:01,8.64,0.0,381,329084,买盘
10:41:04,8.65,0.01,99,85552,买盘
10:41:07,8.64,-0.01,174,150484,卖盘
10:41:10,8.65,0.01,221,191063,买盘
10:41:13,8.65,0.0,253,218718,买盘
10:41:16,8.65,0.0,276,238733,买盘
10:41:19,8.65,0.0,1284,1110660,买盘
10:41:22,8.66,0.01,65,56265,买盘
10:41:25,8.66,0.0,432,374106,买盘
10:41:28,8.66,0.0,432,373993,买盘
10:41:31,8.66,0.0,766,663350,买盘
10:41:34,8.67,0.01,163,141205,买盘
10:41:37,8.67,0.0,694,601697,买盘
10:41:40,8.67,0.0,170,147456,买盘
10:41:43,8.67,0.0,169,146650,买盘
10:41:46,8.69,0.02,685,594406,买盘
10:41:49,8.69,0.0,29,25201,买盘
10:41:52,8.69,0.0,672,583956,买盘
10:41:55,8.7,0.01,581,504897,买盘
10:41:58,8.69,-0.01,588,511488,卖盘
10:42:01,8.7,0.01,819,712413,买盘
10:42:04,8.7,0.0,478,415850,买盘
10:42:07,8.71,0.01,1976,1719283,买盘
10:42:10,8.7,-0.01,248,215902,卖盘
10:42:13,8.71,0.01,434,377944,买盘
10:42:16,8.71,0.0,882,768174,买盘
10:42:19,8.71,0.0,217,189475,买盘
10:42:22,8.71,0.0,491,427911,卖盘
10:42:25,8.72,0.01,925,806282,买盘
10:42:28,8.73,0.01,588,512768,买盘
10:42:31,8.72,-0.01,115,100332,卖盘
10:42:34,8.73,0.01,1420,1239422,买盘
10:42:37,8.72,-0.01,1449,1264841,卖盘
10:42:40,8.73,0.01,917,800517,买盘
10:42:43,8.73,0.0,295,257479,买盘
10:42:46,8.74,0.01,582,508031,买盘
10:42:49,8.73,-0.01,259,226255,卖盘
10:42:52,8.75,0.02,569,497338,买盘
10:42:55,8.74,-0.01,240,209838,卖盘
10:42:58,8.74,0.0,410,358661,卖盘
10:43:01,8.75,0.01,608,531975,买盘
10:43:04,8.75,0.0,701,613346,买盘
10:43:07,8.75,0.0,801,700840,买盘
10:43:10,8.75,0.0,1147,1003674,买盘
10:43:13,8.75,0.0,573,501369,卖盘
10:43:16,8.75,0.0,641,560967,卖盘
10:43:19,8.74,-0.01,1154,1009481,卖盘
10:43:22,8.75,0.01,1202,1051376,买盘
10:43:25,8.74,-0.01,262,229169,买盘
10:43:28,8.74,0.0,1291,1127894,买盘
10:43:31,8.73,-0.01,478,417531,卖盘
10:43:34,8.73,0.0,1287,1124051,卖盘
10:43:37,8.72,-0.01,484,422499,卖盘
10:43:40,8.72,0.0,396,345503,卖盘
10:43:43,8.73,0.01,652,568889,买盘
10:43:46,8.73,0.0,127,110757,买盘
10:43:49,8.71,-0.02,274,238693,卖盘
10:43:52,8.71,0.0,40,34840,买盘
10:43:55,8.71,0.0,135,117579,买盘
10:43:58,8.7,-0.01,528,459847,卖盘
10:44:01,8.7,0.0,161,140121,卖盘
10:44:04,8.7,0.0,778,677187,卖盘
10:44:07,8.7,0.0,381,331531,卖盘
10:44:10,8.7,0.0,235,204450,卖盘
10:44:13,8.69,-0.01,61,53019,卖盘
10:44:16,8.7,0.01,423,367671,买盘
10:44:19,8.7,0.0,520,452396,买盘
10:44:22,8.69,-0.01,261,227011,卖盘
10:44:25,8.69,0.0,64,55640,卖盘
10:44:28,8.69,0.0,122,106017,买盘
10:44:31,8.69,0.0,264,229416,买盘
10:44:34,8.68,-0.01,116,100774,卖盘
10:44:37,8.69,0.01,151,131216,买盘
10:44:40,8.69,0.0,69,59920,买盘
10:44:43,8.69,0.0,196,170227,买盘
10:44:46,8.69,0.0,69,59954,买盘
10:44:49,8.69,0.0,112,97324,买盘
10:44:52,8.68,-0.01,70,60806,卖盘
10:44:55,8.68,0.0,416,361420,卖盘
10:44:58,8.69,0.01,93,80757,中性盘
10:45:01,8.69,0.0,73,63396,买盘
10:45:04,8.69,0.0,79,68622,卖盘
10:45:07,8.69,0.0,48,41712,买盘
10:45:10,8.69,0.0,91,79069,买盘
10:45:13,8.68,-0.01,627,544270,卖盘
10:45:16,8.67,-0.01,454,393839,卖盘
10:45:19,8.68,0.01,305,264740,买盘
10:45:22,8.67,-0.01,304,263583,卖盘
10:45:25,8.67,0.0,183,158661,买盘
10:45:28,8.68,0.01,697,604455,买盘
10:45:31,8.68,0.0,54,46871,买盘
10:45:34,8.68,0.0,175,151895,买盘
10:45:37,8.67,-0.01,259,224569,卖盘
10:45:40,8.67,0.0,86,74586,卖盘
10:45:43,8.7,0.03,5261,4571031,买盘
10:45:46,8.7,0.0,43,37417,卖盘
10:45:49,8.7,0.0,290,252339,卖盘
10:45:52,8.7,0.0,59,51320,买盘
10:45:55,8.7,0.0,91,79170,买盘
10:45:58,8.7,0.0,289,251044,买盘
10:46:01,8.7,0.0,174,151324,买盘
10:46:04,8.7,0.0,239,207930,买盘
10:46:07,8.7,0.0,257,223669,卖盘
10:46:10,8.7,0.0,96,83520,卖盘
10:46:13,8.7,0.0,289,251590,卖盘
10:46:16,8.7,0.0,48,41760,卖盘
10:46:19,8.7,0.0,793,689918,卖盘
10:46:22,8.7,0.0,33,28710,买盘
10:46:25,8.7,0.0,361,314078,买盘
10:46:28,8.7,0.0,613,533081,卖盘
10:46:31,8.7,0.0,99,86123,买盘
10:46:34,8.69,-0.01,328,285032,卖盘
10:46:37,8.69,0.0,149,129478,买盘
10:46:40,8.69,0.0,333,289106,买盘
10:46:43,8.69,0.0,33,28679,买盘
10:46:46,8.69,0.0,564,490659,卖盘
10:46:49,8.69,0.0,10,8690,卖盘
10:46:52,8.7,0.01,160,139091,买盘
10:46:55,8.7,0.0,3,2610,买盘
10:46:58,8.7,0.0,42,36534,买盘
10:47:01,8.69,-0.01,213,185239,卖盘
10:47:04,8.7,0.01,816,709513,买盘
10:47:07,8.69,-0.01,190,164977,中性盘
10:47:10,8.68,-0.01,122,105980,卖盘
10:47:13,8.68,0.0,103,89487,卖盘
10:47:16,8.68,0.0,444,385436,卖盘
10:47:19,8.68,0.0,59,51220,买盘
10:47:22,8.68,0.0,78,67704,买盘
10:47:25,8.67,-0.01,107,92846,卖盘
10:47:28,8.67,0.0,192,166580,卖盘
10:47:31,8.67,0.0,72,62486,卖盘
10:47:34,8.67,0.0,27,23424,卖盘
10:47:37,8.68,0.01,81,70266,买盘
10:47:40,8.67,-0.01,340,294781,卖盘
10:47:43,8.68,0.01,162,140483,买盘
10:47:46,8.67,-0.01,36,31211,卖盘
10:47:49,8.67,0.0,123,106713,买盘
10:47:52,8.66,-0.01,75,64981,卖盘
10:47:55,8.67,0.01,104,90169,中性盘
10:47:58,8.67,0.0,47,40749,卖盘
10:48:01,8.67,0.0,10,8666,买盘
10:48:04,8.68,0.01,132,114464,买盘
10:48:07,8.68,0.0,124,107509,买盘
10:48:10,8.67,-0.01,200,173543,卖盘
10:48:13,8.68,0.01,170,147548,买盘
10:48:16,8.68,0.0,326,282903,卖盘
10:48:19,8.67,-0.01,79,68539,卖盘
10:48:22,8.68,0.01,39,33852,买盘
10:48:25,8.68,0.0,304,263581,买盘
10:48:28,8.68,0.0,98,85064,买盘
10:48:31,8.68,0.0,353,306402,卖盘
10:48:34,8.68,0.0,18,15624,买盘
10:48:37,8.67,-0.01,129,111971,卖盘
10:48:40,8.67,0.0,55,47732,卖盘
10:48:43,8.68,0.01,14,12152,买盘
10:48:46,8.67,-0.01,149,129196,卖盘
10:48:49,8.68,0.01,80,69403,买盘
10:48:52,8.67,-0.01,109,94559,卖盘
10:48:55,8.67,0.0,114,98864,卖盘
10:48:58,8.67,0.0,46,39888,卖盘
10:49:01,8.68,0.01,18,15623,买盘
10:49:04,8.68,0.0,543,471314,买盘
10:49:07,8.68,0.0,26,22569,卖盘
10:49:10,8.68,0.0,72,62504,卖盘
10:49:13,8.69,0.01,1,869,买盘
10:49:16,8.69,0.0,55,47766,买盘
10:49:19,8.69,0.0,58,50385,买盘
10:49:22,8.69,0.0,127,110351,买盘
10:49:25,8.69,0.0,209,181446,买盘
10:49:28,8.69,0.0,181,157287,买盘
10:49:31,8.69,0.0,12,10427,买盘
10:49:34,8.69,0.0,235,204203,买盘
10:49:37,8.7,0.01,195,169467,买盘
10:49:40,8.69,-0.01,5,4345,卖盘
10:49:43,8.7,0.01,71,61759,买盘
10:49:46,8.69,-0.01,31,26950,卖盘
10:49:49,8.7,0.01,117,101739,买盘
10:49:52,8.69,-0.01,52,45207,卖盘
10:49:55,8.7,0.01,67,58272,买盘
10:49:58,8.7,0.0,136,118318,买盘
10:50:01,8.69,-0.01,25,21742,卖盘
10:50:04,8.7,0.01,177,153953,买盘
10:50:07,8.7,0.0,28,24359,买盘
10:50:10,8.7,0.0,121,105230,买盘
10:50:13,8.7,0.0,98,85260,买盘
10:50:16,8.69,-0.01,204,177311,卖盘
10:50:19,8.7,0.01,367,319165,买盘
10:50:22,8.69,-0.01,227,197307,卖盘
10:50:25,8.7,0.01,402,349719,买盘
10:50:28,8.7,0.0,540,469788,买盘
10:50:31,8.7,0.0,150,130496,买盘
10:50:34,8.7,0.0,50,43473,买盘
10:50:37,8.7,0.0,43,37398,买盘
10:50:40,8.7,0.0,88,76540,买盘
10:50:43,8.7,0.0,2,1740,买盘
10:50:46,8.7,0.0,443,385019,买盘
10:50:49,8.69,-0.01,584,507504,卖盘
10:50:52,8.68,-0.01,75,65122,卖盘
10:50:55,8.69,0.01,180,156371,买盘
10:50:58,8.68,-0.01,74,64262,卖盘
10:51:01,8.68,0.0,81,70345,卖盘
10:51:04,8.69,0.01,183,158986,买盘
10:51:07,8.69,0.0,35,30421,买盘
10:51:10,8.69,0.0,165,143385,卖盘
10:51:13,8.69,0.0,17,14773,卖盘
10:51:16,8.7,0.01,385,334590,买盘
10:51:19,8.7,0.0,127,110402,买盘
10:51:22,8.7,0.0,187,162639,买盘
10:51:25,8.7,0.0,245,212729,买盘
10:51:28,8.7,0.0,116,100886,买盘
10:51:31,8.7,0.0,114,99180,买盘
10:51:34,8.69,-0.01,213,185287,卖盘
10:51:37,8.69,0.0,497,431954,卖盘
10:51:40,8.69,0.0,59,51270,买盘
10:51:43,8.69,0.0,127,110418,买盘
10:51:46,8.7,0.01,43,37406,买盘
10:51:49,8.69,-0.01,43,37381,卖盘
10:51:52,8.69,0.0,37,32153,卖盘
10:51:55,8.69,0.0,39,33891,买盘
10:51:58,8.69,0.0,225,195524,买盘
10:52:01,8.69,0.0,123,106887,买盘
10:52:04,8.69,0.0,181,157288,买盘
10:52:07,8.69,0.0,57,49519,买盘
10:52:10,8.69,0.0,21,18249,买盘
10:52:13,8.69,0.0,26,22589,买盘
10:52:16,8.68,-0.01,249,216275,卖盘
10:52:19,8.69,0.01,89,77321,买盘
10:52:22,8.68,-0.01,65,56445,卖盘
10:52:25,8.68,0.0,70,60790,卖盘
10:52:28,8.69,0.01,235,204077,买盘
10:52:31,8.69,0.0,17,14771,买盘
10:52:34,8.68,-0.01,6,5211,卖盘
10:52:37,8.68,0.0,740,642358,卖盘
10:52:40,8.68,0.0,43,37334,卖盘
10:52:43,8.69,0.01,90,78196,买盘
10:52:46,8.69,0.0,29,25183,买盘
10:52:49,8.68,-0.01,235,204008,卖盘
10:52:52,8.68,0.0,41,35608,卖盘
10:52:55,8.68,0.0,66,57325,卖盘
10:52:58,8.68,0.0,114,99037,买盘
10:53:01,8.68,0.0,68,59028,卖盘
10:53:04,8.68,0.0,40,34720,买盘
10:53:07,8.68,0.0,39,33852,买盘
10:53:10,8.68,0.0,66,57287,买盘
10:53:13,8.68,0.0,58,50344,买盘
10:53:16,8.68,0.0,210,182200,买盘
10:53:19,8.68,0.0,18,15624,买盘
10:53:22,8.68,0.0,45,39060,卖盘
10:53:25,8.67,-0.01,286,248221,卖盘
10:53:28,8.68,0.01,196,170083,买盘
10:53:31,8.67,-0.01,191,165598,卖盘
10:53:34,8.67,0.0,457,396277,卖盘
10:53:37,8.66,-0.01,520,450814,卖盘
10:53:40,8.67,0.01,75,65024,买盘
10:53:43,8.68,0.01,99,85871,买盘
10:53:46,8.67,-0.01,5,4335,中性盘
10:53:49,8.68,0.01,1397,1211059,买盘
10:53:52,8.67,-0.01,186,161373,卖盘
10:53:55,8.67,0.0,18,15605,买盘
10:54:01,8.68,0.01,50,43400,买盘
10:54:04,8.68,0.0,5,4339,买盘
10:54:07,8.68,0.0,229,198586,买盘
10:54:10,8.68,0.0,317,274934,买盘
10:54:13,8.68,0.0,22,19096,卖盘
10:54:16,8.67,-0.01,135,117179,卖盘
10:54:19,8.68,0.01,29,25162,买盘
10:54:22,8.67,-0.01,86,74647,卖盘
10:54:25,8.67,0.0,71,61579,卖盘
10:54:28,8.68,0.01,64,55552,买盘
10:54:31,8.68,0.0,283,245439,买盘
10:54:34,8.67,-0.01,27,23435,卖盘
10:54:37,8.69,0.02,36,31249,买盘
10:54:40,8.67,-0.02,6,5207,卖盘
10:54:43,8.68,0.01,70,60760,买盘
10:54:46,8.68,0.0,49,42532,卖盘
10:54:49,8.69,0.01,37,32153,买盘
10:54:52,8.68,-0.01,3,2605,卖盘
10:54:55,8.69,0.01,256,222239,买盘
10:54:58,8.68,-0.01,30,26041,卖盘
10:55:01,8.68,0.0,40,34720,买盘
10:55:04,8.68,0.0,75,65107,买盘
10:55:07,8.67,-0.01,69,59855,卖盘
10:55:10,8.68,0.01,25,21696,买盘
10:55:13,8.67,-0.01,14,12138,卖盘
10:55:16,8.68,0.01,28,24304,买盘
10:55:19,8.67,-0.01,8,6936,卖盘
10:55:22,8.68,0.01,24,20832,买盘
10:55:25,8.68,0.0,246,213289,买盘
10:55:28,8.67,-0.01,100,86715,卖盘
10:55:31,8.68,0.01,40,34720,买盘
10:55:34,8.67,-0.01,36,31213,卖盘
10:55:37,8.67,0.0,230,199471,卖盘
10:55:40,8.67,0.0,328,284663,卖盘
10:55:43,8.68,0.01,25,21700,买盘
10:55:46,8.67,-0.01,24,20808,卖盘
10:55:49,8.67,0.0,752,652002,卖盘
10:55:52,8.67,0.0,109,94500,买盘
10:55:55,8.67,0.0,47,40749,买盘
10:55:58,8.67,0.0,213,184801,买盘
10:56:01,8.67,0.0,11,9537,买盘
10:56:04,8.67,0.0,15,13005,买盘
10:56:07,8.67,0.0,86,74562,买盘
10:56:10,8.67,0.0,221,191595,买盘
10:56:13,8.67,0.0,11,9546,卖盘
10:56:16,8.68,0.01,20,17344,买盘
10:56:19,8.67,-0.01,42,36414,卖盘
10:56:22,8.68,0.01,83,71991,买盘
10:56:25,8.68,0.0,2,1736,买盘
10:56:28,8.67,-0.01,67,58111,卖盘
10:56:31,8.67,0.0,241,208947,卖盘
10:56:34,8.67,0.0,20,17339,买盘
10:56:37,8.67,0.0,11,9537,买盘
10:56:40,8.67,0.0,296,256632,买盘
10:56:43,8.67,0.0,49,42511,卖盘
10:56:46,8.68,0.01,149,129301,买盘
10:56:49,8.68,0.0,2,1736,买盘
10:56:52,8.67,-0.01,53,45977,卖盘
10:56:55,8.68,0.01,74,64191,买盘
10:56:58,8.68,0.0,56,48608,买盘
10:57:01,8.68,0.0,168,145786,买盘
10:57:04,8.67,-0.01,92,79805,卖盘
10:57:07,8.67,0.0,447,387631,卖盘
10:57:10,8.67,0.0,263,228276,卖盘
10:57:13,8.68,0.01,3,2604,买盘
10:57:16,8.68,0.0,99,85930,买盘
10:57:19,8.69,0.01,48,41691,买盘
10:57:22,8.69,0.0,1022,888122,买盘
10:57:25,8.7,0.01,8,6960,买盘
10:57:28,8.69,-0.01,34,29576,卖盘
10:57:31,8.69,0.0,67,58267,卖盘
10:57:37,8.7,0.01,53,46081,买盘
10:57:40,8.7,0.0,155,134815,买盘
10:57:43,8.7,0.0,270,234877,买盘
10:57:46,8.7,0.0,104,90479,买盘
10:57:49,8.69,-0.01,384,334060,卖盘
10:57:52,8.69,0.0,18,15654,卖盘
10:57:55,8.69,0.0,151,131348,卖盘
10:57:58,8.69,0.0,346,300946,卖盘
10:58:01,8.69,0.0,174,151318,卖盘
10:58:04,8.69,0.0,102,88738,卖盘
10:58:07,8.69,0.0,226,196501,卖盘
10:58:10,8.69,0.0,1778,1546720,卖盘
10:58:13,8.69,0.0,878,763794,卖盘
10:58:16,8.7,0.01,687,597689,买盘
10:58:19,8.69,-0.01,193,167878,卖盘
10:58:22,8.7,0.01,59,51324,买盘
10:58:25,8.7,0.0,425,369630,买盘
10:58:28,8.7,0.0,119,103526,买盘
10:58:31,8.7,0.0,153,133120,买盘
10:58:34,8.7,0.0,50,43518,卖盘
10:58:37,8.71,0.01,236,205471,买盘
10:58:40,8.71,0.0,450,391896,买盘
10:58:43,8.71,0.0,311,270881,买盘
10:58:46,8.71,0.0,202,176143,卖盘
10:58:49,8.72,0.01,85,74110,买盘
10:58:52,8.72,0.0,337,293843,买盘
10:58:55,8.72,0.0,307,267704,买盘
10:58:58,8.72,0.0,283,246776,买盘
10:59:01,8.76,0.04,5828,5095447,买盘
10:59:04,8.76,0.0,69,60424,买盘
10:59:07,8.76,0.0,367,321480,买盘
10:59:10,8.75,-0.01,269,235585,卖盘
10:59:13,8.76,0.01,692,605940,买盘
10:59:16,8.77,0.01,863,756316,买盘
10:59:19,8.77,0.0,719,630523,买盘
10:59:22,8.78,0.01,796,698822,买盘
10:59:25,8.78,0.0,160,140429,买盘
10:59:28,8.78,0.0,283,248444,买盘
10:59:31,8.79,0.01,567,497855,买盘
10:59:34,8.79,0.0,264,231910,买盘
10:59:37,8.79,0.0,878,771762,买盘
10:59:40,8.79,0.0,678,595948,买盘
10:59:43,8.79,0.0,1294,1137607,买盘
10:59:46,8.79,0.0,2013,1771328,卖盘
10:59:49,8.79,0.0,1189,1046261,卖盘
10:59:52,8.8,0.01,770,677543,买盘
10:59:55,8.8,0.0,270,237600,买盘
10:59:58,8.8,0.0,440,387186,买盘
11:00:01,8.79,-0.01,1143,1005228,卖盘
11:00:04,8.8,0.01,840,739065,买盘
11:00:07,8.8,0.0,456,401187,买盘
11:00:10,8.78,-0.02,1359,1194927,卖盘
11:00:13,8.79,0.01,639,561374,买盘
11:00:16,8.78,-0.01,449,394471,卖盘
11:00:19,8.78,0.0,432,379343,卖盘
11:00:22,8.77,-0.01,146,128143,卖盘
11:00:25,8.78,0.01,286,251030,买盘
11:00:28,8.77,-0.01,188,164858,买盘
11:00:31,8.77,0.0,185,162235,买盘
11:00:34,8.76,-0.01,238,208618,卖盘
11:00:37,8.77,0.01,225,197265,买盘
11:00:40,8.77,0.0,173,151639,买盘
11:00:43,8.76,-0.01,314,275117,卖盘
11:00:46,8.77,0.01,282,247080,买盘
11:00:49,8.77,0.0,41,35944,买盘
11:00:52,8.76,-0.01,537,470802,卖盘
11:00:55,8.77,0.01,108,94615,买盘
11:00:58,8.77,0.0,84,73625,买盘
11:01:01,8.75,-0.02,73,63651,卖盘
11:01:04,8.75,0.0,144,126040,卖盘
11:01:07,8.75,0.0,235,205747,卖盘
11:01:10,8.76,0.01,184,161143,买盘
11:01:13,8.76,0.0,143,125224,买盘
11:01:16,8.76,0.0,65,56937,买盘
11:01:19,8.75,-0.01,295,258236,卖盘
11:01:22,8.75,0.0,80,70029,卖盘
11:01:28,8.75,0.0,94,82252,卖盘
11:01:31,8.75,0.0,156,136641,卖盘
11:01:34,8.76,0.01,268,234731,买盘
11:01:37,8.76,0.0,95,83220,卖盘
11:01:40,8.77,0.01,35,30667,买盘
11:01:43,8.76,-0.01,222,194502,卖盘
11:01:46,8.76,0.0,170,148970,卖盘
11:01:49,8.76,0.0,70,61310,卖盘
11:01:52,8.77,0.01,1108,969975,买盘
11:01:55,8.75,-0.02,273,238717,卖盘
11:01:58,8.74,-0.01,10,8741,卖盘
11:02:01,8.75,0.01,135,118115,买盘
11:02:04,8.74,-0.01,84,73416,卖盘
11:02:07,8.74,0.0,93,81282,买盘
11:02:10,8.73,-0.01,77,67248,卖盘
11:02:13,8.73,0.0,33,28809,卖盘
11:02:16,8.73,0.0,27,23570,买盘
11:02:19,8.73,0.0,80,69840,买盘
11:02:22,8.72,-0.01,9,7850,卖盘
11:02:25,8.72,0.0,6,5237,卖盘
11:02:28,8.72,0.0,10,8723,卖盘
11:02:31,8.72,0.0,26,22687,卖盘
11:02:34,8.72,0.0,69,60174,卖盘
11:02:37,8.73,0.01,210,183144,买盘
11:02:40,8.73,0.0,195,170174,买盘
11:02:43,8.72,-0.01,436,380262,卖盘
11:02:46,8.73,0.01,229,199699,买盘
11:02:49,8.73,0.0,842,734842,买盘
11:02:52,8.73,0.0,86,75047,买盘
11:02:55,8.71,-0.02,140,122073,卖盘
11:02:58,8.71,0.0,54,47087,卖盘
11:03:01,8.72,0.01,148,129175,买盘
11:03:04,8.72,0.0,51,44476,卖盘
11:03:07,8.71,-0.01,201,175271,卖盘
11:03:10,8.71,0.0,110,95919,卖盘
11:03:13,8.72,0.01,243,211896,买盘
11:03:16,8.72,0.0,24,20927,中性盘
11:03:19,8.72,0.0,1,872,买盘
11:03:22,8.72,0.0,45,39232,买盘
11:03:25,8.72,0.0,29,25288,买盘
11:03:28,8.72,0.0,423,368849,买盘
11:03:31,8.72,0.0,20,17441,卖盘
11:03:34,8.72,0.0,294,256378,卖盘
11:03:37,8.73,0.01,154,134390,买盘
11:03:40,8.73,0.0,146,127453,买盘
11:03:43,8.73,0.0,360,314454,买盘
11:03:46,8.73,0.0,142,123966,卖盘
11:03:49,8.73,0.0,19,16587,卖盘
11:03:52,8.73,0.0,10,8739,卖盘
11:03:55,8.74,0.01,70,61171,买盘
11:03:58,8.74,0.0,31,27071,买盘
11:04:01,8.74,0.0,116,101383,买盘
11:04:04,8.73,-0.01,248,216522,卖盘
11:04:07,8.74,0.01,261,227910,买盘
11:04:10,8.73,-0.01,35,30583,卖盘
11:04:13,8.74,0.01,73,63802,买盘
11:04:16,8.74,0.0,15,13109,买盘
11:04:19,8.74,0.0,233,203592,买盘
11:04:22,8.74,0.0,43,37581,买盘
11:04:25,8.73,-0.01,81,70779,卖盘
11:04:28,8.73,0.0,117,102232,卖盘
11:04:31,8.73,0.0,183,159896,卖盘
11:04:34,8.73,0.0,101,88193,卖盘
11:04:37,8.74,0.01,180,157319,买盘
11:04:40,8.74,0.0,132,115368,买盘
11:04:43,8.73,-0.01,69,60304,卖盘
11:04:46,8.73,0.0,98,85571,卖盘
11:04:49,8.74,0.01,223,194683,买盘
11:04:52,8.73,-0.01,79,68968,卖盘
11:04:55,8.73,0.0,27,23579,卖盘
11:04:58,8.74,0.01,29,25326,买盘
11:05:01,8.74,0.0,43,37564,买盘
11:05:04,8.73,-0.01,24,20962,卖盘
11:05:07,8.74,0.01,276,241050,买盘
11:05:10,8.73,-0.01,249,217384,卖盘
11:05:13,8.73,0.0,372,324764,卖盘
11:05:16,8.73,0.0,171,149293,卖盘
11:05:19,8.74,0.01,277,241700,买盘
11:05:22,8.74,0.0,513,448325,买盘
11:05:25,8.73,-0.01,57,49743,中性盘
11:05:28,8.73,0.0,265,231345,买盘
11:05:31,8.73,0.0,12,10487,卖盘
11:05:34,8.74,0.01,67,58538,买盘
11:05:37,8.74,0.0,100,87370,买盘
11:05:40,8.73,-0.01,13,11357,卖盘
11:05:43,8.73,0.0,30,26219,卖盘
11:05:46,8.73,0.0,367,320417,卖盘
11:05:49,8.73,0.0,21,18338,卖盘
11:05:52,8.73,0.0,150,130954,卖盘
11:05:55,8.74,0.01,345,301703,买盘
11:05:58,8.74,0.0,124,108376,卖盘
11:06:01,8.75,0.01,90,78662,买盘
11:06:04,8.74,-0.01,108,94410,卖盘
11:06:07,8.74,0.0,22,19228,卖盘
11:06:10,8.74,0.0,38,33222,卖盘
11:06:13,8.74,0.0,226,197729,卖盘
11:06:16,8.74,0.0,13,11365,卖盘
11:06:19,8.75,0.01,15,13114,买盘
11:06:22,8.75,0.0,156,136477,买盘
11:06:25,8.74,-0.01,82,71694,卖盘
11:06:28,8.74,0.0,305,266613,卖盘
11:06:31,8.75,0.01,196,171443,买盘
11:06:34,8.74,-0.01,141,123256,卖盘
11:06:37,8.74,0.0,84,73249,卖盘
11:06:40,8.74,0.0,65,56985,买盘
11:06:43,8.74,0.0,12,10491,卖盘
11:06:46,8.74,0.0,215,187853,卖盘
11:06:49,8.74,0.0,40,34959,买盘
11:06:52,8.74,0.0,122,106802,买盘
11:06:55,8.74,0.0,27,23609,卖盘
11:06:58,8.74,0.0,3,2622,卖盘
11:07:01,8.74,0.0,52,45479,卖盘
11:07:04,8.74,0.0,22,19228,卖盘
11:07:07,8.74,0.0,129,112857,卖盘
11:07:10,8.74,0.0,42,36717,卖盘
11:07:13,8.74,0.0,250,218326,卖盘
11:07:16,8.73,-0.01,74,64659,卖盘
11:07:19,8.74,0.01,5,4370,买盘
11:07:22,8.74,0.0,43,37572,买盘
11:07:25,8.74,0.0,32,27943,买盘
11:07:28,8.73,-0.01,22,19226,卖盘
11:07:31,8.74,0.01,24,20955,买盘
11:07:34,8.74,0.0,38,33208,买盘
11:07:37,8.74,0.0,143,124877,买盘
11:07:40,8.73,-0.01,15,13099,卖盘
11:07:43,8.72,-0.01,85,74204,卖盘
11:07:46,8.73,0.01,264,230472,买盘
11:07:49,8.73,0.0,66,57618,卖盘
11:07:52,8.73,0.0,84,73335,卖盘
11:07:55,8.73,0.0,48,41904,卖盘
11:07:58,8.73,0.0,53,46284,买盘
11:08:01,8.73,0.0,21,18333,买盘
11:08:04,8.72,-0.01,116,101167,卖盘
11:08:07,8.73,0.01,56,48887,买盘
11:08:10,8.72,-0.01,655,570774,卖盘
11:08:13,8.72,0.0,78,68016,买盘
11:08:16,8.71,-0.01,4,3487,卖盘
11:08:19,8.72,0.01,91,79345,买盘
11:08:22,8.71,-0.01,45,39195,卖盘
11:08:25,8.71,0.0,3,2613,卖盘
11:08:28,8.72,0.01,21,18311,买盘
11:08:31,8.71,-0.01,84,73191,卖盘
11:08:34,8.72,0.01,470,409864,买盘
11:08:37,8.72,0.0,102,88883,卖盘
11:08:40,8.71,-0.01,153,133279,卖盘
11:08:43,8.72,0.01,55,47960,买盘
11:08:46,8.71,-0.01,440,383096,卖盘
11:08:49,8.72,0.01,33,28773,买盘
11:08:52,8.71,-0.01,28,24391,卖盘
11:08:55,8.71,0.0,102,88842,卖盘
11:08:58,8.71,0.0,10,8710,卖盘
11:09:01,8.71,0.0,346,301574,卖盘
11:09:04,8.71,0.0,52,45297,卖盘
11:09:07,8.71,0.0,12,10452,买盘
11:09:10,8.71,0.0,153,133147,买盘
11:09:13,8.71,0.0,114,99277,买盘
11:09:16,8.71,0.0,1,871,卖盘
11:09:19,8.71,0.0,151,131642,卖盘
11:09:22,8.72,0.01,21,18311,买盘
11:09:25,8.71,-0.01,61,53162,卖盘
11:09:28,8.71,0.0,12,10453,卖盘
11:09:31,8.72,0.01,41,35722,买盘
11:09:34,8.72,0.0,3,2615,买盘
11:09:37,8.71,-0.01,202,176051,卖盘
11:09:40,8.72,0.01,15,13080,买盘
11:09:43,8.72,0.0,699,609527,买盘
11:09:46,8.72,0.0,288,251135,买盘
11:09:49,8.71,-0.01,19,16562,卖盘
11:09:52,8.71,0.0,70,61029,卖盘
11:09:55,8.72,0.01,30,26160,买盘
11:09:58,8.72,0.0,79,68887,买盘
11:10:01,8.72,0.0,131,114121,买盘
11:10:04,8.71,-0.01,78,68005,卖盘
11:10:07,8.72,0.01,59,51448,买盘
11:10:10,8.71,-0.01,22,19183,卖盘
11:10:13,8.72,0.01,174,151726,买盘
11:10:16,8.72,0.0,134,116848,卖盘
11:10:19,8.72,0.0,14,12208,卖盘
11:10:22,8.72,0.0,65,56680,卖盘
11:10:25,8.73,0.01,100,87300,买盘
11:10:31,8.73,0.0,7,6111,买盘
11:10:34,8.73,0.0,36,31428,买盘
11:10:37,8.73,0.0,6,5238,买盘
11:10:40,8.73,0.0,389,339397,买盘
11:10:43,8.73,0.0,51,44503,买盘
11:10:46,8.73,0.0,96,83806,买盘
11:10:49,8.73,0.0,42,36666,买盘
11:10:52,8.73,0.0,131,114361,买盘
11:10:55,8.73,0.0,23,20079,买盘
11:10:58,8.73,0.0,120,104760,买盘
11:11:01,8.73,0.0,109,95147,买盘
11:11:04,8.73,0.0,96,83798,买盘
11:11:07,8.74,0.01,25,21841,买盘
11:11:10,8.73,-0.01,34,29683,卖盘
11:11:13,8.74,0.01,21,18348,买盘
11:11:16,8.74,0.0,102,89142,买盘
11:11:19,8.74,0.0,123,107425,买盘
11:11:22,8.73,-0.01,121,105739,卖盘
11:11:25,8.72,-0.01,454,396341,卖盘
11:11:28,8.73,0.01,229,199842,买盘
11:11:31,8.72,-0.01,199,173535,卖盘
11:11:34,8.73,0.01,35,30549,买盘
11:11:37,8.73,0.0,23,20059,买盘
11:11:40,8.73,0.0,138,120470,买盘
11:11:43,8.73,0.0,52,45395,买盘
11:11:46,8.73,0.0,138,120422,买盘
11:11:49,8.73,0.0,22,19195,买盘
11:11:52,8.73,0.0,16,13959,买盘
11:11:55,8.73,0.0,38,33172,买盘
11:11:58,8.73,0.0,6,5237,买盘
11:12:01,8.73,0.0,42,36626,买盘
11:12:04,8.72,-0.01,703,613016,卖盘
11:12:07,8.72,0.0,88,76735,买盘
11:12:10,8.71,-0.01,80,69759,卖盘
11:12:13,8.71,0.0,127,110626,卖盘
11:12:16,8.71,0.0,21,18291,卖盘
11:12:19,8.72,0.01,22,19184,买盘
11:12:22,8.71,-0.01,24,20904,卖盘
11:12:25,8.71,0.0,346,301711,卖盘
11:12:28,8.72,0.01,14,12198,买盘
11:12:31,8.71,-0.01,61,53138,卖盘
11:12:34,8.71,0.0,44,38367,卖盘
11:12:37,8.72,0.01,511,445591,买盘
11:12:40,8.71,-0.01,36,31374,卖盘
11:12:43,8.71,0.0,466,406105,卖盘
11:12:46,8.73,0.02,7,6108,买盘
11:12:52,8.71,-0.02,150,130749,卖盘
11:12:55,8.72,0.01,200,174503,中性盘
11:12:58,8.71,-0.01,10,8715,卖盘
11:13:01,8.72,0.01,57,49708,买盘
11:13:04,8.72,0.0,11,9592,卖盘
11:13:07,8.72,0.0,10,8720,卖盘
11:13:10,8.72,0.0,32,27904,卖盘
11:13:13,8.72,0.0,3,2616,卖盘
11:13:16,8.73,0.01,80,69839,买盘
11:13:19,8.73,0.0,168,146601,买盘
11:13:22,8.73,0.0,19,16574,买盘
11:13:25,8.72,-0.01,46,40126,卖盘
11:13:28,8.72,0.0,100,87200,卖盘
11:13:31,8.72,0.0,126,109922,卖盘
11:13:34,8.72,0.0,20,17440,卖盘
11:13:37,8.71,-0.01,106,92430,卖盘
11:13:40,8.72,0.01,31,27054,中性盘
11:13:43,8.72,0.0,134,116848,买盘
11:13:46,8.72,0.0,154,134369,卖盘
11:13:49,8.72,0.0,16,13952,卖盘
11:13:52,8.72,0.0,33,28778,卖盘
11:13:55,8.72,0.0,6,5232,卖盘
11:13:58,8.72,0.0,41,35762,卖盘
11:14:01,8.72,0.0,58,50596,卖盘
11:14:04,8.72,0.0,59,51497,卖盘
11:14:07,8.72,0.0,35,30539,卖盘
11:14:10,8.72,0.0,113,98581,卖盘
11:14:13,8.72,0.0,33,28776,卖盘
11:14:16,8.72,0.0,111,96804,卖盘
11:14:19,8.72,0.0,313,272924,卖盘
11:14:22,8.72,0.0,17,14818,买盘
11:14:25,8.72,0.0,3,2615,买盘
11:14:28,8.72,0.0,69,60168,买盘
11:14:31,8.71,-0.01,162,141154,卖盘
11:14:34,8.72,0.01,144,125481,买盘
11:14:37,8.72,0.0,276,240672,买盘
11:14:40,8.71,-0.01,17,14820,卖盘
11:14:43,8.72,0.01,11,9592,买盘
11:14:46,8.71,-0.01,12,10455,卖盘
11:14:49,8.72,0.01,19,16560,买盘
11:14:52,8.71,-0.01,65,56622,卖盘
11:14:55,8.72,0.01,71,61902,买盘
11:14:58,8.72,0.0,40,34860,买盘
11:15:01,8.72,0.0,116,101054,买盘
11:15:04,8.72,0.0,21,18299,买盘
11:15:07,8.71,-0.01,42,36615,卖盘
11:15:10,8.71,0.0,604,526085,卖盘
11:15:13,8.71,0.0,314,273495,卖盘
11:15:16,8.71,0.0,129,112471,卖盘
11:15:19,8.71,0.0,56,48786,卖盘
11:15:22,8.71,0.0,169,147199,卖盘
11:15:25,8.71,0.0,16,13936,买盘
11:15:28,8.71,0.0,145,126280,买盘
11:15:31,8.71,0.0,31,26988,卖盘
11:15:34,8.71,0.0,92,80054,买盘
11:15:37,8.71,0.0,10,8710,卖盘
11:15:40,8.72,0.01,16,13950,买盘
11:15:43,8.71,-0.01,14,12207,卖盘
11:15:46,8.72,0.01,49,42727,买盘
11:15:49,8.72,0.0,3,2616,买盘
11:15:52,8.71,-0.01,314,273545,卖盘
11:15:55,8.71,0.0,39,33969,卖盘
11:15:58,8.71,0.0,28,24388,买盘
11:16:01,8.71,0.0,40,34839,买盘
11:16:04,8.7,-0.01,486,422841,卖盘
11:16:07,8.71,0.01,73,63525,买盘
11:16:10,8.7,-0.01,42,36552,卖盘
11:16:16,8.7,0.0,14,12191,卖盘
11:16:19,8.7,0.0,1048,911760,卖盘
11:16:22,8.7,0.0,104,90479,买盘
11:16:25,8.69,-0.01,4,3477,卖盘
11:16:28,8.7,0.01,47,40890,买盘
11:16:31,8.69,-0.01,144,125262,卖盘
11:16:34,8.7,0.01,27,23484,买盘
11:16:37,8.7,0.0,159,138328,卖盘
11:16:40,8.7,0.0,32,27829,卖盘
11:16:43,8.69,-0.01,45,39119,卖盘
11:16:46,8.7,0.01,26,22620,买盘
11:16:49,8.69,-0.01,40,34776,卖盘
11:16:52,8.69,0.0,32,27818,卖盘
11:16:55,8.7,0.01,25,21750,买盘
11:16:58,8.7,0.0,40,34800,买盘
11:17:04,8.7,0.0,72,62625,买盘
11:17:07,8.7,0.0,159,138296,买盘
11:17:10,8.69,-0.01,139,120809,卖盘
11:17:13,8.69,0.0,63,54754,卖盘
11:17:16,8.69,0.0,92,79948,卖盘
11:17:19,8.7,0.01,2,1740,买盘
11:17:22,8.69,-0.01,151,131307,卖盘
11:17:25,8.69,0.0,4,3476,卖盘
11:17:28,8.7,0.01,12,10430,买盘
11:17:31,8.7,0.0,33,28691,买盘
11:17:34,8.7,0.0,27,23489,买盘
11:17:37,8.69,-0.01,3,2607,卖盘
11:17:40,8.7,0.01,219,190320,买盘
11:17:43,8.69,-0.01,46,39976,卖盘
11:17:46,8.69,0.0,22,19119,卖盘
11:17:49,8.7,0.01,47,40854,买盘
11:17:52,8.69,-0.01,139,120791,卖盘
11:17:55,8.69,0.0,44,38222,买盘
11:17:58,8.69,0.0,31,26924,买盘
11:18:01,8.68,-0.01,12,10416,卖盘
11:18:04,8.69,0.01,46,39974,买盘
11:18:07,8.68,-0.01,815,707457,卖盘
11:18:10,8.68,0.0,107,92875,买盘
11:18:13,8.67,-0.01,6,5202,卖盘
11:18:16,8.67,0.0,29,25144,卖盘
11:18:19,8.67,0.0,133,115325,卖盘
11:18:22,8.68,0.01,303,262752,买盘
11:18:25,8.67,-0.01,85,73697,卖盘
11:18:28,8.68,0.01,19,16483,买盘
11:18:31,8.67,-0.01,9,7803,卖盘
11:18:34,8.68,0.01,89,77193,买盘
11:18:37,8.67,-0.01,90,78045,卖盘
11:18:40,8.68,0.01,8,6940,买盘
11:18:43,8.67,-0.01,190,164747,卖盘
11:18:46,8.67,0.0,103,89387,买盘
11:18:49,8.67,0.0,23,19951,买盘
11:18:52,8.67,0.0,67,58089,买盘
11:18:55,8.66,-0.01,899,778537,卖盘
11:18:58,8.66,0.0,31,26846,买盘
11:19:01,8.65,-0.01,10,8655,卖盘
11:19:04,8.66,0.01,54,46762,买盘
11:19:07,8.66,0.0,86,74394,买盘
11:19:10,8.65,-0.01,175,151531,卖盘
11:19:13,8.66,0.01,75,64950,买盘
11:19:16,8.66,0.0,135,116910,买盘
11:19:19,8.66,0.0,102,88232,买盘
11:19:22,8.65,-0.01,96,83120,卖盘
11:19:25,8.66,0.01,94,81429,买盘
11:19:28,8.66,0.0,31,26846,卖盘
11:19:31,8.66,0.0,21,18187,卖盘
11:19:34,8.66,0.0,15,12990,卖盘
11:19:37,8.67,0.01,96,83222,买盘
11:19:40,8.67,0.0,3,2599,买盘
11:19:43,8.66,-0.01,2,1733,卖盘
11:19:46,8.67,0.01,93,80594,买盘
11:19:49,8.67,0.0,44,38124,买盘
11:19:52,8.66,-0.01,19,16457,卖盘
11:19:55,8.67,0.01,7,6066,买盘
11:19:58,8.67,0.0,6,5201,买盘
11:20:01,8.66,-0.01,19,16459,卖盘
11:20:04,8.67,0.01,279,241643,买盘
11:20:07,8.66,-0.01,71,61532,卖盘
11:20:10,8.66,0.0,81,70148,卖盘
11:20:13,8.67,0.01,46,39855,买盘
11:20:16,8.67,0.0,134,116150,买盘
11:20:19,8.66,-0.01,26,22519,卖盘
11:20:22,8.67,0.01,55,47675,买盘
11:20:25,8.67,0.0,113,97911,买盘
11:20:28,8.66,-0.01,147,127447,卖盘
11:20:31,8.66,0.0,14,12124,卖盘
11:20:34,8.67,0.01,50,43329,买盘
11:20:37,8.66,-0.01,218,188876,卖盘
11:20:40,8.66,0.0,25,21665,卖盘
11:20:43,8.66,0.0,211,182756,卖盘
11:20:46,8.67,0.01,210,182069,买盘
11:20:49,8.67,0.0,38,32941,买盘
11:20:52,8.67,0.0,108,93636,买盘
11:20:55,8.67,0.0,11,9537,买盘
11:20:58,8.67,0.0,63,54597,买盘
11:21:01,8.66,-0.01,14,12136,卖盘
11:21:04,8.67,0.01,49,42493,买盘
11:21:07,8.67,0.0,1,867,卖盘
11:21:10,8.67,0.0,116,100565,卖盘
11:21:13,8.66,-0.01,61,52867,卖盘
11:21:16,8.66,0.0,73,63228,卖盘
11:21:22,8.67,0.01,110,95271,买盘
11:21:28,8.67,0.0,65,56356,买盘
11:21:31,8.67,0.0,3,2601,卖盘
11:21:34,8.67,0.0,307,266221,卖盘
11:21:37,8.67,0.0,133,115311,买盘
11:21:40,8.66,-0.01,90,78001,卖盘
11:21:43,8.66,0.0,111,96236,卖盘
11:21:46,8.66,0.0,1,866,卖盘
11:21:49,8.66,0.0,114,98805,卖盘
11:21:52,8.66,0.0,30,25980,卖盘
11:21:55,8.67,0.01,38,32946,买盘
11:21:58,8.67,0.0,141,122190,买盘
11:22:01,8.66,-0.01,18,15605,卖盘
11:22:04,8.67,0.01,44,38138,买盘
11:22:07,8.67,0.0,71,61557,买盘
11:22:10,8.66,-0.01,103,89300,卖盘
11:22:13,8.66,0.0,127,110098,卖盘
11:22:16,8.67,0.01,2,1734,买盘
11:22:19,8.67,0.0,38,32917,买盘
11:22:22,8.66,-0.01,316,273685,卖盘
11:22:25,8.66,0.0,209,181014,卖盘
11:22:28,8.66,0.0,358,310280,卖盘
11:22:31,8.67,0.01,58,50313,买盘
11:22:34,8.67,0.0,69,59797,卖盘
11:22:37,8.66,-0.01,54,46815,卖盘
11:22:40,8.66,0.0,20,17320,卖盘
11:22:43,8.65,-0.01,813,704057,卖盘
11:22:46,8.66,0.01,22,19052,买盘
11:22:52,8.66,0.0,61,52824,买盘
11:22:55,8.66,0.0,280,242418,买盘
11:22:58,8.65,-0.01,88,76158,卖盘
11:23:01,8.65,0.0,51,44154,卖盘
11:23:04,8.65,0.0,26,22490,卖盘
11:23:07,8.65,0.0,780,674749,卖盘
11:23:10,8.65,0.0,79,68405,卖盘
11:23:13,8.66,0.01,183,158378,买盘
11:23:16,8.66,0.0,75,64950,卖盘
11:23:19,8.66,0.0,27,23382,卖盘
11:23:22,8.66,0.0,310,268460,卖盘
11:23:25,8.66,0.0,28,24237,买盘
11:23:28,8.66,0.0,31,26844,买盘
11:23:31,8.65,-0.01,88,76173,卖盘
11:23:34,8.65,0.0,1910,1652236,卖盘
11:23:37,8.64,-0.01,260,224647,卖盘
11:23:40,8.64,0.0,41,35401,买盘
11:23:43,8.65,0.01,91,78669,买盘
11:23:46,8.64,-0.01,117,101087,中性盘
11:23:49,8.63,-0.01,85,73421,卖盘
11:23:52,8.64,0.01,61,52685,买盘
11:23:55,8.65,0.01,173,149607,买盘
11:23:58,8.64,-0.01,58,50099,中性盘
11:24:01,8.64,0.0,16,13824,买盘
11:24:04,8.64,0.0,319,275303,买盘
11:24:07,8.64,0.0,103,88967,买盘
11:24:10,8.62,-0.02,441,380488,卖盘
11:24:13,8.64,0.02,59,50948,买盘
11:24:16,8.62,-0.02,26,22436,卖盘
11:24:19,8.63,0.01,4,3452,中性盘
11:24:22,8.64,0.01,24,20714,买盘
11:24:25,8.61,-0.03,788,678673,卖盘
11:24:28,8.62,0.01,38,32755,卖盘
11:24:31,8.62,0.0,25,21549,买盘
11:24:34,8.62,0.0,34,29308,买盘
11:24:37,8.62,0.0,97,83608,卖盘
11:24:40,8.61,-0.01,5,4305,卖盘
11:24:43,8.61,0.0,181,155913,卖盘
11:24:46,8.62,0.01,160,137770,买盘
11:24:49,8.61,-0.01,28,24111,卖盘
11:24:52,8.62,0.01,23,19806,买盘
11:24:55,8.61,-0.01,422,363350,卖盘
11:24:58,8.61,0.0,36,30999,买盘
11:25:01,8.61,0.0,1341,1153336,卖盘
11:25:04,8.61,0.0,135,116156,卖盘
11:25:07,8.61,0.0,48,41358,卖盘
11:25:10,8.61,0.0,24,20665,卖盘
11:25:13,8.61,0.0,22,18954,卖盘
11:25:16,8.61,0.0,134,115446,卖盘
11:25:19,8.62,0.01,46,39611,买盘
11:25:22,8.61,-0.01,72,61992,卖盘
11:25:25,8.61,0.0,72,61992,买盘
11:25:28,8.61,0.0,100,86113,卖盘
11:25:31,8.61,0.0,128,110237,卖盘
11:25:34,8.62,0.01,22,18943,买盘
11:25:37,8.62,0.0,138,118926,买盘
11:25:40,8.61,-0.01,166,143029,卖盘
11:25:43,8.62,0.01,135,116355,买盘
11:25:46,8.62,0.0,22,18963,买盘
11:25:49,8.61,-0.01,68,58573,卖盘
11:25:52,8.61,0.0,18,15512,卖盘
11:25:55,8.62,0.01,4,3446,买盘
11:25:58,8.62,0.0,19,16378,买盘
11:26:01,8.62,0.0,280,241343,买盘
11:26:04,8.62,0.0,51,43962,买盘
11:26:10,8.62,0.0,47,40520,卖盘
11:26:13,8.62,0.0,38,32756,卖盘
11:26:16,8.62,0.0,12,10344,卖盘
11:26:19,8.63,0.01,50,43118,买盘
11:26:22,8.63,0.0,43,37086,买盘
11:26:25,8.62,-0.01,156,134621,卖盘
11:26:28,8.63,0.01,19,16396,买盘
11:26:31,8.63,0.0,68,58617,买盘
11:26:34,8.62,-0.01,71,61262,卖盘
11:26:37,8.63,0.01,45,38820,买盘
11:26:40,8.63,0.0,48,41422,买盘
11:26:43,8.63,0.0,80,69010,买盘
11:26:46,8.62,-0.01,440,379365,卖盘
11:26:49,8.63,0.01,62,53476,买盘
11:26:52,8.62,-0.01,13,11218,卖盘
11:26:55,8.62,0.0,118,101828,卖盘
11:26:58,8.62,0.0,62,53504,卖盘
11:27:04,8.63,0.01,654,563779,买盘
11:27:07,8.62,-0.01,400,345128,卖盘
11:27:10,8.63,0.01,357,307914,买盘
11:27:13,8.62,-0.01,50,43115,卖盘
11:27:16,8.64,0.02,49,42322,买盘
11:27:19,8.63,-0.01,2,1727,卖盘
11:27:22,8.64,0.01,25,21586,买盘
11:27:25,8.63,-0.01,59,50934,卖盘
11:27:28,8.63,0.0,37,31936,卖盘
11:27:31,8.63,0.0,314,270982,卖盘
11:27:34,8.63,0.0,120,103560,买盘
11:27:37,8.63,0.0,42,36246,买盘
11:27:40,8.63,0.0,61,52643,买盘
11:27:46,8.63,0.0,330,284747,买盘
11:27:52,8.64,0.01,906,782187,买盘
11:27:55,8.64,0.0,157,135637,买盘
11:27:58,8.63,-0.01,63,54379,卖盘
11:28:01,8.64,0.01,16,13823,买盘
11:28:04,8.64,0.0,19,16416,买盘
11:28:07,8.65,0.01,36,31119,买盘
11:28:10,8.64,-0.01,18,15552,卖盘
11:28:13,8.65,0.01,65,56225,买盘
11:28:16,8.64,-0.01,7,6051,卖盘
11:28:19,8.65,0.01,227,196265,买盘
11:28:22,8.64,-0.01,50,43225,卖盘
11:28:25,8.64,0.0,51,44101,卖盘
11:28:28,8.64,0.0,11,9504,卖盘
11:28:31,8.64,0.0,84,72645,卖盘
11:28:34,8.65,0.01,217,187704,买盘
11:28:37,8.65,0.0,108,93420,买盘
11:28:40,8.65,0.0,158,136670,买盘
11:28:43,8.64,-0.01,74,64009,卖盘
11:28:46,8.65,0.01,8,6918,买盘
11:28:49,8.64,-0.01,96,83004,卖盘
11:28:52,8.65,0.01,9,7777,买盘
11:28:55,8.65,0.0,82,70930,买盘
11:28:58,8.65,0.0,96,83038,买盘
11:29:01,8.65,0.0,81,70056,买盘
11:29:07,8.66,0.01,37,32039,买盘
11:29:10,8.66,0.0,251,217339,买盘
11:29:13,8.66,0.0,20,17320,卖盘
11:29:16,8.66,0.0,132,114392,卖盘
11:29:19,8.66,0.0,81,70146,卖盘
11:29:22,8.67,0.01,84,72828,买盘
11:29:28,8.68,0.01,141,122361,买盘
11:29:31,8.67,-0.01,106,91994,卖盘
11:29:34,8.68,0.01,240,208263,买盘
11:29:37,8.67,-0.01,130,112831,卖盘
11:29:40,8.67,0.0,253,219376,卖盘
11:29:43,8.68,0.01,187,162282,买盘
11:29:46,8.7,0.02,1718,1494197,买盘
11:29:49,8.71,0.01,338,294069,买盘
11:29:52,8.7,-0.01,991,862196,卖盘
11:29:55,8.7,0.0,439,381930,买盘
11:29:58,8.71,0.01,101,87884,买盘
11:30:01,8.71,0.0,176,153229,买盘
13:00:01,8.73,0.02,824,718428,买盘
13:00:04,8.72,-0.01,2920,2547773,卖盘
13:00:07,8.72,0.0,4202,3665783,卖盘
13:00:10,8.74,0.02,2396,2088462,买盘
13:00:13,8.71,-0.03,307,267919,卖盘
13:00:16,8.72,0.01,379,330818,中性盘
13:00:19,8.72,0.0,906,789439,买盘
13:00:22,8.72,0.0,155,135056,买盘
13:00:25,8.73,0.01,231,201391,买盘
13:00:28,8.72,-0.01,494,431446,卖盘
13:00:31,8.73,0.01,73,63663,买盘
13:00:34,8.73,0.0,210,183384,买盘
13:00:37,8.74,0.01,206,179950,买盘
13:00:40,8.74,0.0,120,104745,买盘
13:00:43,8.74,0.0,349,304982,买盘
13:00:46,8.74,0.0,463,404439,买盘
13:00:49,8.72,-0.02,488,425728,卖盘
13:00:52,8.72,0.0,307,267721,买盘
13:00:55,8.72,0.0,136,118618,卖盘
13:00:58,8.72,0.0,224,195363,卖盘
13:01:01,8.73,0.01,235,204938,买盘
13:01:04,8.73,0.0,158,137774,买盘
13:01:07,8.72,-0.01,126,109922,卖盘
13:01:10,8.72,0.0,88,76754,卖盘
13:01:13,8.73,0.01,208,181429,买盘
13:01:16,8.71,-0.02,52,45341,卖盘
13:01:19,8.71,0.0,156,135972,卖盘
13:01:22,8.71,0.0,248,216139,卖盘
13:01:25,8.71,0.0,2244,1954643,卖盘
13:01:28,8.71,0.0,1016,885152,卖盘
13:01:31,8.7,-0.01,1143,995754,卖盘
13:01:34,8.7,0.0,451,392404,卖盘
13:01:37,8.69,-0.01,563,489788,卖盘
13:01:40,8.69,0.0,267,232218,卖盘
13:01:43,8.69,0.0,56,48662,卖盘
13:01:46,8.68,-0.01,85,73836,卖盘
13:01:49,8.68,0.0,126,109390,卖盘
13:01:52,8.67,-0.01,454,394210,卖盘
13:01:55,8.68,0.01,23,19963,买盘
13:01:58,8.69,0.01,90,78160,买盘
13:02:01,8.67,-0.02,274,237660,卖盘
13:02:04,8.68,0.01,128,111031,买盘
13:02:07,8.68,0.0,173,150219,卖盘
13:02:10,8.68,0.0,87,75516,卖盘
13:02:13,8.67,-0.01,35,30378,卖盘
13:02:16,8.68,0.01,238,206585,买盘
13:02:19,8.69,0.01,279,242158,买盘
13:02:22,8.67,-0.02,55,47769,卖盘
13:02:25,8.67,0.0,36,31225,卖盘
13:02:28,8.68,0.01,5,4340,卖盘
13:02:31,8.68,0.0,25,21698,买盘
13:02:34,8.67,-0.01,23,19943,卖盘
13:02:37,8.68,0.01,63,54656,买盘
13:02:40,8.67,-0.01,60,52042,卖盘
13:02:43,8.68,0.01,60,52072,买盘
13:02:46,8.67,-0.01,32,27763,卖盘
13:02:49,8.67,0.0,88,76319,卖盘
13:02:52,8.68,0.01,199,172578,买盘
13:02:55,8.67,-0.01,179,155223,卖盘
13:02:58,8.66,-0.01,88,76267,卖盘
13:03:01,8.66,0.0,123,106560,卖盘
13:03:04,8.66,0.0,151,130775,卖盘
13:03:07,8.66,0.0,78,67558,卖盘
13:03:10,8.67,0.01,202,175068,买盘
13:03:13,8.67,0.0,26,22530,买盘
13:03:16,8.66,-0.01,102,88405,卖盘
13:03:19,8.66,0.0,39,33811,卖盘
13:03:22,8.66,0.0,11,9535,卖盘
13:03:25,8.66,0.0,17,14729,卖盘
13:03:28,8.66,0.0,41,35506,卖盘
13:03:31,8.67,0.01,15,13001,买盘
13:03:34,8.66,-0.01,491,425457,卖盘
13:03:37,8.66,0.0,15,12993,卖盘
13:03:40,8.66,0.0,82,71040,卖盘
13:03:43,8.67,0.01,5,4331,买盘
13:03:46,8.66,-0.01,117,101433,卖盘
13:03:49,8.66,0.0,13,11259,卖盘
13:03:55,8.67,0.01,136,117911,买盘
13:04:01,8.67,0.0,50,43350,卖盘
13:04:04,8.67,0.0,156,135252,卖盘
13:04:07,8.68,0.01,131,113700,买盘
13:04:10,8.68,0.0,5,4339,买盘
13:04:13,8.68,0.0,100,86736,买盘
13:04:16,8.68,0.0,43,37308,买盘
13:04:19,8.67,-0.01,307,266307,卖盘
13:04:22,8.67,0.0,279,241962,卖盘
13:04:25,8.67,0.0,413,358108,卖盘
13:04:28,8.67,0.0,77,66726,中性盘
13:04:31,8.67,0.0,7,6068,买盘
13:04:34,8.66,-0.01,67,58058,卖盘
13:04:37,8.67,0.01,30,26009,买盘
13:04:40,8.67,0.0,1,867,买盘
13:04:43,8.67,0.0,46,39880,买盘
13:04:46,8.67,0.0,27,23408,买盘
13:04:49,8.68,0.01,124,107626,买盘
13:04:52,8.67,-0.01,22,19088,卖盘
13:04:55,8.67,0.0,72,62478,卖盘
13:04:58,8.67,0.0,436,378015,卖盘
13:05:01,8.68,0.01,166,143926,买盘
13:05:04,8.67,-0.01,162,140403,卖盘
13:05:07,8.67,0.0,191,165742,买盘
13:05:10,8.67,0.0,254,220218,卖盘
13:05:13,8.68,0.01,31,26877,买盘
13:05:16,8.67,-0.01,17,14739,卖盘
13:05:19,8.68,0.01,249,216020,买盘
13:05:22,8.67,-0.01,343,297683,卖盘
13:05:25,8.67,0.0,49,42483,卖盘
13:05:28,8.67,0.0,325,281826,卖盘
13:05:31,8.68,0.01,125,108478,买盘
13:05:34,8.68,0.0,15,13020,卖盘
13:05:37,8.69,0.01,38,32987,买盘
13:05:40,8.69,0.0,188,163201,买盘
13:05:43,8.69,0.0,33,28647,买盘
13:05:46,8.69,0.0,408,354000,买盘
13:05:49,8.67,-0.02,182,158094,卖盘
13:05:52,8.69,0.02,161,139818,买盘
13:05:55,8.68,-0.01,154,133638,买盘
13:05:58,8.68,0.0,55,47735,买盘
13:06:01,8.68,0.0,75,65110,卖盘
13:06:04,8.68,0.0,131,113719,卖盘
13:06:07,8.69,0.01,58,50378,买盘
13:06:10,8.68,-0.01,16,13897,卖盘
13:06:13,8.68,0.0,62,53844,卖盘
13:06:16,8.67,-0.01,561,486910,卖盘
13:06:19,8.67,0.0,32,27746,卖盘
13:06:22,8.67,0.0,77,66834,卖盘
13:06:25,8.67,0.0,4,3468,卖盘
13:06:28,8.68,0.01,148,128454,买盘
13:06:31,8.67,-0.01,155,134439,卖盘
13:06:34,8.67,0.0,10,8670,卖盘
13:06:37,8.68,0.01,350,303457,买盘
13:06:40,8.68,0.0,72,62490,买盘
13:06:43,8.68,0.0,27,23425,买盘
13:06:46,8.68,0.0,6,5203,买盘
13:06:49,8.68,0.0,83,72035,买盘
13:06:52,8.67,-0.01,93,80677,卖盘
13:06:55,8.67,0.0,38,32950,卖盘
13:06:58,8.68,0.01,6,5208,买盘
13:07:04,8.67,-0.01,31,26903,卖盘
13:07:07,8.68,0.01,270,234099,买盘
13:07:10,8.68,0.0,12,10415,买盘
13:07:13,8.68,0.0,1,868,买盘
13:07:16,8.68,0.0,80,69440,买盘
13:07:19,8.68,0.0,68,59018,买盘
13:07:22,8.68,0.0,12,10415,买盘
13:07:25,8.67,-0.01,254,220227,卖盘
13:07:28,8.67,0.0,76,65893,卖盘
13:07:31,8.67,0.0,562,487271,卖盘
13:07:34,8.67,0.0,50,43313,买盘
13:07:37,8.67,0.0,118,102299,买盘
13:07:40,8.67,0.0,431,373677,买盘
13:07:43,8.67,0.0,70,60739,卖盘
13:07:46,8.67,0.0,10,8670,卖盘
13:07:49,8.67,0.0,6,5202,卖盘
13:07:52,8.67,0.0,43,37304,卖盘
13:07:55,8.67,0.0,2,1734,卖盘
13:07:58,8.68,0.01,235,203780,买盘
13:08:01,8.68,0.0,474,411432,买盘
13:08:04,8.68,0.0,18,15624,卖盘
13:08:10,8.68,0.0,1267,1099756,卖盘
13:08:13,8.69,0.01,561,486949,买盘
13:08:16,8.69,0.0,66,57302,买盘
13:08:19,8.68,-0.01,270,234444,卖盘
13:08:22,8.68,0.0,26,22564,买盘
13:08:25,8.67,-0.01,24,20811,卖盘
13:08:28,8.68,0.01,319,276827,买盘
13:08:31,8.7,0.02,3308,2875899,买盘
13:08:34,8.7,0.0,73,63568,卖盘
13:08:37,8.71,0.01,77,67047,买盘
13:08:40,8.71,0.0,87,75774,买盘
13:08:43,8.71,0.0,330,287430,买盘
13:08:46,8.72,0.01,47,40938,买盘
13:08:49,8.71,-0.01,287,250092,卖盘
13:08:52,8.7,-0.01,101,87963,卖盘
13:08:55,8.71,0.01,88,76620,买盘
13:08:58,8.7,-0.01,155,135034,卖盘
13:09:01,8.71,0.01,1637,1426991,买盘
13:09:04,8.72,0.01,132,114998,买盘
13:09:07,8.71,-0.01,127,110612,卖盘
13:09:10,8.72,0.01,91,79262,买盘
13:09:13,8.72,0.0,43,37489,买盘
13:09:16,8.73,0.01,466,406355,买盘
13:09:19,8.73,0.0,630,549206,买盘
13:09:22,8.73,0.0,293,255789,买盘
13:09:25,8.73,0.0,193,168469,买盘
13:09:28,8.73,0.0,74,64562,买盘
13:09:31,8.73,0.0,141,123092,买盘
13:09:34,8.73,0.0,124,108252,卖盘
13:09:37,8.73,0.0,117,102146,买盘
13:09:40,8.73,0.0,233,203409,买盘
13:09:43,8.73,0.0,64,55872,买盘
13:09:46,8.73,0.0,193,168416,买盘
13:09:49,8.73,0.0,79,68964,买盘
13:09:52,8.73,0.0,551,480917,买盘
13:09:55,8.73,0.0,332,289786,买盘
13:09:58,8.72,-0.01,77,66922,卖盘
13:10:01,8.73,0.01,81,70702,中性盘
13:10:04,8.72,-0.01,1327,1158802,卖盘
13:10:07,8.72,0.0,74,64528,买盘
13:10:10,8.72,0.0,88,76736,买盘
13:10:13,8.72,0.0,61,52896,买盘
13:10:16,8.73,0.01,5,4365,买盘
13:10:19,8.73,0.0,402,350810,买盘
13:10:22,8.73,0.0,31,27052,买盘
13:10:25,8.73,0.0,10,8730,买盘
13:10:28,8.73,0.0,134,116879,买盘
13:10:31,8.73,0.0,194,169233,买盘
13:10:34,8.72,-0.01,124,108478,卖盘
13:10:40,8.72,0.0,60,52336,买盘
13:10:43,8.72,0.0,317,276412,卖盘
13:10:46,8.72,0.0,53,46216,买盘
13:10:49,8.72,0.0,35,30509,买盘
13:10:52,8.73,0.01,134,116853,买盘
13:10:55,8.71,-0.02,843,735175,卖盘
13:10:58,8.72,0.01,120,104544,买盘
13:11:01,8.73,0.01,82,71509,买盘
13:11:04,8.72,-0.01,125,109000,卖盘
13:11:07,8.72,0.0,5,4360,买盘
13:11:10,8.73,0.01,192,167605,买盘
13:11:13,8.72,-0.01,33,28776,卖盘
13:11:16,8.71,-0.01,49,42697,卖盘
13:11:19,8.71,0.0,357,310947,卖盘
13:11:22,8.71,0.0,158,137623,卖盘
13:11:25,8.71,0.0,33,28743,卖盘
13:11:28,8.71,0.0,9,7833,买盘
13:11:31,8.71,0.0,136,118453,买盘
13:11:34,8.71,0.0,46,40066,卖盘
13:11:37,8.71,0.0,2,1742,卖盘
13:11:40,8.71,0.0,167,145357,卖盘
13:11:43,8.71,0.0,57,49638,买盘
13:11:46,8.71,0.0,251,218380,买盘
13:11:49,8.71,0.0,288,250789,买盘
13:11:52,8.7,-0.01,23,20013,买盘
13:11:55,8.7,0.0,1,870,买盘
13:11:58,8.71,0.01,167,145305,买盘
13:12:01,8.7,-0.01,161,140070,卖盘
13:12:04,8.69,-0.01,48,41712,卖盘
13:12:10,8.69,0.0,7,6089,卖盘
13:12:13,8.69,0.0,3,2607,卖盘
13:12:16,8.7,0.01,67,58224,买盘
13:12:19,8.7,0.0,48,41748,买盘
13:12:22,8.69,-0.01,20,17391,卖盘
13:12:25,8.68,-0.01,113,98164,卖盘
13:12:28,8.7,0.02,49,42605,买盘
13:12:34,8.7,0.0,114,99176,买盘
13:12:37,8.7,0.0,99,86130,买盘
13:12:40,8.69,-0.01,5,4345,卖盘
13:12:43,8.69,0.0,34,29550,卖盘
13:12:46,8.69,0.0,55,47796,卖盘
13:12:49,8.7,0.01,50,43464,买盘
13:12:52,8.69,-0.01,86,74747,卖盘
13:12:55,8.69,0.0,27,23478,卖盘
13:12:58,8.69,0.0,72,62569,卖盘
13:13:01,8.7,0.01,51,44321,买盘
13:13:04,8.69,-0.01,97,84381,卖盘
13:13:07,8.7,0.01,76,66096,买盘
13:13:10,8.69,-0.01,19,16514,卖盘
13:13:13,8.69,0.0,21,18256,卖盘
13:13:16,8.7,0.01,1122,976140,买盘
13:13:19,8.7,0.0,105,91350,卖盘
13:13:22,8.71,0.01,715,622170,买盘
13:13:25,8.7,-0.01,163,141819,卖盘
13:13:28,8.71,0.01,169,147154,买盘
13:13:34,8.7,-0.01,66,57450,卖盘
13:13:37,8.7,0.0,89,77457,卖盘
13:13:40,8.7,0.0,6,5220,卖盘
13:13:43,8.7,0.0,25,21751,卖盘
13:13:46,8.7,0.0,134,116692,卖盘
13:13:49,8.71,0.01,70,60962,买盘
13:13:52,8.71,0.0,20,17414,买盘
13:13:55,8.7,-0.01,154,134025,卖盘
13:13:58,8.7,0.0,44,38306,卖盘
13:14:01,8.7,0.0,63,54813,卖盘
13:14:04,8.7,0.0,136,118330,卖盘
13:14:07,8.7,0.0,180,156724,卖盘
13:14:10,8.71,0.01,718,625237,买盘
13:14:13,8.7,-0.01,18,15660,卖盘
13:14:16,8.71,0.01,382,332473,买盘
13:14:19,8.7,-0.01,51,44373,卖盘
13:14:22,8.7,0.0,61,53073,卖盘
13:14:25,8.71,0.01,42,36559,买盘
13:14:28,8.7,-0.01,153,133110,卖盘
13:14:31,8.7,0.0,267,232290,卖盘
13:14:34,8.71,0.01,580,504962,买盘
13:14:37,8.71,0.0,21,18277,买盘
13:14:43,8.7,-0.01,67,58350,卖盘
13:14:46,8.71,0.01,583,507792,买盘
13:14:49,8.71,0.0,20,17420,买盘
13:14:52,8.71,0.0,588,512148,买盘
13:14:55,8.71,0.0,78,67938,卖盘
13:14:58,8.71,0.0,88,76696,卖盘
13:15:01,8.72,0.01,29,25272,买盘
13:15:04,8.71,-0.01,284,247410,卖盘
13:15:07,8.72,0.01,166,144652,买盘
13:15:10,8.71,-0.01,613,534523,卖盘
13:15:16,8.72,0.01,234,204034,买盘
13:15:19,8.72,0.0,14,12208,买盘
13:15:22,8.71,-0.01,158,137748,卖盘
13:15:25,8.73,0.02,795,693687,买盘
13:15:28,8.73,0.0,108,94216,买盘
13:15:31,8.73,0.0,161,140524,买盘
13:15:34,8.72,-0.01,586,511161,卖盘
13:15:37,8.73,0.01,99,86352,买盘
13:15:40,8.72,-0.01,139,121292,卖盘
13:15:43,8.73,0.01,61,53249,买盘
13:15:46,8.73,0.0,588,513142,买盘
13:15:49,8.73,0.0,48,41902,买盘
13:15:52,8.73,0.0,3,2619,买盘
13:15:55,8.72,-0.01,170,148320,卖盘
13:15:58,8.72,0.0,281,245062,卖盘
13:16:01,8.71,-0.01,399,347590,卖盘
13:16:04,8.71,0.0,303,263912,卖盘
13:16:07,8.72,0.01,50,43582,买盘
13:16:13,8.72,0.0,155,135103,买盘
13:16:16,8.72,0.0,30,26132,买盘
13:16:19,8.71,-0.01,27,23532,卖盘
13:16:22,8.71,0.0,459,400199,卖盘
13:16:28,8.71,0.0,6,5227,卖盘
13:16:31,8.71,0.0,123,107200,卖盘
13:16:34,8.72,0.01,125,108998,买盘
13:16:37,8.72,0.0,65,56680,买盘
13:16:40,8.72,0.0,37,32254,买盘
13:16:43,8.72,0.0,112,97654,买盘
13:16:46,8.71,-0.01,11,9591,卖盘
13:16:49,8.71,0.0,51,44427,卖盘
13:16:52,8.71,0.0,184,160385,卖盘
13:16:55,8.71,0.0,665,579193,卖盘
13:16:58,8.7,-0.01,599,521130,卖盘
13:17:01,8.7,0.0,26,22620,卖盘
13:17:04,8.7,0.0,10,8693,买盘
13:17:07,8.7,0.0,19,16530,买盘
13:17:10,8.7,0.0,17,14792,买盘
13:17:13,8.69,-0.01,54,46941,卖盘
13:17:16,8.69,0.0,48,41714,卖盘
13:17:19,8.7,0.01,106,92117,买盘
13:17:22,8.7,0.0,88,76557,买盘
13:17:25,8.7,0.0,254,220856,买盘
13:17:28,8.7,0.0,521,453251,买盘
13:17:31,8.7,0.0,12,10440,买盘
13:17:34,8.7,0.0,129,112213,买盘
13:17:37,8.7,0.0,225,195659,买盘
13:17:40,8.7,0.0,466,404968,买盘
13:17:43,8.7,0.0,25,21739,买盘
13:17:46,8.69,-0.01,125,108698,卖盘
13:17:49,8.69,0.0,35,30414,卖盘
13:17:52,8.7,0.01,103,89577,买盘
13:17:55,8.68,-0.02,11,9548,卖盘
13:17:58,8.69,0.01,22,19118,中性盘
13:18:01,8.68,-0.01,74,64297,卖盘
13:18:04,8.69,0.01,46,39974,买盘
13:18:07,8.68,-0.01,530,460664,卖盘
13:18:10,8.69,0.01,1085,941943,买盘
13:18:13,8.69,0.0,111,96419,买盘
13:18:16,8.69,0.0,100,86851,买盘
13:18:19,8.69,0.0,10,8690,买盘
13:18:22,8.69,0.0,38,33009,买盘
13:18:25,8.69,0.0,13,11297,买盘
13:18:28,8.69,0.0,10,8690,买盘
13:18:31,8.68,-0.01,35,30390,卖盘
13:18:34,8.69,0.01,113,98197,买盘
13:18:40,8.68,-0.01,10,8685,卖盘
13:18:43,8.68,0.0,27,23454,卖盘
13:18:46,8.68,0.0,120,104160,卖盘
13:18:49,8.7,0.02,228,198263,买盘
13:18:52,8.69,-0.01,167,145123,卖盘
13:18:55,8.7,0.01,8,6960,买盘
13:18:58,8.7,0.0,141,122670,买盘
13:19:01,8.69,-0.01,3,2609,卖盘
13:19:04,8.69,0.0,86,74738,卖盘
13:19:10,8.7,0.01,590,512985,买盘
13:19:13,8.7,0.0,184,160080,卖盘
13:19:16,8.71,0.01,541,471205,买盘
13:19:19,8.7,-0.01,166,144431,卖盘
13:19:22,8.7,0.0,78,67925,卖盘
13:19:25,8.7,0.0,54,46992,卖盘
13:19:31,8.71,0.01,87,75777,买盘
13:19:34,8.71,0.0,63,54871,卖盘
13:19:37,8.71,0.0,46,40045,买盘
13:19:40,8.71,0.0,217,189007,买盘
13:19:43,8.7,-0.01,639,556548,卖盘
13:19:46,8.7,0.0,102,88802,卖盘
13:19:49,8.7,0.0,115,100155,卖盘
13:19:52,8.71,0.01,108,94065,买盘
13:19:55,8.71,0.0,423,368417,买盘
13:19:58,8.7,-0.01,96,83834,卖盘
13:20:01,8.71,0.01,629,547828,买盘
13:20:04,8.71,0.0,4,3481,买盘
13:20:07,8.71,0.0,32,27859,买盘
13:20:10,8.7,-0.01,29,25240,卖盘
13:20:13,8.71,0.01,79,68756,买盘
13:20:16,8.71,0.0,18,15675,买盘
13:20:19,8.71,0.0,28,24388,买盘
13:20:22,8.71,0.0,10,8708,买盘
13:20:25,8.71,0.0,11,9580,买盘
13:20:28,8.7,-0.01,931,810453,卖盘
13:20:31,8.7,0.0,30,26100,买盘
13:20:34,8.7,0.0,17,14790,买盘
13:20:37,8.7,0.0,196,170520,买盘
13:20:40,8.69,-0.01,13,11297,卖盘
13:20:43,8.69,0.0,472,410218,卖盘
13:20:46,8.69,0.0,182,158196,卖盘
13:20:49,8.69,0.0,265,230285,卖盘
13:20:52,8.69,0.0,47,40843,买盘
13:20:55,8.69,0.0,240,208459,买盘
13:20:58,8.68,-0.01,58,50352,卖盘
13:21:01,8.68,0.0,60,52117,卖盘
13:21:04,8.69,0.01,282,245062,买盘
13:21:07,8.68,-0.01,10,8689,卖盘
13:21:10,8.68,0.0,10,8680,卖盘
13:21:13,8.69,0.01,101,87769,买盘
13:21:16,8.68,-0.01,67,58185,卖盘
13:21:19,8.68,0.0,742,644455,卖盘
13:21:22,8.68,0.0,13,11284,卖盘
13:21:25,8.69,0.01,57,49487,买盘
13:21:28,8.68,-0.01,15,13025,卖盘
13:21:31,8.68,0.0,14,12152,卖盘
13:21:34,8.69,0.01,31,26916,买盘
13:21:37,8.68,-0.01,105,91143,卖盘
13:21:40,8.68,0.0,223,193764,卖盘
13:21:43,8.69,0.01,59,51271,买盘
13:21:46,8.68,-0.01,6,5208,卖盘
13:21:49,8.69,0.01,482,418827,买盘
13:21:52,8.68,-0.01,94,81592,卖盘
13:21:55,8.69,0.01,34,29546,买盘
13:21:58,8.69,0.0,372,323256,买盘
13:22:01,8.69,0.0,39,33891,卖盘
13:22:04,8.69,0.0,109,94721,卖盘
13:22:07,8.69,0.0,142,123398,卖盘
13:22:10,8.7,0.01,57,49225,买盘
13:22:13,8.69,-0.01,1,869,卖盘
13:22:16,8.7,0.01,23,19998,买盘
13:22:19,8.7,0.0,28,24359,买盘
13:22:22,8.7,0.0,3,2609,买盘
13:22:25,8.7,0.0,11,9566,买盘
13:22:28,8.7,0.0,11,9570,买盘
13:22:31,8.69,-0.01,37,32159,卖盘
13:22:34,8.69,0.0,234,203547,卖盘
13:22:37,8.7,0.01,357,310580,买盘
13:22:40,8.7,0.0,219,190470,买盘
13:22:43,8.7,0.0,372,323640,买盘
13:22:46,8.7,0.0,206,179120,买盘
13:22:49,8.7,0.0,105,91349,买盘
13:22:52,8.7,0.0,216,187920,买盘
13:22:55,8.7,0.0,69,60030,买盘
13:22:58,8.7,0.0,193,167910,买盘
13:23:01,8.71,0.01,113,98352,买盘
13:23:04,8.7,-0.01,104,90481,卖盘
13:23:07,8.7,0.0,1,870,卖盘
13:23:10,8.7,0.0,271,236028,卖盘
13:23:13,8.71,0.01,161,140186,买盘
13:23:16,8.71,0.0,283,246493,买盘
13:23:19,8.71,0.0,292,254296,买盘
13:23:22,8.71,0.0,174,151541,买盘
13:23:25,8.71,0.0,147,128014,买盘
13:23:28,8.71,0.0,107,93176,买盘
13:23:31,8.71,0.0,73,63583,买盘
13:23:34,8.7,-0.01,47,40907,卖盘
13:23:37,8.71,0.01,76,66196,买盘
13:23:40,8.71,0.0,81,70551,卖盘
13:23:43,8.71,0.0,187,162877,卖盘
13:23:46,8.71,0.0,16,13945,卖盘
13:23:49,8.72,0.01,76,66251,买盘
13:23:52,8.72,0.0,163,142111,买盘
13:23:55,8.71,-0.01,113,98527,卖盘
13:23:58,8.72,0.01,11,9592,买盘
13:24:01,8.72,0.0,45,39223,买盘
13:24:04,8.71,-0.01,69,60162,卖盘
13:24:07,8.72,0.01,53,46216,买盘
13:24:10,8.71,-0.01,131,114182,卖盘
13:24:13,8.72,0.01,163,142093,买盘
13:24:16,8.72,0.0,1406,1224668,买盘
13:24:19,8.7,-0.02,225,195969,卖盘
13:24:22,8.71,0.01,44,38323,买盘
13:24:25,8.71,0.0,9,7839,卖盘
13:24:28,8.72,0.01,96,83660,买盘
13:24:31,8.72,0.0,31,27011,买盘
13:24:34,8.72,0.0,218,190096,买盘
13:24:37,8.71,-0.01,577,502567,卖盘
13:24:40,8.71,0.0,335,291785,买盘
13:24:43,8.71,0.0,133,115831,买盘
13:24:46,8.71,0.0,193,168070,买盘
13:24:49,8.71,0.0,1,871,卖盘
13:24:55,8.72,0.01,57,49684,买盘
13:24:58,8.71,-0.01,1226,1067686,卖盘
13:25:01,8.71,0.0,90,78413,买盘
13:25:04,8.71,0.0,130,113253,买盘
13:25:07,8.71,0.0,105,91471,卖盘
13:25:10,8.71,0.0,35,30485,卖盘
13:25:13,8.71,0.0,157,136893,卖盘
13:25:16,8.72,0.01,16,13945,买盘
13:25:19,8.71,-0.01,89,77541,卖盘
13:25:22,8.71,0.0,8,6971,卖盘
13:25:25,8.71,0.0,78,67938,卖盘
13:25:28,8.71,0.0,505,439855,卖盘
13:25:31,8.71,0.0,152,132364,买盘
13:25:34,8.71,0.0,268,233421,卖盘
13:25:37,8.71,0.0,153,133263,卖盘
13:25:40,8.71,0.0,44,38290,买盘
13:25:43,8.7,-0.01,23,20010,卖盘
13:25:46,8.71,0.01,17,14793,买盘
13:25:49,8.71,0.0,13,11323,买盘
13:25:52,8.7,-0.01,187,162741,卖盘
13:25:55,8.71,0.01,92,80067,买盘
13:25:58,8.71,0.0,185,160976,买盘
13:26:01,8.7,-0.01,30,26100,卖盘
13:26:04,8.71,0.01,480,417612,买盘
13:26:07,8.7,-0.01,80,69609,卖盘
13:26:10,8.7,0.0,97,84405,卖盘
13:26:13,8.71,0.01,39,33956,买盘
13:26:16,8.71,0.0,328,285668,买盘
13:26:19,8.71,0.0,27,23517,买盘
13:26:22,8.71,0.0,46,40065,买盘
13:26:25,8.72,0.01,963,838740,买盘
13:26:28,8.71,-0.01,110,95810,卖盘
13:26:31,8.72,0.01,350,305063,买盘
13:26:34,8.72,0.0,14,12208,买盘
13:26:37,8.72,0.0,37,32258,买盘
13:26:40,8.72,0.0,16,13951,买盘
13:26:43,8.72,0.0,27,23542,买盘
13:26:46,8.72,0.0,88,76707,买盘
13:26:49,8.72,0.0,97,84551,买盘
13:26:52,8.72,0.0,19,16558,买盘
13:26:55,8.72,0.0,1,872,买盘
13:26:58,8.71,-0.01,228,198675,卖盘
13:27:01,8.72,0.01,746,650486,买盘
13:27:04,8.72,0.0,15,13080,买盘
13:27:07,8.71,-0.01,350,304853,卖盘
13:27:10,8.71,0.0,41,35711,卖盘
13:27:13,8.72,0.01,22,19183,买盘
13:27:16,8.72,0.0,25,21779,买盘
13:27:19,8.72,0.0,17,14824,买盘
13:27:22,8.71,-0.01,130,113352,卖盘
13:27:25,8.72,0.01,41,35747,买盘
13:27:28,8.72,0.0,51,44472,买盘
13:27:31,8.71,-0.01,65,56615,卖盘
13:27:34,8.71,0.0,8,6968,卖盘
13:27:37,8.71,0.0,13,11323,卖盘
13:27:40,8.72,0.01,24,20928,买盘
13:27:43,8.71,-0.01,178,155043,卖盘
13:27:46,8.71,0.0,132,115097,卖盘
13:27:49,8.72,0.01,32,27904,买盘
13:27:52,8.72,0.0,606,528432,买盘
13:27:55,8.72,0.0,379,330464,买盘
13:27:58,8.72,0.0,6,5232,买盘
13:28:01,8.72,0.0,63,54934,买盘
13:28:04,8.72,0.0,56,48797,买盘
13:28:07,8.72,0.0,96,83712,买盘
13:28:10,8.72,0.0,119,103750,买盘
13:28:13,8.72,0.0,354,308688,买盘
13:28:16,8.72,0.0,34,29636,买盘
13:28:19,8.72,0.0,1539,1341996,买盘
13:28:22,8.72,0.0,80,69760,买盘
13:28:25,8.72,0.0,152,132544,买盘
13:28:28,8.73,0.01,9,7857,买盘
13:28:31,8.73,0.0,29,25315,买盘
13:28:34,8.73,0.0,188,164124,买盘
13:28:37,8.73,0.0,328,286344,买盘
13:28:40,8.73,0.0,15,13095,买盘
13:28:43,8.73,0.0,141,123093,买盘
13:28:46,8.73,0.0,1764,1539902,买盘
13:28:49,8.73,0.0,223,194658,买盘
13:28:52,8.74,0.01,615,537385,买盘
13:28:55,8.74,0.0,83,72531,买盘
13:28:58,8.74,0.0,291,254313,买盘
13:29:01,8.74,0.0,133,116162,买盘
13:29:04,8.73,-0.01,270,235930,卖盘
13:29:07,8.74,0.01,949,828546,买盘
13:29:10,8.74,0.0,18,15731,买盘
13:29:13,8.74,0.0,34,29716,买盘
13:29:16,8.73,-0.01,124,108361,卖盘
13:29:19,8.73,0.0,317,276944,卖盘
13:29:22,8.73,0.0,63,55000,卖盘
13:29:25,8.73,0.0,1185,1034505,卖盘
13:29:28,8.73,0.0,228,199075,买盘
13:29:31,8.73,0.0,49,42777,买盘
13:29:34,8.73,0.0,67,58491,买盘
13:29:37,8.73,0.0,12,10474,买盘
13:29:40,8.71,-0.02,5540,4825982,卖盘
13:29:43,8.71,0.0,369,321537,卖盘
13:29:46,8.72,0.01,111,96726,买盘
13:29:49,8.71,-0.01,241,210224,卖盘
13:29:52,8.73,0.02,15,13086,买盘
13:29:55,8.72,-0.01,33,28776,中性盘
13:29:58,8.71,-0.01,84,73205,卖盘
13:30:01,8.71,0.0,283,246575,卖盘
13:30:04,8.71,0.0,156,135914,卖盘
13:30:07,8.72,0.01,149,129875,买盘
13:30:10,8.72,0.0,58,50540,买盘
13:30:13,8.72,0.0,12,10463,买盘
13:30:16,8.71,-0.01,186,162073,卖盘
13:30:19,8.71,0.0,163,142101,卖盘
13:30:22,8.71,0.0,38,33118,卖盘
13:30:25,8.72,0.01,517,450824,买盘
13:30:28,8.72,0.0,1,872,买盘
13:30:31,8.72,0.0,118,102896,买盘
13:30:34,8.72,0.0,205,178560,买盘
13:30:37,8.71,-0.01,208,181342,卖盘
13:30:40,8.72,0.01,210,182995,买盘
13:30:43,8.71,-0.01,6,5228,卖盘
13:30:46,8.71,0.0,1339,1166274,卖盘
13:30:49,8.71,0.0,14,12194,卖盘
13:30:52,8.71,0.0,658,573118,卖盘
13:30:55,8.71,0.0,295,256945,卖盘
13:30:58,8.71,0.0,704,613185,卖盘
13:31:01,8.7,-0.01,41,35701,卖盘
13:31:04,8.7,0.0,36,31328,卖盘
13:31:07,8.7,0.0,272,236687,卖盘
13:31:10,8.7,0.0,16,13920,卖盘
13:31:13,8.7,0.0,34,29580,卖盘
13:31:16,8.7,0.0,46,40032,卖盘
13:31:19,8.71,0.01,16,13926,买盘
13:31:22,8.7,-0.01,102,88741,卖盘
13:31:25,8.7,0.0,83,72216,卖盘
13:31:28,8.7,0.0,29,25241,卖盘
13:31:31,8.71,0.01,151,131371,买盘
13:31:37,8.71,0.0,124,107891,买盘
13:31:43,8.7,-0.01,90,78300,卖盘
13:31:46,8.7,0.0,57,49636,卖盘
13:31:49,8.7,0.0,329,286292,卖盘
13:31:52,8.71,0.01,33,28717,买盘
13:31:55,8.7,-0.01,7,6090,卖盘
13:31:58,8.7,0.0,305,265355,卖盘
13:32:01,8.7,0.0,66,57420,卖盘
13:32:04,8.7,0.0,332,288963,卖盘
13:32:07,8.7,0.0,63,54808,买盘
13:32:10,8.69,-0.01,12,10428,卖盘
13:32:13,8.69,0.0,21,18249,卖盘
13:32:16,8.69,0.0,566,491969,卖盘
13:32:19,8.7,0.01,26,22606,买盘
13:32:22,8.69,-0.01,60,52140,卖盘
13:32:25,8.69,0.0,147,127756,卖盘
13:32:28,8.69,0.0,286,248534,卖盘
13:32:31,8.69,0.0,83,72130,卖盘
13:32:34,8.69,0.0,104,90376,卖盘
13:32:37,8.68,-0.01,49,42569,卖盘
13:32:40,8.68,0.0,27,23446,卖盘
13:32:43,8.68,0.0,23,19964,卖盘
13:32:46,8.68,0.0,109,94612,卖盘
13:32:49,8.69,0.01,81,70349,买盘
13:32:52,8.69,0.0,9,7821,买盘
13:32:55,8.68,-0.01,110,95487,卖盘
13:32:58,8.68,0.0,174,151032,卖盘
13:33:01,8.68,0.0,239,207485,卖盘
13:33:04,8.68,0.0,418,362836,卖盘
13:33:07,8.68,0.0,247,214396,卖盘
13:33:10,8.67,-0.01,27,23424,卖盘
13:33:13,8.67,0.0,54,46820,卖盘
13:33:16,8.67,0.0,59,51188,卖盘
13:33:19,8.67,0.0,317,274944,卖盘
13:33:22,8.67,0.0,2,1734,卖盘
13:33:25,8.68,0.01,4,3469,买盘
13:33:28,8.67,-0.01,51,44217,卖盘
13:33:31,8.67,0.0,206,178602,卖盘
13:33:34,8.68,0.01,70,60700,买盘
13:33:37,8.67,-0.01,45,39035,卖盘
13:33:40,8.68,0.01,101,87667,买盘
13:33:43,8.68,0.0,26,22558,买盘
13:33:46,8.67,-0.01,69,59872,卖盘
13:33:49,8.67,0.0,21,18226,卖盘
13:33:52,8.67,0.0,130,112824,卖盘
13:33:55,8.68,0.01,62,53786,买盘
13:33:58,8.67,-0.01,44,38148,卖盘
13:34:01,8.67,0.0,76,65896,卖盘
13:34:04,8.67,0.0,61,52887,卖盘
13:34:07,8.68,0.01,27,23412,买盘
13:34:10,8.68,0.0,86,74567,买盘
13:34:13,8.67,-0.01,34,29498,卖盘
13:34:16,8.67,0.0,301,260972,卖盘
13:34:19,8.67,0.0,37,32105,卖盘
13:34:22,8.68,0.01,167,144802,买盘
13:34:25,8.67,-0.01,56,48554,卖盘
13:34:28,8.68,0.01,38,32984,买盘
13:34:31,8.67,-0.01,101,87567,卖盘
13:34:34,8.67,0.0,206,178680,卖盘
13:34:40,8.68,0.01,34,29483,买盘
13:34:43,8.67,-0.01,11,9538,卖盘
13:34:46,8.68,0.01,39,33834,买盘
13:34:49,8.67,-0.01,194,168233,卖盘
13:34:52,8.67,0.0,392,340249,卖盘
13:34:55,8.68,0.01,87,75506,买盘
13:34:58,8.67,-0.01,204,176940,卖盘
13:35:01,8.68,0.01,34,29508,买盘
13:35:04,8.67,-0.01,120,104040,卖盘
13:35:07,8.68,0.01,64,55532,买盘
13:35:10,8.68,0.0,15,13020,买盘
13:35:13,8.68,0.0,368,319415,买盘
13:35:16,8.68,0.0,66,57287,买盘
13:35:19,8.68,0.0,23,19964,买盘
13:35:22,8.68,0.0,71,61628,卖盘
13:35:25,8.68,0.0,6,5208,卖盘
13:35:31,8.68,0.0,11,9548,卖盘
13:35:34,8.69,0.01,15,13034,买盘
13:35:37,8.68,-0.01,40,34754,卖盘
13:35:43,8.69,0.01,11,9559,买盘
13:35:46,8.69,0.0,28,24318,买盘
13:35:49,8.69,0.0,379,329330,买盘
13:35:52,8.69,0.0,4,3476,买盘
13:35:55,8.69,0.0,17,14762,买盘
13:35:58,8.69,0.0,88,76470,买盘
13:36:01,8.69,0.0,230,199860,买盘
13:36:04,8.69,0.0,95,82540,买盘
13:36:07,8.69,0.0,6,5214,卖盘
13:36:10,8.69,0.0,14,12166,卖盘
13:36:13,8.69,0.0,34,29578,卖盘
13:36:16,8.69,0.0,128,111232,卖盘
13:36:19,8.69,0.0,34,29571,卖盘
13:36:22,8.69,0.0,171,148599,卖盘
13:36:25,8.69,0.0,450,391050,卖盘
13:36:28,8.69,0.0,343,298053,卖盘
13:36:31,8.69,0.0,1,869,买盘
13:36:34,8.68,-0.01,10,8680,卖盘
13:36:37,8.68,0.0,23,19964,卖盘
13:36:40,8.68,0.0,142,123277,卖盘
13:36:43,8.68,0.0,16,13890,卖盘
13:36:46,8.69,0.01,2,1738,买盘
13:36:52,8.68,-0.01,12,10420,卖盘
13:36:55,8.69,0.01,336,291686,买盘
13:36:58,8.69,0.0,87,75554,买盘
13:37:01,8.68,-0.01,42,36459,卖盘
13:37:04,8.68,0.0,148,128592,卖盘
13:37:07,8.69,0.01,30,26064,买盘
13:37:10,8.69,0.0,187,162503,买盘
13:37:13,8.69,0.0,108,93752,买盘
