成交时间,成交价格,价格变动,成交量,成交金额,性质
09:25:01,19.02,0.0,171434,326067012,卖盘
09:30:01,19.1,0.08,51019,97786945,买盘
09:30:05,18.97,-0.13,26749,50879236,卖盘
09:30:07,18.98,0.01,28872,54823623,买盘
09:30:10,19.0,0.02,19374,36780196,买盘
09:30:13,19.0,0.0,29400,55818660,买盘
09:30:16,18.99,-0.01,12368,23453662,中性盘
09:30:19,18.9,-0.09,18667,35434418,中性盘
09:30:22,19.0,0.1,16209,30757545,买盘
09:30:25,18.95,-0.05,39472,75003048,卖盘
09:30:28,18.8,-0.15,15772,29878838,卖盘
09:30:31,19.0,0.2,17895,33773710,买盘
09:30:34,19.02,0.02,23397,44382750,买盘
09:30:37,18.95,-0.07,25331,48107009,卖盘
09:30:40,19.04,0.09,34075,64725996,买盘
09:30:43,19.05,0.01,22469,42848089,买盘
09:30:46,19.34,0.29,26499,51242020,买盘
09:30:49,19.46,0.12,142314,276899963,买盘
09:30:52,19.46,0.0,1932,3759672,卖盘
09:30:55,19.46,0.0,3925,7638050,卖盘
09:30:58,19.46,0.0,14151,27537846,卖盘
09:31:01,19.46,0.0,2847,5540262,卖盘
09:31:04,19.46,0.0,2580,5020680,卖盘
09:31:07,19.46,0.0,3071,5976166,卖盘
09:31:11,19.46,0.0,1894,3685724,卖盘
09:31:13,19.46,0.0,1219,2372174,卖盘
09:31:16,19.46,0.0,1869,3637074,卖盘
09:31:19,19.46,0.0,1554,3024084,卖盘
09:31:22,19.46,0.0,1768,3440528,卖盘
09:31:25,19.46,0.0,1959,3812214,卖盘
09:31:28,19.46,0.0,1507,2932622,卖盘
09:31:31,19.46,0.0,1104,2148384,卖盘
09:31:34,19.46,0.0,924,1798104,卖盘
09:31:37,19.46,0.0,1652,3214792,卖盘
09:31:40,19.46,0.0,1327,2582342,卖盘
09:31:43,19.46,0.0,840,1634640,卖盘
09:31:46,19.46,0.0,880,1712480,卖盘
09:31:49,19.46,0.0,965,1877890,卖盘
09:31:52,19.46,0.0,714,1389444,卖盘
09:31:55,19.46,0.0,540,1050840,卖盘
09:31:58,19.46,0.0,382,743372,卖盘
09:32:02,19.46,0.0,737,1434202,卖盘
09:32:04,19.46,0.0,544,1058624,卖盘
09:32:08,19.46,0.0,411,799806,卖盘
09:32:10,19.46,0.0,1637,3185602,卖盘
09:32:13,19.46,0.0,391,760886,卖盘
09:32:16,19.46,0.0,847,1648262,卖盘
09:32:19,19.46,0.0,286,556556,卖盘
09:32:22,19.46,0.0,238,463148,卖盘
09:32:25,19.46,0.0,616,1198736,卖盘
09:32:28,19.46,0.0,332,646072,卖盘
09:32:31,19.46,0.0,278,540988,卖盘
09:32:34,19.46,0.0,242,470932,卖盘
09:32:37,19.46,0.0,536,1043056,卖盘
09:32:40,19.46,0.0,371,721966,卖盘
09:32:43,19.46,0.0,669,1301874,卖盘
09:32:46,19.46,0.0,115,223790,卖盘
09:32:49,19.46,0.0,233,453418,卖盘
09:32:52,19.46,0.0,748,1455608,卖盘
09:32:55,19.46,0.0,1328,2584288,卖盘
09:32:58,19.46,0.0,373,725858,卖盘
09:33:01,19.46,0.0,1246,2424716,卖盘
09:33:04,19.46,0.0,803,1562638,卖盘
09:33:07,19.46,0.0,321,624666,卖盘
09:33:10,19.46,0.0,294,572124,卖盘
09:33:13,19.46,0.0,324,630504,卖盘
09:33:16,19.46,0.0,341,663586,卖盘
09:33:19,19.46,0.0,173,336658,卖盘
09:33:22,19.46,0.0,708,1377768,卖盘
09:33:25,19.46,0.0,511,994406,卖盘
09:33:28,19.46,0.0,140,272440,卖盘
09:33:31,19.46,0.0,116,225736,卖盘
09:33:34,19.46,0.0,818,1591828,卖盘
09:33:37,19.46,0.0,281,546826,卖盘
09:33:40,19.46,0.0,540,1050840,卖盘
09:33:43,19.46,0.0,170,330820,卖盘
09:33:46,19.46,0.0,1136,2210656,卖盘
09:33:49,19.46,0.0,149,289954,卖盘
09:33:52,19.46,0.0,916,1782536,卖盘
09:33:55,19.46,0.0,74,144004,卖盘
09:33:58,19.46,0.0,1181,2298226,卖盘
09:34:01,19.46,0.0,302,587692,卖盘
09:34:04,19.46,0.0,886,1724156,卖盘
09:34:07,19.46,0.0,300,583800,卖盘
09:34:10,19.46,0.0,643,1251278,卖盘
09:34:13,19.46,0.0,99,192654,卖盘
09:34:16,19.46,0.0,171,332766,卖盘
09:34:19,19.46,0.0,344,669424,卖盘
09:34:22,19.46,0.0,81,157626,卖盘
09:34:25,19.46,0.0,317,616882,卖盘
09:34:28,19.46,0.0,205,398930,卖盘
09:34:31,19.46,0.0,136,264656,卖盘
09:34:34,19.46,0.0,280,544880,卖盘
09:34:37,19.46,0.0,149,289954,卖盘
09:34:40,19.46,0.0,154,299684,卖盘
09:34:43,19.46,0.0,283,550718,卖盘
09:34:46,19.46,0.0,109,212211,卖盘
09:34:49,19.46,0.0,297,577962,卖盘
09:34:52,19.46,0.0,109,212114,卖盘
09:34:55,19.46,0.0,161,313306,卖盘
09:34:58,19.46,0.0,2204,4288984,卖盘
09:35:01,19.46,0.0,406,790076,卖盘
09:35:05,19.46,0.0,132,256872,卖盘
09:35:07,19.46,0.0,636,1237656,卖盘
09:35:10,19.46,0.0,1352,2630992,卖盘
09:35:13,19.46,0.0,147,286062,卖盘
09:35:16,19.46,0.0,365,710290,卖盘
09:35:19,19.46,0.0,726,1412796,卖盘
09:35:22,19.46,0.0,51,99246,卖盘
09:35:25,19.46,0.0,59,114814,卖盘
09:35:28,19.46,0.0,374,727804,卖盘
09:35:32,19.46,0.0,487,947702,卖盘
09:35:34,19.46,0.0,591,1150086,卖盘
09:35:37,19.46,0.0,66,128436,卖盘
09:35:40,19.46,0.0,94,182924,卖盘
09:35:43,19.46,0.0,789,1535394,卖盘
09:35:46,19.46,0.0,83,161518,卖盘
09:35:49,19.46,0.0,144,280224,卖盘
09:35:52,19.46,0.0,240,467040,卖盘
09:35:55,19.46,0.0,125,243250,卖盘
09:35:58,19.46,0.0,4321,8408666,卖盘
09:36:01,19.46,0.0,450,875700,卖盘
09:36:04,19.46,0.0,95,184870,卖盘
09:36:07,19.46,0.0,772,1503091,卖盘
09:36:10,19.46,0.0,2347,4567262,卖盘
09:36:13,19.46,0.0,396,770616,卖盘
09:36:16,19.46,0.0,155,301630,卖盘
09:36:19,19.46,0.0,203,395038,卖盘
09:36:22,19.46,0.0,1243,2418878,卖盘
09:36:25,19.46,0.0,160,311360,卖盘
09:36:28,19.46,0.0,94,182924,卖盘
09:36:31,19.46,0.0,172,334712,卖盘
09:36:34,19.46,0.0,61,118706,卖盘
09:36:38,19.46,0.0,28,54488,卖盘
09:36:40,19.46,0.0,163,317198,卖盘
09:36:43,19.46,0.0,71,138166,卖盘
09:36:46,19.46,0.0,912,1774752,卖盘
09:36:49,19.46,0.0,24,46704,卖盘
09:36:52,19.46,0.0,353,686938,卖盘
09:36:55,19.46,0.0,23,44758,卖盘
09:36:58,19.46,0.0,37,72002,卖盘
09:37:01,19.46,0.0,17,33082,卖盘
09:37:04,19.46,0.0,40,77840,卖盘
09:37:07,19.46,0.0,49,95354,卖盘
09:37:10,19.46,0.0,42,81732,卖盘
09:37:13,19.46,0.0,128,249088,卖盘
09:37:16,19.46,0.0,50,97300,卖盘
09:37:19,19.46,0.0,60,116760,卖盘
09:37:22,19.46,0.0,10,19460,卖盘
09:37:25,19.46,0.0,86,167356,卖盘
09:37:29,19.46,0.0,21,40866,卖盘
09:37:31,19.46,0.0,239,465094,卖盘
09:37:34,19.46,0.0,77,149842,卖盘
09:37:37,19.46,0.0,132,256872,卖盘
09:37:40,19.46,0.0,140,272440,卖盘
09:37:43,19.46,0.0,40,77840,卖盘
09:37:46,19.46,0.0,176,342496,卖盘
09:37:49,19.46,0.0,106,206276,卖盘
09:37:52,19.46,0.0,33,64218,卖盘
09:37:55,19.46,0.0,27,52542,卖盘
09:37:58,19.46,0.0,32,62272,卖盘
09:38:01,19.46,0.0,365,710290,卖盘
09:38:04,19.46,0.0,10,19460,卖盘
09:38:07,19.46,0.0,251,488446,卖盘
09:38:10,19.46,0.0,7,13622,卖盘
09:38:13,19.46,0.0,62,120652,卖盘
09:38:16,19.46,0.0,37,72002,卖盘
09:38:19,19.46,0.0,57,110922,卖盘
09:38:22,19.46,0.0,3,5838,卖盘
09:38:25,19.46,0.0,25,48650,卖盘
09:38:28,19.46,0.0,69,134274,卖盘
09:38:31,19.46,0.0,23,44758,卖盘
09:38:34,19.46,0.0,91,177086,卖盘
09:38:37,19.46,0.0,64,124544,卖盘
09:38:40,19.46,0.0,201,391146,卖盘
09:38:43,19.46,0.0,28,54488,卖盘
09:38:46,19.46,0.0,178,346388,卖盘
09:38:49,19.46,0.0,50,97300,卖盘
09:38:55,19.46,0.0,4,7784,卖盘
09:38:58,19.46,0.0,38,73948,卖盘
09:39:01,19.46,0.0,32,62272,卖盘
09:39:04,19.46,0.0,25,48650,卖盘
09:39:07,19.46,0.0,42,81732,卖盘
09:39:10,19.46,0.0,75,145950,卖盘
09:39:13,19.46,0.0,78,151788,卖盘
09:39:16,19.46,0.0,54,105084,卖盘
09:39:19,19.46,0.0,32,62272,卖盘
09:39:22,19.46,0.0,17,33082,卖盘
09:39:25,19.46,0.0,12,23352,卖盘
09:39:28,19.46,0.0,27,52542,卖盘
09:39:31,19.46,0.0,76,147896,卖盘
09:39:34,19.46,0.0,6,11676,卖盘
09:39:37,19.46,0.0,45,87570,卖盘
09:39:40,19.46,0.0,771,1500366,卖盘
09:39:43,19.46,0.0,560,1089760,卖盘
09:39:46,19.46,0.0,6,11676,卖盘
09:39:49,19.46,0.0,15,29190,卖盘
09:39:52,19.46,0.0,15,29190,卖盘
09:39:55,19.46,0.0,168,326928,卖盘
09:39:58,19.46,0.0,15,29190,卖盘
09:40:01,19.46,0.0,12,23352,卖盘
09:40:04,19.46,0.0,336,653856,卖盘
09:40:07,19.46,0.0,5,9730,卖盘
09:40:10,19.46,0.0,8,15568,卖盘
09:40:13,19.46,0.0,11,21406,卖盘
09:40:16,19.46,0.0,59,114814,卖盘
09:40:19,19.46,0.0,13,25298,卖盘
09:40:22,19.46,0.0,74,144004,卖盘
09:40:25,19.46,0.0,142,276332,卖盘
09:40:28,19.46,0.0,19,36974,卖盘
09:40:31,19.46,0.0,35,68110,卖盘
09:40:34,19.46,0.0,38,73948,卖盘
09:40:37,19.46,0.0,44,85624,卖盘
09:40:40,19.46,0.0,57,110922,卖盘
09:40:43,19.46,0.0,21,40866,卖盘
09:40:46,19.46,0.0,86,167356,卖盘
09:40:49,19.46,0.0,18,35028,卖盘
09:40:55,19.46,0.0,46,89516,卖盘
09:40:59,19.46,0.0,6,11676,卖盘
09:41:02,19.46,0.0,65,126490,卖盘
09:41:04,19.46,0.0,8,15568,卖盘
09:41:07,19.46,0.0,5,9730,卖盘
09:41:10,19.46,0.0,129,251034,卖盘
09:41:13,19.46,0.0,68,132328,卖盘
09:41:16,19.46,0.0,36,70056,卖盘
09:41:19,19.46,0.0,103,200438,卖盘
09:41:22,19.46,0.0,158,307468,卖盘
09:41:25,19.46,0.0,79,153734,卖盘
09:41:28,19.46,0.0,3,5838,卖盘
09:41:31,19.46,0.0,16,31136,卖盘
09:41:34,19.46,0.0,673,1309658,卖盘
09:41:37,19.46,0.0,16,31136,卖盘
09:41:40,19.46,0.0,71,138166,卖盘
09:41:43,19.46,0.0,12,23352,卖盘
09:41:46,19.46,0.0,2,3892,卖盘
09:41:49,19.46,0.0,123,239358,卖盘
09:41:52,19.46,0.0,56,108976,卖盘
09:41:55,19.46,0.0,11,21406,卖盘
09:41:58,19.46,0.0,8,15568,卖盘
09:42:01,19.46,0.0,2,3892,卖盘
09:42:04,19.46,0.0,115,223790,卖盘
09:42:07,19.46,0.0,83,161518,卖盘
09:42:10,19.46,0.0,28,54488,卖盘
09:42:14,19.46,0.0,12,23352,卖盘
09:42:16,19.46,0.0,100,194600,卖盘
09:42:19,19.46,0.0,23,44758,卖盘
09:42:22,19.46,0.0,27,52542,卖盘
09:42:25,19.46,0.0,5,9730,卖盘
09:42:28,19.46,0.0,28,54488,卖盘
09:42:31,19.46,0.0,72,140112,卖盘
09:42:34,19.46,0.0,10,19460,卖盘
09:42:37,19.46,0.0,15,29190,卖盘
09:42:40,19.46,0.0,83,161518,卖盘
09:42:43,19.46,0.0,35,68110,卖盘
09:42:46,19.46,0.0,5,9730,卖盘
09:42:49,19.46,0.0,107,208222,卖盘
09:42:52,19.46,0.0,14,27244,卖盘
09:42:55,19.46,0.0,1,1946,卖盘
09:42:58,19.46,0.0,21,40866,卖盘
09:43:04,19.46,0.0,7,13622,卖盘
09:43:07,19.46,0.0,9,17514,卖盘
09:43:10,19.46,0.0,29,56434,卖盘
09:43:13,19.46,0.0,62,120652,卖盘
09:43:16,19.46,0.0,21,40866,卖盘
09:43:19,19.46,0.0,12,23352,卖盘
09:43:22,19.46,0.0,16,31136,卖盘
09:43:26,19.46,0.0,79,153734,卖盘
09:43:28,19.46,0.0,20,38920,卖盘
09:43:32,19.46,0.0,63,122598,卖盘
09:43:34,19.46,0.0,37,72002,卖盘
09:43:37,19.46,0.0,26,50596,卖盘
09:43:40,19.46,0.0,1,1946,卖盘
09:43:43,19.46,0.0,23,44758,卖盘
09:43:46,19.46,0.0,62,120652,卖盘
09:43:50,19.46,0.0,17,33082,卖盘
09:43:52,19.46,0.0,32,62272,卖盘
09:43:55,19.46,0.0,19,36974,卖盘
09:43:58,19.46,0.0,14,27244,卖盘
09:44:01,19.46,0.0,54,105084,卖盘
09:44:04,19.46,0.0,139,270494,卖盘
09:44:07,19.46,0.0,7,13622,卖盘
09:44:10,19.46,0.0,5,9730,卖盘
09:44:13,19.46,0.0,2,3892,卖盘
09:44:17,19.46,0.0,23,44758,卖盘
09:44:19,19.46,0.0,110,214060,卖盘
09:44:22,19.46,0.0,156,303576,卖盘
09:44:28,19.46,0.0,28,54488,卖盘
09:44:31,19.46,0.0,15,29190,卖盘
09:44:34,19.46,0.0,5,9730,卖盘
09:44:37,19.46,0.0,32,62272,卖盘
09:44:43,19.46,0.0,243,472878,卖盘
09:44:46,19.46,0.0,6,11676,卖盘
09:44:49,19.46,0.0,11,21406,卖盘
09:44:52,19.46,0.0,42,81732,卖盘
09:44:55,19.46,0.0,65,126490,卖盘
09:45:01,19.46,0.0,7,13622,卖盘
09:45:04,19.46,0.0,1,1946,卖盘
09:45:07,19.46,0.0,16,31136,卖盘
09:45:10,19.46,0.0,30,58380,卖盘
09:45:17,19.46,0.0,1,1946,卖盘
09:45:19,19.46,0.0,45,87570,卖盘
09:45:22,19.46,0.0,8,15568,卖盘
09:45:25,19.46,0.0,116,225736,卖盘
09:45:28,19.46,0.0,51,99246,卖盘
09:45:31,19.46,0.0,6,11676,卖盘
09:45:34,19.46,0.0,130,252980,卖盘
09:45:37,19.46,0.0,8,15568,卖盘
09:45:40,19.46,0.0,2,3892,卖盘
09:45:43,19.46,0.0,23,44758,卖盘
09:45:46,19.46,0.0,1,1946,卖盘
09:45:49,19.46,0.0,13,25298,卖盘
09:45:52,19.46,0.0,21,40866,卖盘
09:45:55,19.46,0.0,4,7784,卖盘
09:45:58,19.46,0.0,260,505960,卖盘
09:46:01,19.46,0.0,6,11676,卖盘
09:46:04,19.46,0.0,1,1946,卖盘
09:46:07,19.46,0.0,90,175140,卖盘
09:46:10,19.46,0.0,13,25298,卖盘
09:46:13,19.46,0.0,39,75894,卖盘
09:46:16,19.46,0.0,30,58380,卖盘
09:46:22,19.46,0.0,522,1015812,卖盘
09:46:25,19.46,0.0,40,77840,卖盘
09:46:28,19.46,0.0,5,9730,卖盘
09:46:38,19.46,0.0,18,35028,卖盘
09:46:40,19.46,0.0,51,99246,卖盘
09:46:44,19.46,0.0,17,33082,卖盘
09:46:46,19.46,0.0,13,25298,卖盘
09:46:49,19.46,0.0,2,3892,卖盘
09:46:52,19.46,0.0,5,9730,卖盘
09:46:55,19.46,0.0,4,7784,卖盘
09:46:59,19.46,0.0,17,33082,卖盘
09:47:01,19.46,0.0,43,83678,卖盘
09:47:04,19.46,0.0,5,9730,卖盘
09:47:08,19.46,0.0,4,7784,卖盘
09:47:10,19.46,0.0,89,173194,卖盘
09:47:13,19.46,0.0,1,1946,卖盘
09:47:19,19.46,0.0,209,406714,卖盘
09:47:22,19.46,0.0,140,272440,卖盘
09:47:25,19.46,0.0,291,566286,卖盘
09:47:28,19.46,0.0,9,17514,卖盘
09:47:31,19.46,0.0,32,62272,卖盘
09:47:34,19.46,0.0,20,38920,卖盘
09:47:37,19.46,0.0,23,44758,卖盘
09:47:40,19.46,0.0,7,13622,卖盘
09:47:43,19.46,0.0,8,15568,卖盘
09:47:50,19.46,0.0,23,44758,卖盘
09:47:52,19.46,0.0,8,15568,卖盘
09:47:55,19.46,0.0,109,212114,卖盘
09:47:58,19.46,0.0,8,15568,卖盘
09:48:01,19.46,0.0,10,19460,卖盘
09:48:04,19.46,0.0,13,25298,卖盘
09:48:07,19.46,0.0,90,175140,卖盘
09:48:10,19.46,0.0,1,1946,卖盘
09:48:13,19.46,0.0,10,19460,卖盘
09:48:16,19.46,0.0,7,13622,卖盘
09:48:19,19.46,0.0,30,58380,卖盘
09:48:22,19.46,0.0,82,159572,卖盘
09:48:25,19.46,0.0,14,27244,卖盘
09:48:28,19.46,0.0,91,177086,卖盘
09:48:31,19.46,0.0,38,73948,卖盘
09:48:37,19.46,0.0,19,36974,卖盘
09:48:40,19.46,0.0,2,3892,卖盘
09:48:46,19.46,0.0,5,9730,卖盘
09:48:49,19.46,0.0,2,3892,卖盘
09:48:52,19.46,0.0,48,93408,卖盘
09:48:55,19.46,0.0,53,103138,卖盘
09:48:58,19.46,0.0,98,190708,卖盘
09:49:01,19.46,0.0,20,38920,卖盘
09:49:04,19.46,0.0,61,118706,卖盘
09:49:07,19.46,0.0,179,348334,卖盘
09:49:10,19.46,0.0,72,140112,卖盘
09:49:13,19.46,0.0,38,73948,卖盘
09:49:16,19.46,0.0,15,29190,卖盘
09:49:20,19.46,0.0,12,23352,卖盘
09:49:25,19.46,0.0,1,1946,卖盘
09:49:31,19.46,0.0,60,116760,卖盘
09:49:34,19.46,0.0,13,25298,卖盘
09:49:41,19.46,0.0,17,33082,卖盘
09:49:43,19.46,0.0,11,21406,卖盘
09:49:46,19.46,0.0,18,35028,卖盘
09:49:52,19.46,0.0,20,38920,卖盘
09:49:55,19.46,0.0,104,202384,卖盘
09:49:58,19.46,0.0,42,81732,卖盘
09:50:01,19.46,0.0,5,9730,卖盘
09:50:04,19.46,0.0,13,25298,卖盘
09:50:07,19.46,0.0,17,33082,卖盘
09:50:10,19.46,0.0,29,56434,卖盘
09:50:13,19.46,0.0,1,1946,卖盘
09:50:16,19.46,0.0,63,122598,卖盘
09:50:19,19.46,0.0,6,11676,卖盘
09:50:22,19.46,0.0,9,17514,卖盘
09:50:28,19.46,0.0,25,48650,卖盘
09:50:31,19.46,0.0,7,13622,卖盘
09:50:40,19.46,0.0,133,258818,卖盘
09:50:43,19.46,0.0,24,46704,卖盘
09:50:49,19.46,0.0,8,15568,卖盘
09:50:52,19.46,0.0,116,225736,卖盘
09:50:55,19.46,0.0,2,3892,卖盘
09:50:58,19.46,0.0,7,13622,卖盘
09:51:01,19.46,0.0,18,35028,卖盘
09:51:04,19.46,0.0,1,1946,卖盘
09:51:07,19.46,0.0,9,17514,卖盘
09:51:10,19.46,0.0,10,19460,卖盘
09:51:13,19.46,0.0,6,11676,卖盘
09:51:16,19.46,0.0,30,58380,卖盘
09:51:19,19.46,0.0,169,328874,卖盘
09:51:22,19.46,0.0,8,15568,卖盘
09:51:25,19.46,0.0,76,147896,卖盘
09:51:31,19.46,0.0,292,568232,卖盘
09:51:34,19.46,0.0,4,7784,卖盘
09:51:37,19.46,0.0,9,17514,卖盘
09:51:40,19.46,0.0,33,64218,卖盘
09:51:46,19.46,0.0,98,190708,卖盘
09:51:49,19.46,0.0,24,46704,卖盘
09:51:52,19.46,0.0,14,27244,卖盘
09:51:55,19.46,0.0,165,321090,卖盘
09:51:58,19.46,0.0,13,25298,卖盘
09:52:01,19.46,0.0,20,38920,卖盘
09:52:04,19.46,0.0,1,1946,卖盘
09:52:10,19.46,0.0,177,344442,卖盘
09:52:14,19.46,0.0,5,9730,卖盘
09:52:16,19.46,0.0,1,1946,卖盘
09:52:19,19.46,0.0,86,167356,卖盘
09:52:22,19.46,0.0,52,101192,卖盘
09:52:31,19.46,0.0,21,40866,卖盘
09:52:34,19.46,0.0,1,1946,卖盘
09:52:37,19.46,0.0,10,19460,卖盘
09:52:40,19.46,0.0,45,87570,卖盘
09:52:43,19.46,0.0,5,9730,卖盘
09:52:46,19.46,0.0,51,99246,卖盘
09:52:49,19.46,0.0,13,25298,卖盘
09:52:52,19.46,0.0,201,391146,卖盘
09:52:55,19.46,0.0,9,17514,卖盘
09:52:58,19.46,0.0,54,105084,卖盘
09:53:01,19.46,0.0,114,221844,卖盘
09:53:04,19.46,0.0,10,19460,卖盘
09:53:07,19.46,0.0,37,72002,卖盘
09:53:10,19.46,0.0,1,1946,卖盘
09:53:13,19.46,0.0,1,1946,卖盘
09:53:16,19.46,0.0,36,70056,卖盘
09:53:19,19.46,0.0,1,1946,卖盘
09:53:23,19.46,0.0,22,42812,卖盘
09:53:26,19.46,0.0,94,182924,卖盘
09:53:28,19.46,0.0,6,11676,卖盘
09:53:31,19.46,0.0,1,1946,卖盘
09:53:34,19.46,0.0,43,83678,卖盘
09:53:37,19.46,0.0,7,13622,卖盘
09:53:40,19.46,0.0,101,196546,卖盘
09:53:43,19.46,0.0,102,198492,卖盘
09:53:46,19.46,0.0,46,89516,卖盘
09:53:50,19.46,0.0,23,44758,卖盘
09:53:55,19.46,0.0,13,25298,卖盘
09:53:58,19.46,0.0,14,27244,卖盘
09:54:01,19.46,0.0,1,1946,卖盘
09:54:04,19.46,0.0,3,5838,卖盘
09:54:07,19.46,0.0,22,42812,卖盘
09:54:10,19.46,0.0,48,93408,卖盘
09:54:13,19.46,0.0,14,27244,卖盘
09:54:16,19.46,0.0,24,46704,卖盘
09:54:19,19.46,0.0,147,286062,卖盘
09:54:22,19.46,0.0,4,7784,卖盘
09:54:25,19.46,0.0,20,38920,卖盘
09:54:28,19.46,0.0,10,19460,卖盘
09:54:31,19.46,0.0,24,46704,卖盘
09:54:34,19.46,0.0,5,9730,卖盘
09:54:37,19.46,0.0,165,321090,卖盘
09:54:40,19.46,0.0,23,44758,卖盘
09:54:43,19.46,0.0,13,25298,卖盘
09:54:46,19.46,0.0,53,103138,卖盘
09:54:49,19.46,0.0,5,9730,卖盘
09:54:52,19.46,0.0,14,27244,卖盘
09:54:55,19.46,0.0,3,5838,卖盘
09:54:58,19.46,0.0,1,1946,卖盘
09:55:01,19.46,0.0,4,7784,卖盘
09:55:04,19.46,0.0,9,17514,卖盘
09:55:07,19.46,0.0,6,11676,卖盘
09:55:10,19.46,0.0,20,38920,卖盘
09:55:16,19.46,0.0,50,97300,卖盘
09:55:19,19.46,0.0,24,46704,卖盘
09:55:23,19.46,0.0,2,3892,卖盘
09:55:25,19.46,0.0,6,11676,卖盘
09:55:28,19.46,0.0,9,17514,卖盘
09:55:31,19.46,0.0,30,58380,卖盘
09:55:35,19.46,0.0,66,128436,卖盘
09:55:37,19.46,0.0,50,97300,卖盘
09:55:40,19.46,0.0,50,97300,卖盘
09:55:43,19.46,0.0,61,118706,卖盘
09:55:46,19.46,0.0,350,681100,卖盘
09:55:49,19.46,0.0,46,89516,卖盘
09:55:52,19.46,0.0,71,138166,卖盘
09:55:55,19.46,0.0,21,40866,卖盘
09:55:58,19.46,0.0,10,19460,卖盘
09:56:01,19.46,0.0,15,29190,卖盘
09:56:04,19.46,0.0,315,612990,卖盘
09:56:07,19.46,0.0,16,31136,卖盘
09:56:10,19.46,0.0,12,23352,卖盘
09:56:13,19.46,0.0,126,245196,卖盘
09:56:16,19.46,0.0,29,56434,卖盘
09:56:19,19.46,0.0,53,103138,卖盘
09:56:25,19.46,0.0,11,21406,卖盘
09:56:28,19.46,0.0,134,260764,卖盘
09:56:31,19.46,0.0,60,116760,卖盘
09:56:34,19.46,0.0,24,46704,卖盘
09:56:37,19.46,0.0,10,19460,卖盘
09:56:40,19.46,0.0,104,202384,卖盘
09:56:44,19.46,0.0,61,118706,卖盘
09:56:46,19.46,0.0,10,19460,卖盘
09:56:49,19.46,0.0,127,247142,卖盘
09:56:52,19.46,0.0,33,64218,卖盘
09:56:55,19.46,0.0,11,21406,卖盘
09:56:58,19.46,0.0,60,116760,卖盘
09:57:01,19.46,0.0,57,110922,卖盘
09:57:05,19.46,0.0,193,375578,卖盘
09:57:07,19.46,0.0,20,38920,卖盘
09:57:10,19.46,0.0,34,66164,卖盘
09:57:13,19.46,0.0,233,453418,卖盘
09:57:16,19.46,0.0,35,68110,卖盘
09:57:20,19.46,0.0,10,19460,卖盘
09:57:22,19.46,0.0,130,252980,卖盘
09:57:25,19.46,0.0,222,432012,卖盘
09:57:28,19.46,0.0,210,408660,卖盘
09:57:31,19.46,0.0,73,142058,卖盘
09:57:34,19.46,0.0,587,1142302,卖盘
09:57:38,19.46,0.0,48,93408,卖盘
09:57:40,19.46,0.0,230,447580,卖盘
09:57:46,19.46,0.0,40,77840,卖盘
09:57:49,19.46,0.0,160,311360,卖盘
09:57:52,19.46,0.0,52,101192,卖盘
09:57:55,19.46,0.0,116,225736,卖盘
09:57:58,19.46,0.0,129,251034,卖盘
09:58:01,19.46,0.0,91,177086,卖盘
09:58:04,19.46,0.0,45,87570,卖盘
09:58:07,19.46,0.0,30,58380,卖盘
09:58:10,19.46,0.0,5,9730,卖盘
09:58:13,19.46,0.0,10,19460,卖盘
09:58:16,19.46,0.0,9,17514,卖盘
09:58:19,19.46,0.0,12,23352,卖盘
09:58:22,19.46,0.0,17,33082,卖盘
09:58:25,19.46,0.0,56,108976,卖盘
09:58:28,19.46,0.0,39,75894,卖盘
09:58:31,19.46,0.0,246,478716,卖盘
09:58:34,19.46,0.0,70,136220,卖盘
09:58:40,19.46,0.0,33,64218,卖盘
09:58:43,19.46,0.0,32,62272,卖盘
09:58:46,19.46,0.0,40,77840,卖盘
09:58:49,19.46,0.0,5,9924,卖盘
09:58:52,19.46,0.0,15,29190,卖盘
09:58:55,19.46,0.0,136,264656,卖盘
09:58:58,19.46,0.0,7,13622,卖盘
09:59:01,19.46,0.0,29,56434,卖盘
09:59:04,19.46,0.0,100,194600,卖盘
09:59:07,19.46,0.0,10,19460,卖盘
09:59:10,19.46,0.0,43,83678,卖盘
09:59:13,19.46,0.0,9,17514,卖盘
09:59:16,19.46,0.0,26,50596,卖盘
09:59:19,19.46,0.0,4,7784,卖盘
09:59:22,19.46,0.0,10,19460,卖盘
09:59:25,19.46,0.0,12,23352,卖盘
09:59:28,19.46,0.0,53,103138,卖盘
09:59:34,19.46,0.0,53,103138,卖盘
09:59:37,19.46,0.0,3,5838,卖盘
09:59:40,19.46,0.0,28,54488,卖盘
09:59:43,19.46,0.0,10,19460,卖盘
09:59:49,19.46,0.0,12,23352,卖盘
09:59:55,19.46,0.0,90,175140,卖盘
09:59:58,19.46,0.0,20,38920,卖盘
10:00:01,19.46,0.0,6,11676,卖盘
10:00:04,19.46,0.0,17,33082,卖盘
10:00:08,19.46,0.0,64,124544,卖盘
10:00:10,19.46,0.0,151,293846,卖盘
10:00:13,19.46,0.0,2,3892,卖盘
10:00:16,19.46,0.0,4,7784,卖盘
10:00:19,19.46,0.0,15,29190,卖盘
10:00:22,19.46,0.0,52,101192,卖盘
10:00:25,19.46,0.0,10,19460,卖盘
10:00:28,19.46,0.0,63,122598,卖盘
10:00:31,19.46,0.0,18,35028,卖盘
10:00:34,19.46,0.0,50,97300,卖盘
10:00:40,19.46,0.0,26,50596,卖盘
10:00:43,19.46,0.0,11,21406,卖盘
10:00:46,19.46,0.0,17,33082,卖盘
10:00:49,19.46,0.0,14,27244,卖盘
10:00:55,19.46,0.0,15,29190,卖盘
10:01:01,19.46,0.0,35,68110,卖盘
10:01:04,19.46,0.0,98,190708,卖盘
10:01:07,19.46,0.0,111,216006,卖盘
10:01:13,19.46,0.0,71,138166,卖盘
10:01:16,19.46,0.0,12,23352,卖盘
10:01:19,19.46,0.0,544,1058624,卖盘
10:01:23,19.46,0.0,32,62272,卖盘
10:01:25,19.46,0.0,57,110922,卖盘
10:01:28,19.46,0.0,28,54488,卖盘
10:01:31,19.46,0.0,5,9730,卖盘
10:01:35,19.46,0.0,55,107030,卖盘
10:01:37,19.46,0.0,318,618828,卖盘
10:01:40,19.46,0.0,15,29190,卖盘
10:01:43,19.46,0.0,8,15568,卖盘
10:01:46,19.46,0.0,15,29190,卖盘
10:01:50,19.46,0.0,143,278278,卖盘
10:01:53,19.46,0.0,9,17514,卖盘
10:01:56,19.46,0.0,46,89516,卖盘
10:01:59,19.46,0.0,9,17514,卖盘
10:02:01,19.46,0.0,26,50596,卖盘
10:02:04,19.46,0.0,210,408660,卖盘
10:02:07,19.46,0.0,75,145950,卖盘
10:02:10,19.46,0.0,72,140112,卖盘
10:02:13,19.46,0.0,58,112868,卖盘
10:02:16,19.46,0.0,11,21406,卖盘
10:02:20,19.46,0.0,7,13622,卖盘
10:02:26,19.46,0.0,19,36974,卖盘
10:02:28,19.46,0.0,15,29190,卖盘
10:02:32,19.46,0.0,31,60326,卖盘
10:02:34,19.46,0.0,15,29190,卖盘
10:02:37,19.46,0.0,30,58380,卖盘
10:02:40,19.46,0.0,1,1946,卖盘
10:02:43,19.46,0.0,2,3892,卖盘
10:02:46,19.46,0.0,38,73948,卖盘
10:02:49,19.46,0.0,220,428120,卖盘
10:02:52,19.46,0.0,51,99246,卖盘
10:02:58,19.46,0.0,7,13622,卖盘
10:03:01,19.46,0.0,5,9730,卖盘
10:03:04,19.46,0.0,33,64218,卖盘
10:03:07,19.46,0.0,323,628558,卖盘
10:03:10,19.46,0.0,503,978838,卖盘
10:03:13,19.46,0.0,101,196546,卖盘
10:03:16,19.46,0.0,50,97300,卖盘
10:03:19,19.46,0.0,17,33082,卖盘
10:03:22,19.46,0.0,39,75894,卖盘
10:03:25,19.46,0.0,50,97300,卖盘
10:03:28,19.46,0.0,26,50596,卖盘
10:03:31,19.46,0.0,16,31136,卖盘
10:03:40,19.46,0.0,5,9730,卖盘
10:03:43,19.46,0.0,29,56434,卖盘
10:03:46,19.46,0.0,70,136220,卖盘
10:03:49,19.46,0.0,18,35028,卖盘
10:03:52,19.46,0.0,115,223790,卖盘
10:03:55,19.46,0.0,8,15568,卖盘
10:03:58,19.46,0.0,26,50596,卖盘
10:04:01,19.46,0.0,15,29190,卖盘
10:04:05,19.46,0.0,186,361956,卖盘
10:04:07,19.46,0.0,14,27244,卖盘
10:04:10,19.46,0.0,69,134274,卖盘
10:04:13,19.46,0.0,15,29190,卖盘
10:04:16,19.46,0.0,54,105084,卖盘
10:04:19,19.46,0.0,63,122598,卖盘
10:04:23,19.46,0.0,29,56434,卖盘
10:04:25,19.46,0.0,20,38920,卖盘
10:04:29,19.46,0.0,77,149842,卖盘
10:04:31,19.46,0.0,21,40866,卖盘
10:04:34,19.46,0.0,16,31136,卖盘
10:04:37,19.46,0.0,17,33082,卖盘
10:04:40,19.46,0.0,151,293846,卖盘
10:04:43,19.46,0.0,211,410606,卖盘
10:04:46,19.46,0.0,89,173194,卖盘
10:04:49,19.46,0.0,8,15568,卖盘
10:04:52,19.46,0.0,124,241304,卖盘
10:04:59,19.46,0.0,14,27244,卖盘
10:05:01,19.46,0.0,92,179032,卖盘
10:05:08,19.46,0.0,8,15568,卖盘
10:05:10,19.46,0.0,2,3892,卖盘
10:05:13,19.46,0.0,66,128436,卖盘
10:05:17,19.46,0.0,15,29190,卖盘
10:05:19,19.46,0.0,31,60326,卖盘
10:05:22,19.46,0.0,20,38920,卖盘
10:05:25,19.46,0.0,23,44758,卖盘
10:05:28,19.46,0.0,3,5838,卖盘
10:05:32,19.46,0.0,35,68110,卖盘
10:05:35,19.46,0.0,32,62272,卖盘
10:05:37,19.46,0.0,25,48650,卖盘
10:05:40,19.46,0.0,53,103138,卖盘
10:05:46,19.46,0.0,49,95354,卖盘
10:05:49,19.46,0.0,10,19460,卖盘
10:05:52,19.46,0.0,1,1946,卖盘
10:05:56,19.46,0.0,10,19460,卖盘
10:05:58,19.46,0.0,8,15568,卖盘
10:06:05,19.46,0.0,54,105084,卖盘
10:06:07,19.46,0.0,6,11676,卖盘
10:06:11,19.46,0.0,2,3892,卖盘
10:06:14,19.46,0.0,1,1946,卖盘
10:06:20,19.46,0.0,22,42812,卖盘
10:06:22,19.46,0.0,40,77840,卖盘
10:06:25,19.46,0.0,19,36974,卖盘
10:06:28,19.46,0.0,15,29190,卖盘
10:06:31,19.46,0.0,2,3892,卖盘
10:06:34,19.46,0.0,15,29190,卖盘
10:06:37,19.46,0.0,5,9730,卖盘
10:06:41,19.46,0.0,4,7784,卖盘
10:06:43,19.46,0.0,156,303576,卖盘
10:06:47,19.46,0.0,1,1946,卖盘
10:06:49,19.46,0.0,23,44758,卖盘
10:06:55,19.46,0.0,44,85624,卖盘
10:06:58,19.46,0.0,70,136220,卖盘
10:07:01,19.46,0.0,2,3892,卖盘
10:07:04,19.46,0.0,1,1946,卖盘
10:07:07,19.46,0.0,25,48650,卖盘
10:07:11,19.46,0.0,22,42812,卖盘
10:07:13,19.46,0.0,5,9730,卖盘
10:07:17,19.46,0.0,3,5838,卖盘
10:07:19,19.46,0.0,3,5838,卖盘
10:07:22,19.46,0.0,16,31136,卖盘
10:07:25,19.46,0.0,120,233520,卖盘
10:07:28,19.46,0.0,15,29190,卖盘
10:07:43,19.46,0.0,11,21406,卖盘
10:07:46,19.46,0.0,5,9730,卖盘
10:07:50,19.46,0.0,20,38920,卖盘
10:07:58,19.46,0.0,26,50596,卖盘
10:08:01,19.46,0.0,7,13622,卖盘
10:08:07,19.46,0.0,1,1946,卖盘
10:08:11,19.46,0.0,33,64218,卖盘
10:08:13,19.46,0.0,29,56434,卖盘
10:08:16,19.46,0.0,8,15568,卖盘
10:08:19,19.46,0.0,1,1946,卖盘
10:08:22,19.46,0.0,5,9730,卖盘
10:08:25,19.46,0.0,44,85624,卖盘
10:08:31,19.46,0.0,46,89516,卖盘
10:08:34,19.46,0.0,14,27244,卖盘
10:08:37,19.46,0.0,54,105084,卖盘
10:08:40,19.46,0.0,11,21406,卖盘
10:08:43,19.46,0.0,28,54488,卖盘
10:08:49,19.46,0.0,159,309414,卖盘
10:08:52,19.46,0.0,40,77840,卖盘
10:09:05,19.46,0.0,1,1946,卖盘
10:09:07,19.46,0.0,13,25298,卖盘
10:09:10,19.46,0.0,7,13622,卖盘
10:09:16,19.46,0.0,3,5838,卖盘
10:09:22,19.46,0.0,1,1946,卖盘
10:09:28,19.46,0.0,7,13622,卖盘
10:09:32,19.46,0.0,42,81732,卖盘
10:09:34,19.46,0.0,5,9730,卖盘
10:09:37,19.46,0.0,2,3892,卖盘
10:09:40,19.46,0.0,43,83678,卖盘
10:09:43,19.46,0.0,6,11676,卖盘
10:09:46,19.46,0.0,9,17514,卖盘
10:09:50,19.46,0.0,3,5838,卖盘
10:09:52,19.46,0.0,5,9730,卖盘
10:09:55,19.46,0.0,2,3892,卖盘
10:09:58,19.46,0.0,5,9730,卖盘
10:10:04,19.46,0.0,50,97300,卖盘
10:10:07,19.46,0.0,40,77840,卖盘
10:10:10,19.46,0.0,30,58380,卖盘
10:10:13,19.46,0.0,8,15568,卖盘
10:10:16,19.46,0.0,100,194600,卖盘
10:10:19,19.46,0.0,61,118706,卖盘
10:10:28,19.46,0.0,90,175140,卖盘
10:10:31,19.46,0.0,10,19460,卖盘
10:10:34,19.46,0.0,102,198492,卖盘
10:10:37,19.46,0.0,13,25298,卖盘
10:10:40,19.46,0.0,100,194600,卖盘
10:10:43,19.46,0.0,4,7784,卖盘
10:10:46,19.46,0.0,86,167356,卖盘
10:10:49,19.46,0.0,2,3892,卖盘
10:10:52,19.46,0.0,8,15568,卖盘
10:10:55,19.46,0.0,22,42812,卖盘
10:10:58,19.46,0.0,20,38920,卖盘
10:11:17,19.46,0.0,7,13622,卖盘
10:11:19,19.46,0.0,70,136220,卖盘
10:11:22,19.46,0.0,16,31136,卖盘
10:11:25,19.46,0.0,62,120652,卖盘
10:11:32,19.46,0.0,6,11676,卖盘
10:11:40,19.46,0.0,9,17514,卖盘
10:11:46,19.46,0.0,19,36974,卖盘
10:11:49,19.46,0.0,10,19460,卖盘
10:11:52,19.46,0.0,2,3892,卖盘
10:11:55,19.46,0.0,59,114814,卖盘
10:11:58,19.46,0.0,3,5838,卖盘
10:12:01,19.46,0.0,4,7784,卖盘
10:12:04,19.46,0.0,31,60326,卖盘
10:12:07,19.46,0.0,1,1946,卖盘
10:12:10,19.46,0.0,1,1946,卖盘
10:12:13,19.46,0.0,6,11676,卖盘
10:12:16,19.46,0.0,1,1946,卖盘
10:12:19,19.46,0.0,3,5838,卖盘
10:12:23,19.46,0.0,14,27244,卖盘
10:12:25,19.46,0.0,5,9730,卖盘
10:12:28,19.46,0.0,5,9730,卖盘
10:12:31,19.46,0.0,5,9730,卖盘
10:12:34,19.46,0.0,2,3892,卖盘
10:12:37,19.46,0.0,9,17514,卖盘
10:12:43,19.46,0.0,2,3892,卖盘
10:12:46,19.46,0.0,16,31136,卖盘
10:12:49,19.46,0.0,1,1946,卖盘
10:12:52,19.46,0.0,30,58380,卖盘
10:12:58,19.46,0.0,7,13622,卖盘
10:13:04,19.46,0.0,2,3892,卖盘
10:13:07,19.46,0.0,15,29190,卖盘
10:13:10,19.46,0.0,76,147896,卖盘
10:13:16,19.46,0.0,13,25298,卖盘
10:13:19,19.46,0.0,60,116760,卖盘
10:13:22,19.46,0.0,101,196546,卖盘
10:13:25,19.46,0.0,10,19460,卖盘
10:13:28,19.46,0.0,208,404768,卖盘
10:13:31,19.46,0.0,8,15568,卖盘
10:13:37,19.46,0.0,1,1946,卖盘
10:13:43,19.46,0.0,1,1946,卖盘
10:13:47,19.46,0.0,23,44758,卖盘
10:13:52,19.46,0.0,13,25298,卖盘
10:13:55,19.46,0.0,15,29190,卖盘
10:13:58,19.46,0.0,19,36974,卖盘
10:14:07,19.46,0.0,11,21406,卖盘
10:14:10,19.46,0.0,2,3892,卖盘
10:14:16,19.46,0.0,7,13622,卖盘
10:14:19,19.46,0.0,177,344442,卖盘
10:14:22,19.46,0.0,51,99246,卖盘
10:14:25,19.46,0.0,10,19460,卖盘
10:14:37,19.46,0.0,32,62272,卖盘
10:14:40,19.46,0.0,35,68110,卖盘
10:14:46,19.46,0.0,2,3892,卖盘
10:14:49,19.46,0.0,49,95354,卖盘
10:14:55,19.46,0.0,5,9730,卖盘
10:14:58,19.46,0.0,11,21406,卖盘
10:15:01,19.46,0.0,75,145950,卖盘
10:15:04,19.46,0.0,8,15568,卖盘
10:15:07,19.46,0.0,9,17514,卖盘
10:15:16,19.46,0.0,14,27244,卖盘
10:15:22,19.46,0.0,61,118706,卖盘
10:15:31,19.46,0.0,1,1946,卖盘
10:15:34,19.46,0.0,5,9730,卖盘
10:15:37,19.46,0.0,23,44758,卖盘
10:15:40,19.46,0.0,1,1946,卖盘
10:15:46,19.46,0.0,31,60326,卖盘
10:15:49,19.46,0.0,5,9730,卖盘
10:15:52,19.46,0.0,4,7784,卖盘
10:15:58,19.46,0.0,49,95354,卖盘
10:16:04,19.46,0.0,10,19460,卖盘
10:16:10,19.46,0.0,4,7784,卖盘
10:16:16,19.46,0.0,4,7784,卖盘
10:16:19,19.46,0.0,6,11676,卖盘
10:16:28,19.46,0.0,6,11676,卖盘
10:16:31,19.46,0.0,23,44758,卖盘
10:16:37,19.46,0.0,283,550718,卖盘
10:16:40,19.46,0.0,10,19460,卖盘
10:16:43,19.46,0.0,1,1946,卖盘
10:16:53,19.46,0.0,1,1946,卖盘
10:16:55,19.46,0.0,20,38920,卖盘
10:16:58,19.46,0.0,20,38920,卖盘
10:17:01,19.46,0.0,21,40866,卖盘
10:17:04,19.46,0.0,4,7784,卖盘
10:17:07,19.46,0.0,12,23352,卖盘
10:17:10,19.46,0.0,48,93408,卖盘
10:17:13,19.46,0.0,1,1946,卖盘
10:17:16,19.46,0.0,3,5838,卖盘
10:17:19,19.46,0.0,2,3892,卖盘
10:17:23,19.46,0.0,37,72002,卖盘
10:17:28,19.46,0.0,26,50596,卖盘
10:17:31,19.46,0.0,27,52542,卖盘
10:17:37,19.46,0.0,7,13622,卖盘
10:17:40,19.46,0.0,59,114814,卖盘
10:17:46,19.46,0.0,83,161518,卖盘
10:17:49,19.46,0.0,1,1946,卖盘
10:17:52,19.46,0.0,30,58380,卖盘
10:17:55,19.46,0.0,17,33082,卖盘
10:17:58,19.46,0.0,5,9730,卖盘
10:18:04,19.46,0.0,17,33082,卖盘
10:18:07,19.46,0.0,5,9730,卖盘
10:18:10,19.46,0.0,4,7784,卖盘
10:18:13,19.46,0.0,16,31136,卖盘
10:18:16,19.46,0.0,301,585746,卖盘
10:18:19,19.46,0.0,4,7784,卖盘
10:18:25,19.46,0.0,75,145950,卖盘
10:18:28,19.46,0.0,1,1946,卖盘
10:18:31,19.46,0.0,32,62272,卖盘
10:18:35,19.46,0.0,50,97300,卖盘
10:18:40,19.46,0.0,3,5838,卖盘
10:18:43,19.46,0.0,1,1946,卖盘
10:18:49,19.46,0.0,2,3892,卖盘
10:18:52,19.46,0.0,1,1946,卖盘
10:18:55,19.46,0.0,74,144004,卖盘
10:18:58,19.46,0.0,3,5838,卖盘
10:19:01,19.46,0.0,22,42812,卖盘
10:19:11,19.46,0.0,9,17514,卖盘
10:19:13,19.46,0.0,31,60326,卖盘
10:19:16,19.46,0.0,1,1946,卖盘
10:19:19,19.46,0.0,1,1946,卖盘
10:19:22,19.46,0.0,3,5838,卖盘
10:19:25,19.46,0.0,2,3892,卖盘
10:19:28,19.46,0.0,2,3892,卖盘
10:19:34,19.46,0.0,2,3892,卖盘
10:19:37,19.46,0.0,12,23352,卖盘
10:19:40,19.46,0.0,2,3892,卖盘
10:19:43,19.46,0.0,1,1946,卖盘
10:19:46,19.46,0.0,8,15568,卖盘
10:19:49,19.46,0.0,30,58380,卖盘
10:19:53,19.46,0.0,57,110922,卖盘
10:19:55,19.46,0.0,69,134274,卖盘
10:20:01,19.46,0.0,4,7784,卖盘
10:20:04,19.46,0.0,3,5838,卖盘
10:20:07,19.46,0.0,17,33082,卖盘
10:20:10,19.46,0.0,2,3892,卖盘
10:20:13,19.46,0.0,1,1946,卖盘
10:20:16,19.46,0.0,60,116760,卖盘
10:20:20,19.46,0.0,34,66164,卖盘
10:20:25,19.46,0.0,4,7784,卖盘
10:20:28,19.46,0.0,20,38920,卖盘
10:20:31,19.46,0.0,8,15568,卖盘
10:20:34,19.46,0.0,21,40866,卖盘
10:20:43,19.46,0.0,83,161518,卖盘
10:20:47,19.46,0.0,1,1946,卖盘
10:20:49,19.46,0.0,7,13622,卖盘
10:20:52,19.46,0.0,7,13622,卖盘
10:20:55,19.46,0.0,214,416444,卖盘
10:20:58,19.46,0.0,14,27244,卖盘
10:21:01,19.46,0.0,5,9730,卖盘
10:21:04,19.46,0.0,20,38920,卖盘
10:21:11,19.46,0.0,3,5838,卖盘
10:21:13,19.46,0.0,307,597422,卖盘
10:21:19,19.46,0.0,12,23352,卖盘
10:21:22,19.46,0.0,15,29190,卖盘
10:21:25,19.46,0.0,61,118706,卖盘
10:21:28,19.46,0.0,1,1946,卖盘
10:21:31,19.46,0.0,19,36974,卖盘
10:21:34,19.46,0.0,2,3892,卖盘
10:21:37,19.46,0.0,18,35028,卖盘
10:21:43,19.46,0.0,34,66164,卖盘
10:21:47,19.46,0.0,4,7784,卖盘
10:21:49,19.46,0.0,7,13622,卖盘
10:21:52,19.46,0.0,105,204330,卖盘
10:21:55,19.46,0.0,1,1946,卖盘
10:21:58,19.46,0.0,38,73948,卖盘
10:22:01,19.46,0.0,5,9730,卖盘
10:22:04,19.46,0.0,5,9730,卖盘
10:22:07,19.46,0.0,15,29190,卖盘
10:22:10,19.46,0.0,8,15568,卖盘
10:22:13,19.46,0.0,1,1946,卖盘
10:22:19,19.46,0.0,102,198492,卖盘
10:22:22,19.46,0.0,20,38920,卖盘
10:22:25,19.46,0.0,36,70056,卖盘
10:22:28,19.46,0.0,39,75894,卖盘
10:22:31,19.46,0.0,4,7784,卖盘
10:22:43,19.46,0.0,4,7784,卖盘
10:22:46,19.46,0.0,1,1946,卖盘
10:22:55,19.46,0.0,6,11676,卖盘
10:22:58,19.46,0.0,3,5838,卖盘
10:23:04,19.46,0.0,34,66164,卖盘
10:23:07,19.46,0.0,52,101192,卖盘
10:23:10,19.46,0.0,150,291900,卖盘
10:23:13,19.46,0.0,44,85624,卖盘
10:23:16,19.46,0.0,1,1946,卖盘
10:23:20,19.46,0.0,4,7784,卖盘
10:23:22,19.46,0.0,116,225736,卖盘
10:23:25,19.46,0.0,14,27244,卖盘
10:23:28,19.46,0.0,1,1946,卖盘
10:23:31,19.46,0.0,2,3892,卖盘
10:23:34,19.46,0.0,123,239358,卖盘
10:23:38,19.46,0.0,570,1109220,卖盘
10:23:41,19.46,0.0,243,472878,卖盘
10:23:43,19.46,0.0,208,404768,卖盘
10:23:46,19.46,0.0,64,124544,卖盘
10:23:49,19.46,0.0,200,389200,卖盘
10:23:52,19.46,0.0,95,184870,卖盘
10:23:55,19.46,0.0,155,301630,卖盘
10:23:58,19.46,0.0,204,396984,卖盘
10:24:01,19.46,0.0,223,433958,卖盘
10:24:04,19.46,0.0,171,332766,卖盘
10:24:07,19.46,0.0,32,62272,卖盘
10:24:10,19.46,0.0,428,832888,卖盘
10:24:13,19.46,0.0,224,435904,卖盘
10:24:16,19.46,0.0,254,494284,卖盘
10:24:19,19.46,0.0,993,1932378,卖盘
10:24:22,19.46,0.0,25,48650,卖盘
10:24:25,19.46,0.0,96,186816,卖盘
10:24:28,19.46,0.0,83,161518,卖盘
10:24:31,19.46,0.0,320,622720,卖盘
10:24:34,19.46,0.0,40,77840,卖盘
10:24:37,19.46,0.0,64,124544,卖盘
10:24:40,19.46,0.0,310,603260,卖盘
10:24:43,19.46,0.0,677,1317442,卖盘
10:24:46,19.46,0.0,251,488446,卖盘
10:24:49,19.46,0.0,144,280224,卖盘
10:24:52,19.46,0.0,312,607152,卖盘
10:24:55,19.46,0.0,126,245196,卖盘
10:24:58,19.46,0.0,66,128436,卖盘
10:25:01,19.46,0.0,323,628558,卖盘
10:25:04,19.46,0.0,59,114814,卖盘
10:25:07,19.46,0.0,436,848456,卖盘
10:25:10,19.46,0.0,182,354172,卖盘
10:25:13,19.46,0.0,314,611044,卖盘
10:25:16,19.46,0.0,282,548772,卖盘
10:25:19,19.46,0.0,2374,4619804,卖盘
10:25:22,19.46,0.0,364,708344,卖盘
10:25:25,19.46,0.0,570,1109220,卖盘
10:25:29,19.46,0.0,2156,4195576,卖盘
10:25:31,19.46,0.0,1207,2348822,卖盘
10:25:34,19.46,0.0,1188,2311848,卖盘
10:25:37,19.46,0.0,396,770616,卖盘
10:25:40,19.46,0.0,918,1786428,卖盘
10:25:43,19.46,0.0,632,1229872,卖盘
10:25:46,19.46,0.0,6867,13363182,卖盘
10:25:49,19.46,0.0,1485,2889810,卖盘
10:25:52,19.46,0.0,29419,57249374,卖盘
10:25:55,19.46,0.0,146830,285731180,卖盘
10:25:58,19.3,-0.16,26412,51355911,卖盘
10:26:01,19.27,-0.03,5559,10671728,卖盘
10:26:04,19.13,-0.14,2314,4446233,中性盘
10:26:07,19.3,0.17,4397,8467748,买盘
10:26:10,19.43,0.13,19318,37540486,买盘
10:26:13,19.46,0.03,9668,18808492,买盘
10:26:16,19.46,0.0,2337,4547802,卖盘
10:26:19,19.46,0.0,653,1270738,卖盘
10:26:22,19.46,0.0,1561,3037706,卖盘
10:26:25,19.46,0.0,1133,2204818,卖盘
10:26:28,19.46,0.0,1712,3331552,卖盘
10:26:31,19.46,0.0,601,1169546,卖盘
10:26:34,19.46,0.0,958,1864268,卖盘
10:26:37,19.46,0.0,859,1671614,卖盘
10:26:40,19.46,0.0,1139,2216494,卖盘
10:26:43,19.46,0.0,655,1274630,卖盘
10:26:46,19.46,0.0,789,1535394,卖盘
10:26:49,19.46,0.0,2944,5729024,卖盘
10:26:52,19.46,0.0,26880,52308480,卖盘
10:26:55,19.46,0.0,25133,48908487,卖盘
10:26:58,19.42,-0.04,3126,6076838,卖盘
10:27:01,19.34,-0.08,1768,3412956,卖盘
10:27:04,19.29,-0.05,1070,2068605,卖盘
10:27:07,19.4,0.11,4013,7763852,买盘
10:27:10,19.46,0.06,4813,9333458,买盘
10:27:13,19.46,0.0,19206,37280660,买盘
10:27:16,19.46,0.0,5799,11281988,买盘
10:27:19,19.46,0.0,2666,5188036,卖盘
10:27:22,19.46,0.0,3251,6326446,卖盘
10:27:25,19.46,0.0,2834,5514964,卖盘
10:27:28,19.46,0.0,4938,9609348,卖盘
10:27:31,19.46,0.0,1210,2354660,卖盘
10:27:34,19.46,0.0,11360,22106560,卖盘
10:27:37,19.46,0.0,5533,10767218,卖盘
10:27:41,19.46,0.0,9784,19039664,卖盘
10:27:43,19.46,0.0,6708,13053768,卖盘
10:27:46,19.46,0.0,10631,20687926,卖盘
10:27:50,19.46,0.0,9245,17991139,卖盘
10:27:52,19.37,-0.09,10641,20703331,卖盘
10:27:55,19.46,0.09,863,1677943,买盘
10:27:58,19.46,0.0,3600,7003872,买盘
10:28:01,19.46,0.0,2836,5517178,买盘
10:28:04,19.46,0.0,3428,6667302,买盘
10:28:07,19.41,-0.05,5107,9934334,中性盘
10:28:10,19.4,-0.01,2639,5129441,卖盘
10:28:13,19.39,-0.01,1958,3794081,卖盘
10:28:16,19.31,-0.08,1531,2960989,卖盘
10:28:19,19.31,0.0,1138,2200698,卖盘
10:28:22,19.28,-0.03,2400,4634110,卖盘
10:28:25,19.3,0.02,2237,4322922,买盘
10:28:29,19.3,0.0,3529,6815915,买盘
10:28:31,19.33,0.03,3954,7631173,买盘
10:28:34,19.39,0.06,2874,5563804,买盘
10:28:37,19.39,0.0,3414,6618063,买盘
10:28:40,19.39,0.0,4265,8264778,买盘
10:28:43,19.45,0.06,3363,6529415,买盘
10:28:46,19.45,0.0,4416,8583357,买盘
10:28:49,19.46,0.01,6301,12258158,买盘
10:28:52,19.46,0.0,5459,10616766,买盘
10:28:55,19.46,0.0,8005,15573661,买盘
10:28:58,19.46,0.0,7424,14443592,买盘
10:29:01,19.46,0.0,6294,12240397,买盘
10:29:04,19.46,0.0,9031,17567787,买盘
10:29:07,19.46,0.0,6192,12049370,买盘
10:29:10,19.46,0.0,1963,3819998,卖盘
10:29:13,19.46,0.0,1473,2866458,卖盘
10:29:16,19.46,0.0,1030,2004380,卖盘
10:29:19,19.46,0.0,1136,2210656,卖盘
10:29:23,19.46,0.0,941,1831186,卖盘
10:29:25,19.46,0.0,862,1677452,卖盘
10:29:28,19.46,0.0,1870,3639020,卖盘
10:29:31,19.46,0.0,573,1115058,卖盘
10:29:34,19.46,0.0,692,1346632,卖盘
10:29:37,19.46,0.0,602,1171492,卖盘
10:29:40,19.46,0.0,320,622720,卖盘
10:29:43,19.46,0.0,405,788130,卖盘
10:29:46,19.46,0.0,406,790076,卖盘
10:29:49,19.46,0.0,717,1395282,卖盘
10:29:52,19.46,0.0,805,1566530,卖盘
10:29:55,19.46,0.0,192,373632,卖盘
10:29:58,19.46,0.0,106,206276,卖盘
10:30:01,19.46,0.0,496,965216,卖盘
10:30:04,19.46,0.0,206,400876,卖盘
10:30:07,19.46,0.0,332,646072,卖盘
10:30:10,19.46,0.0,466,906836,卖盘
10:30:13,19.46,0.0,379,737534,卖盘
10:30:16,19.46,0.0,1599,3111654,卖盘
10:30:19,19.46,0.0,426,828996,卖盘
10:30:22,19.46,0.0,159,309725,卖盘
10:30:26,19.46,0.0,549,1068354,卖盘
10:30:28,19.46,0.0,411,799806,卖盘
10:30:31,19.46,0.0,154,299684,卖盘
10:30:34,19.46,0.0,1017,1979082,卖盘
10:30:37,19.46,0.0,211,410606,卖盘
10:30:40,19.46,0.0,393,764778,卖盘
10:30:43,19.46,0.0,278,540988,卖盘
10:30:46,19.46,0.0,1369,2664074,卖盘
10:30:49,19.46,0.0,1485,2889810,卖盘
10:30:52,19.46,0.0,827,1609342,卖盘
10:30:55,19.46,0.0,698,1358308,卖盘
10:30:58,19.46,0.0,496,965216,卖盘
10:31:01,19.46,0.0,949,1846754,卖盘
10:31:04,19.46,0.0,282,548772,卖盘
10:31:07,19.46,0.0,213,414498,卖盘
10:31:10,19.46,0.0,137,266602,卖盘
10:31:13,19.46,0.0,2296,4468016,卖盘
10:31:16,19.46,0.0,390,758940,卖盘
10:31:19,19.46,0.0,916,1782536,卖盘
10:31:22,19.46,0.0,933,1815618,卖盘
10:31:25,19.46,0.0,375,729750,卖盘
10:31:28,19.46,0.0,633,1231818,卖盘
10:31:31,19.46,0.0,304,591584,卖盘
10:31:34,19.46,0.0,743,1445878,卖盘
10:31:37,19.46,0.0,3387,6591102,卖盘
10:31:40,19.46,0.0,6852,13333992,卖盘
10:31:43,19.46,0.0,18426,35856996,卖盘
10:31:46,19.46,0.0,16638,32377487,卖盘
10:31:49,19.46,0.0,2280,4433416,买盘
10:31:52,19.46,0.0,1218,2368743,买盘
10:31:55,19.4,-0.06,1212,2355238,卖盘
10:31:58,19.4,0.0,1255,2438805,买盘
10:32:01,19.4,0.0,561,1088557,买盘
10:32:04,19.46,0.06,1786,3472668,买盘
10:32:07,19.46,0.0,4153,8079356,买盘
10:32:11,19.46,0.0,5157,10034417,买盘
10:32:13,19.46,0.0,1250,2432500,卖盘
10:32:16,19.46,0.0,1360,2646560,卖盘
10:32:19,19.46,0.0,861,1675506,卖盘
10:32:22,19.46,0.0,733,1426418,卖盘
10:32:25,19.46,0.0,3991,7766486,卖盘
10:32:28,19.46,0.0,1379,2683534,卖盘
10:32:31,19.46,0.0,673,1309658,卖盘
10:32:34,19.46,0.0,157,305522,卖盘
10:32:37,19.46,0.0,337,655802,卖盘
10:32:40,19.46,0.0,1351,2629046,卖盘
10:32:43,19.46,0.0,592,1152032,卖盘
10:32:46,19.46,0.0,575,1118950,卖盘
10:32:49,19.46,0.0,821,1597666,卖盘
10:32:52,19.46,0.0,500,973000,卖盘
10:32:55,19.46,0.0,353,686938,卖盘
10:32:58,19.46,0.0,610,1187060,卖盘
10:33:01,19.46,0.0,290,564340,卖盘
10:33:04,19.46,0.0,329,640234,卖盘
10:33:08,19.46,0.0,769,1496474,卖盘
10:33:10,19.46,0.0,153,297738,卖盘
10:33:13,19.46,0.0,401,780346,卖盘
10:33:16,19.46,0.0,1462,2845052,卖盘
10:33:19,19.46,0.0,364,708344,卖盘
10:33:22,19.46,0.0,462,899052,卖盘
10:33:25,19.46,0.0,343,667478,卖盘
10:33:28,19.46,0.0,519,1009974,卖盘
10:33:31,19.46,0.0,406,790076,卖盘
10:33:34,19.46,0.0,310,603260,卖盘
10:33:37,19.46,0.0,348,677208,卖盘
10:33:40,19.46,0.0,280,544880,卖盘
10:33:43,19.46,0.0,328,638288,卖盘
10:33:46,19.46,0.0,166,323036,卖盘
10:33:49,19.46,0.0,673,1309658,卖盘
10:33:52,19.46,0.0,501,974946,卖盘
10:33:55,19.46,0.0,241,468986,卖盘
10:33:58,19.46,0.0,954,1856484,卖盘
10:34:01,19.46,0.0,151,293846,卖盘
10:34:04,19.46,0.0,467,908782,卖盘
10:34:07,19.46,0.0,490,953540,卖盘
10:34:10,19.46,0.0,223,433958,卖盘
10:34:13,19.46,0.0,193,375578,卖盘
10:34:16,19.46,0.0,159,309414,卖盘
10:34:19,19.46,0.0,161,313306,卖盘
10:34:22,19.46,0.0,102,198492,卖盘
10:34:25,19.46,0.0,552,1074192,卖盘
10:34:28,19.46,0.0,874,1700804,卖盘
10:34:31,19.46,0.0,101,196546,卖盘
10:34:34,19.46,0.0,142,276332,卖盘
10:34:37,19.46,0.0,1064,2070544,卖盘
10:34:40,19.46,0.0,1170,2276820,卖盘
10:34:43,19.46,0.0,1439,2800294,卖盘
10:34:46,19.46,0.0,261,507906,卖盘
10:34:49,19.46,0.0,88,171248,卖盘
10:34:52,19.46,0.0,830,1615180,卖盘
10:34:55,19.46,0.0,119,231574,卖盘
10:34:58,19.46,0.0,891,1733886,卖盘
10:35:01,19.46,0.0,329,640234,卖盘
10:35:04,19.46,0.0,433,842618,卖盘
10:35:07,19.46,0.0,290,564340,卖盘
10:35:10,19.46,0.0,95,184870,卖盘
10:35:13,19.46,0.0,123,239358,卖盘
10:35:16,19.46,0.0,56,108976,卖盘
10:35:19,19.46,0.0,547,1064462,卖盘
10:35:22,19.46,0.0,122,237412,卖盘
10:35:25,19.46,0.0,47,91462,卖盘
10:35:28,19.46,0.0,131,254926,卖盘
10:35:31,19.46,0.0,120,233520,卖盘
10:35:34,19.46,0.0,530,1031380,卖盘
10:35:37,19.46,0.0,150,291900,卖盘
10:35:40,19.46,0.0,91,177086,卖盘
10:35:43,19.46,0.0,165,321090,卖盘
10:35:46,19.46,0.0,87,169302,卖盘
10:35:49,19.46,0.0,463,900998,卖盘
10:35:52,19.46,0.0,237,461202,卖盘
10:35:56,19.46,0.0,62,120652,卖盘
10:35:58,19.46,0.0,91,177086,卖盘
10:36:01,19.46,0.0,51,99246,卖盘
10:36:04,19.46,0.0,183,356118,卖盘
10:36:07,19.46,0.0,389,756994,卖盘
10:36:10,19.46,0.0,286,556556,卖盘
10:36:13,19.46,0.0,64,124544,卖盘
10:36:16,19.46,0.0,97,188762,卖盘
10:36:19,19.46,0.0,530,1031380,卖盘
10:36:22,19.46,0.0,896,1744550,卖盘
10:36:25,19.46,0.0,1339,2605694,卖盘
10:36:29,19.46,0.0,49,95354,卖盘
10:36:31,19.46,0.0,80,155680,卖盘
10:36:34,19.46,0.0,95,184870,卖盘
10:36:37,19.46,0.0,186,361956,卖盘
10:36:40,19.46,0.0,372,723912,卖盘
10:36:43,19.46,0.0,47,91462,卖盘
10:36:46,19.46,0.0,303,589638,卖盘
10:36:49,19.46,0.0,201,391146,卖盘
10:36:52,19.46,0.0,54,105084,卖盘
10:36:55,19.46,0.0,114,221844,卖盘
10:36:58,19.46,0.0,83,161518,卖盘
10:37:01,19.46,0.0,32,62272,卖盘
10:37:04,19.46,0.0,491,955486,卖盘
10:37:07,19.46,0.0,247,480662,卖盘
10:37:10,19.46,0.0,42,81732,卖盘
10:37:13,19.46,0.0,17,33082,卖盘
10:37:16,19.46,0.0,179,348334,卖盘
10:37:19,19.46,0.0,103,200438,卖盘
10:37:22,19.46,0.0,309,601314,卖盘
10:37:25,19.46,0.0,144,280224,卖盘
10:37:28,19.46,0.0,101,196546,卖盘
10:37:31,19.46,0.0,46,89516,卖盘
10:37:34,19.46,0.0,85,165410,卖盘
10:37:37,19.46,0.0,155,301630,卖盘
10:37:40,19.46,0.0,1089,2119194,卖盘
10:37:43,19.46,0.0,221,430066,卖盘
10:37:46,19.46,0.0,85,165410,卖盘
10:37:49,19.46,0.0,69,134274,卖盘
10:37:52,19.46,0.0,124,241304,卖盘
10:37:55,19.46,0.0,79,153734,卖盘
10:37:58,19.46,0.0,457,889322,卖盘
10:38:01,19.46,0.0,125,243250,卖盘
10:38:04,19.46,0.0,67,130382,卖盘
10:38:07,19.46,0.0,116,225736,卖盘
10:38:10,19.46,0.0,228,443688,卖盘
10:38:14,19.46,0.0,66,128436,卖盘
10:38:16,19.46,0.0,99,192654,卖盘
10:38:19,19.46,0.0,153,297738,卖盘
10:38:22,19.46,0.0,210,408660,卖盘
10:38:25,19.46,0.0,52,101192,卖盘
10:38:28,19.46,0.0,85,165410,卖盘
10:38:31,19.46,0.0,39,75894,卖盘
10:38:34,19.46,0.0,91,177086,卖盘
10:38:37,19.46,0.0,315,612990,卖盘
10:38:40,19.46,0.0,44,85624,卖盘
10:38:43,19.46,0.0,427,830942,卖盘
10:38:46,19.46,0.0,255,496230,卖盘
10:38:49,19.46,0.0,40,77840,卖盘
10:38:52,19.46,0.0,161,313306,卖盘
10:38:55,19.46,0.0,236,459256,卖盘
10:38:58,19.46,0.0,731,1422526,卖盘
10:39:02,19.46,0.0,21,40866,卖盘
10:39:04,19.46,0.0,22,42812,卖盘
10:39:07,19.46,0.0,38,73948,卖盘
10:39:10,19.46,0.0,90,175140,卖盘
10:39:13,19.46,0.0,399,776454,卖盘
10:39:16,19.46,0.0,396,770616,卖盘
10:39:19,19.46,0.0,185,360010,卖盘
10:39:22,19.46,0.0,50,97300,卖盘
10:39:25,19.46,0.0,140,272440,卖盘
10:39:28,19.46,0.0,71,138166,卖盘
10:39:31,19.46,0.0,50,97300,卖盘
10:39:34,19.46,0.0,92,179032,卖盘
10:39:37,19.46,0.0,18,35028,卖盘
10:39:40,19.46,0.0,53,103138,卖盘
10:39:43,19.46,0.0,314,611044,卖盘
10:39:46,19.46,0.0,81,157626,卖盘
10:39:49,19.46,0.0,251,487921,卖盘
10:39:52,19.46,0.0,978,1903188,卖盘
10:39:55,19.46,0.0,55,107030,卖盘
10:39:58,19.46,0.0,21,40866,卖盘
10:40:02,19.46,0.0,125,243250,卖盘
10:40:05,19.46,0.0,119,231574,卖盘
10:40:08,19.46,0.0,31,60326,卖盘
10:40:10,19.46,0.0,57,110922,卖盘
10:40:14,19.46,0.0,267,519582,卖盘
10:40:17,19.46,0.0,123,239358,卖盘
10:40:19,19.46,0.0,31,60326,卖盘
10:40:22,19.46,0.0,136,264656,卖盘
10:40:26,19.46,0.0,184,358064,卖盘
10:40:28,19.46,0.0,59,114814,卖盘
10:40:31,19.46,0.0,71,138166,卖盘
10:40:34,19.46,0.0,200,389200,卖盘
10:40:37,19.46,0.0,22,42812,卖盘
10:40:40,19.46,0.0,77,149842,卖盘
10:40:43,19.46,0.0,71,138166,卖盘
10:40:47,19.46,0.0,165,321090,卖盘
10:40:49,19.46,0.0,13,25298,卖盘
10:40:52,19.46,0.0,61,118706,卖盘
10:40:55,19.46,0.0,83,161518,卖盘
10:40:58,19.46,0.0,194,377524,卖盘
10:41:01,19.46,0.0,21,40866,卖盘
10:41:04,19.46,0.0,57,110922,卖盘
10:41:07,19.46,0.0,136,264656,卖盘
10:41:10,19.46,0.0,137,266602,卖盘
10:41:13,19.46,0.0,3686,7172956,卖盘
10:41:16,19.46,0.0,2083,4053518,卖盘
10:41:19,19.46,0.0,53,103138,卖盘
10:41:22,19.46,0.0,9827,19123342,卖盘
10:41:25,19.46,0.0,216,420336,卖盘
10:41:28,19.46,0.0,341,663586,卖盘
10:41:31,19.46,0.0,431,838726,卖盘
10:41:34,19.46,0.0,368,716128,卖盘
10:41:37,19.46,0.0,1759,3423014,卖盘
10:41:40,19.46,0.0,75,145950,卖盘
10:41:43,19.46,0.0,713,1387498,卖盘
10:41:46,19.46,0.0,160,311360,卖盘
10:41:49,19.46,0.0,401,780346,卖盘
10:41:52,19.46,0.0,4009,7801514,卖盘
10:41:55,19.46,0.0,602,1171492,卖盘
10:41:58,19.46,0.0,487,947702,卖盘
10:42:01,19.46,0.0,119,231574,卖盘
10:42:05,19.46,0.0,973,1893458,卖盘
10:42:08,19.46,0.0,895,1741670,卖盘
10:42:10,19.46,0.0,1085,2112208,卖盘
10:42:13,19.46,0.0,641,1247386,卖盘
10:42:16,19.46,0.0,300,583800,卖盘
10:42:19,19.46,0.0,173,336658,卖盘
10:42:22,19.46,0.0,205,398930,卖盘
10:42:25,19.46,0.0,93,180978,卖盘
10:42:28,19.46,0.0,12,23352,卖盘
10:42:31,19.46,0.0,186,361956,卖盘
10:42:34,19.46,0.0,449,873754,卖盘
10:42:37,19.46,0.0,83,161518,卖盘
10:42:40,19.46,0.0,121,235972,卖盘
10:42:43,19.46,0.0,63,122598,卖盘
10:42:46,19.46,0.0,71,138166,卖盘
10:42:49,19.46,0.0,94,182924,卖盘
10:42:52,19.46,0.0,67,130382,卖盘
10:42:55,19.46,0.0,262,509852,卖盘
10:42:58,19.46,0.0,74,144004,卖盘
10:43:01,19.46,0.0,176,342496,卖盘
10:43:04,19.46,0.0,64,124544,卖盘
10:43:07,19.46,0.0,353,686938,卖盘
10:43:10,19.46,0.0,73,142058,卖盘
10:43:13,19.46,0.0,53,103138,卖盘
10:43:17,19.46,0.0,150,291900,卖盘
10:43:19,19.46,0.0,75,145950,卖盘
10:43:22,19.46,0.0,76,147896,卖盘
10:43:26,19.46,0.0,19,36974,卖盘
10:43:28,19.46,0.0,99,192654,卖盘
10:43:31,19.46,0.0,65,126490,卖盘
10:43:34,19.46,0.0,190,369740,卖盘
10:43:37,19.46,0.0,300,583800,卖盘
10:43:40,19.46,0.0,91,177086,卖盘
10:43:43,19.46,0.0,109,212114,卖盘
10:43:46,19.46,0.0,45,87570,卖盘
10:43:49,19.46,0.0,29,56434,卖盘
10:43:53,19.46,0.0,211,410606,卖盘
10:43:55,19.46,0.0,125,243250,卖盘
10:43:58,19.46,0.0,33,64218,卖盘
10:44:01,19.46,0.0,85,165410,卖盘
10:44:04,19.46,0.0,35,68110,卖盘
10:44:07,19.46,0.0,13,25298,卖盘
10:44:11,19.46,0.0,54,105084,卖盘
10:44:13,19.46,0.0,84,163464,卖盘
10:44:16,19.46,0.0,110,214060,卖盘
10:44:19,19.46,0.0,24,46704,卖盘
10:44:22,19.46,0.0,89,173194,卖盘
10:44:25,19.46,0.0,14,27244,卖盘
10:44:28,19.46,0.0,39,75894,卖盘
10:44:31,19.46,0.0,151,293846,卖盘
10:44:34,19.46,0.0,2,3892,卖盘
10:44:37,19.46,0.0,114,221844,卖盘
10:44:40,19.46,0.0,39,75894,卖盘
10:44:43,19.46,0.0,140,272440,卖盘
10:44:46,19.46,0.0,25,48650,卖盘
10:44:49,19.46,0.0,21,40866,卖盘
10:44:52,19.46,0.0,152,295792,卖盘
10:44:55,19.46,0.0,203,395038,卖盘
10:44:58,19.46,0.0,38,73948,卖盘
10:45:01,19.46,0.0,90,175140,卖盘
10:45:04,19.46,0.0,28,54488,卖盘
10:45:07,19.46,0.0,145,282170,卖盘
10:45:10,19.46,0.0,40,77840,卖盘
10:45:13,19.46,0.0,102,198492,卖盘
10:45:16,19.46,0.0,31,60326,卖盘
10:45:19,19.46,0.0,133,258818,卖盘
10:45:23,19.46,0.0,68,132328,卖盘
10:45:25,19.46,0.0,119,231574,卖盘
10:45:28,19.46,0.0,18,35028,卖盘
10:45:31,19.46,0.0,11,21406,卖盘
10:45:34,19.46,0.0,112,217952,卖盘
10:45:37,19.46,0.0,76,147896,卖盘
10:45:40,19.46,0.0,27,52542,卖盘
10:45:43,19.46,0.0,19,36974,卖盘
10:45:46,19.46,0.0,134,260764,卖盘
10:45:50,19.46,0.0,36,70056,卖盘
10:45:52,19.46,0.0,47,91462,卖盘
10:45:55,19.46,0.0,21,40866,卖盘
10:45:58,19.46,0.0,2,3892,卖盘
10:46:01,19.46,0.0,26,50596,卖盘
10:46:04,19.46,0.0,159,309414,卖盘
10:46:07,19.46,0.0,3,5838,卖盘
10:46:10,19.46,0.0,7,13622,卖盘
10:46:13,19.46,0.0,171,332766,卖盘
10:46:16,19.46,0.0,121,235466,卖盘
10:46:19,19.46,0.0,240,467040,卖盘
10:46:22,19.46,0.0,184,358064,卖盘
10:46:25,19.46,0.0,158,307468,卖盘
10:46:28,19.46,0.0,73,142058,卖盘
10:46:31,19.46,0.0,10,19460,卖盘
10:46:34,19.46,0.0,55,107030,卖盘
10:46:37,19.46,0.0,167,324982,卖盘
10:46:40,19.46,0.0,100,194600,卖盘
10:46:43,19.46,0.0,111,216006,卖盘
10:46:46,19.46,0.0,47,91462,卖盘
10:46:49,19.46,0.0,30,58380,卖盘
10:46:53,19.46,0.0,135,262710,卖盘
10:46:55,19.46,0.0,77,149842,卖盘
10:46:58,19.46,0.0,160,311360,卖盘
10:47:01,19.46,0.0,7,13622,卖盘
10:47:04,19.46,0.0,125,243250,卖盘
10:47:07,19.46,0.0,211,410606,卖盘
10:47:10,19.46,0.0,16,31136,卖盘
10:47:13,19.46,0.0,97,188762,卖盘
10:47:16,19.46,0.0,33,64218,卖盘
10:47:19,19.46,0.0,212,412552,卖盘
10:47:22,19.46,0.0,123,239358,卖盘
10:47:25,19.46,0.0,143,278278,卖盘
10:47:28,19.46,0.0,87,169302,卖盘
10:47:31,19.46,0.0,141,274386,卖盘
10:47:34,19.46,0.0,167,324982,卖盘
10:47:37,19.46,0.0,8,15568,卖盘
10:47:41,19.46,0.0,11,21406,卖盘
10:47:46,19.46,0.0,15,29190,卖盘
10:47:49,19.46,0.0,4,7784,卖盘
10:47:52,19.46,0.0,211,410606,卖盘
10:47:55,19.46,0.0,142,276332,卖盘
10:47:58,19.46,0.0,46,89516,卖盘
10:48:01,19.46,0.0,6,11676,卖盘
10:48:04,19.46,0.0,132,256872,卖盘
10:48:07,19.46,0.0,35,68110,卖盘
10:48:10,19.46,0.0,166,323036,卖盘
10:48:14,19.46,0.0,62,120652,卖盘
10:48:16,19.46,0.0,1,1946,卖盘
10:48:19,19.46,0.0,29,56434,卖盘
10:48:22,19.46,0.0,48,93408,卖盘
10:48:25,19.46,0.0,32,62272,卖盘
10:48:28,19.46,0.0,30,58380,卖盘
10:48:31,19.46,0.0,113,219898,卖盘
10:48:34,19.46,0.0,50,97300,卖盘
10:48:37,19.46,0.0,34,66164,卖盘
10:48:40,19.46,0.0,2,3892,卖盘
10:48:43,19.46,0.0,68,132328,卖盘
10:48:46,19.46,0.0,28,54488,卖盘
10:48:49,19.46,0.0,72,140112,卖盘
10:48:52,19.46,0.0,77,149842,卖盘
10:48:55,19.46,0.0,24,46704,卖盘
10:48:58,19.46,0.0,5,9730,卖盘
10:49:02,19.46,0.0,4,7784,卖盘
10:49:05,19.46,0.0,94,182924,卖盘
10:49:07,19.46,0.0,21,40866,卖盘
10:49:10,19.46,0.0,20,38920,卖盘
10:49:13,19.46,0.0,12,23352,卖盘
10:49:16,19.46,0.0,97,188762,卖盘
10:49:19,19.46,0.0,110,214060,卖盘
10:49:22,19.46,0.0,60,116760,卖盘
10:49:25,19.46,0.0,15,29190,卖盘
10:49:28,19.46,0.0,125,243250,卖盘
10:49:31,19.46,0.0,30,58380,卖盘
10:49:34,19.46,0.0,235,457310,卖盘
10:49:37,19.46,0.0,68,132328,卖盘
10:49:40,19.46,0.0,132,256872,卖盘
10:49:43,19.46,0.0,22,42812,卖盘
10:49:46,19.46,0.0,42,81732,卖盘
10:49:49,19.46,0.0,20,38920,卖盘
10:49:52,19.46,0.0,60,116760,卖盘
10:49:55,19.46,0.0,152,295792,卖盘
10:49:58,19.46,0.0,34,66164,卖盘
10:50:02,19.46,0.0,75,145950,卖盘
10:50:05,19.46,0.0,9,17514,卖盘
10:50:07,19.46,0.0,105,204330,卖盘
10:50:10,19.46,0.0,248,482608,卖盘
10:50:14,19.46,0.0,124,241304,卖盘
10:50:17,19.46,0.0,96,186816,卖盘
10:50:19,19.46,0.0,289,562394,卖盘
10:50:22,19.46,0.0,68,132328,卖盘
10:50:25,19.46,0.0,346,673316,卖盘
10:50:28,19.46,0.0,10,19460,卖盘
10:50:31,19.46,0.0,26,50596,卖盘
10:50:34,19.46,0.0,21,40866,卖盘
10:50:37,19.46,0.0,7,13622,卖盘
10:50:40,19.46,0.0,6,11676,卖盘
10:50:43,19.46,0.0,97,188762,卖盘
10:50:46,19.46,0.0,55,107030,卖盘
10:50:49,19.46,0.0,15,29190,卖盘
10:50:52,19.46,0.0,266,517636,卖盘
10:50:55,19.46,0.0,181,352226,卖盘
10:50:58,19.46,0.0,25,48650,卖盘
10:51:01,19.46,0.0,22,42812,卖盘
10:51:04,19.46,0.0,33,64218,卖盘
10:51:07,19.46,0.0,34,66164,卖盘
10:51:10,19.46,0.0,418,813428,卖盘
10:51:13,19.46,0.0,1,1946,卖盘
10:51:16,19.46,0.0,22,42812,卖盘
10:51:20,19.46,0.0,11,21406,卖盘
10:51:22,19.46,0.0,97,188762,卖盘
10:51:25,19.46,0.0,35,68110,卖盘
10:51:28,19.46,0.0,9,17514,卖盘
10:51:31,19.46,0.0,11,21406,卖盘
10:51:34,19.46,0.0,11,21406,卖盘
10:51:37,19.46,0.0,171,332766,卖盘
10:51:41,19.46,0.0,17,33082,卖盘
10:51:44,19.46,0.0,38,73948,卖盘
10:51:46,19.46,0.0,45,87570,卖盘
10:51:49,19.46,0.0,163,317198,卖盘
10:51:52,19.46,0.0,29,56434,卖盘
10:51:55,19.46,0.0,29,56337,卖盘
10:51:58,19.46,0.0,10,19460,卖盘
10:52:01,19.46,0.0,81,157626,卖盘
10:52:04,19.46,0.0,6,11676,卖盘
10:52:07,19.46,0.0,54,105084,卖盘
10:52:10,19.46,0.0,19,36974,卖盘
10:52:13,19.46,0.0,101,196546,卖盘
10:52:16,19.46,0.0,39,75894,卖盘
10:52:19,19.46,0.0,62,120652,卖盘
10:52:22,19.46,0.0,4,7784,卖盘
10:52:25,19.46,0.0,143,278278,卖盘
10:52:28,19.46,0.0,27,52542,卖盘
10:52:31,19.46,0.0,110,214060,卖盘
10:52:34,19.46,0.0,207,402822,卖盘
10:52:38,19.46,0.0,132,256872,卖盘
10:52:40,19.46,0.0,91,177086,卖盘
10:52:43,19.46,0.0,70,136220,卖盘
10:52:49,19.46,0.0,150,291900,卖盘
10:52:52,19.46,0.0,47,91462,卖盘
10:52:55,19.46,0.0,3,5838,卖盘
10:53:01,19.46,0.0,42,81732,卖盘
10:53:04,19.46,0.0,125,243250,卖盘
10:53:07,19.46,0.0,153,297738,卖盘
10:53:10,19.46,0.0,148,288008,卖盘
10:53:13,19.46,0.0,36,70056,卖盘
10:53:16,19.46,0.0,10,19460,卖盘
10:53:19,19.46,0.0,68,132328,卖盘
10:53:22,19.46,0.0,12,23352,卖盘
10:53:26,19.46,0.0,78,151788,卖盘
10:53:28,19.46,0.0,59,114814,卖盘
10:53:31,19.46,0.0,3,5838,卖盘
10:53:34,19.46,0.0,31,60326,卖盘
10:53:37,19.46,0.0,40,77840,卖盘
10:53:40,19.46,0.0,495,963270,卖盘
10:53:43,19.46,0.0,41,79786,卖盘
10:53:46,19.46,0.0,74,144004,卖盘
10:53:49,19.46,0.0,155,301630,卖盘
10:53:52,19.46,0.0,34,66164,卖盘
10:53:55,19.46,0.0,17,33082,卖盘
10:53:58,19.46,0.0,18,35028,卖盘
10:54:01,19.46,0.0,40,77840,卖盘
10:54:04,19.46,0.0,35,68110,卖盘
10:54:07,19.46,0.0,45,87570,卖盘
10:54:10,19.46,0.0,128,249088,卖盘
10:54:13,19.46,0.0,116,225736,卖盘
10:54:16,19.46,0.0,45,87570,卖盘
10:54:19,19.46,0.0,123,239358,卖盘
10:54:22,19.46,0.0,27,52542,卖盘
10:54:25,19.46,0.0,30,58380,卖盘
10:54:28,19.46,0.0,105,204330,卖盘
10:54:31,19.46,0.0,52,101192,卖盘
10:54:34,19.46,0.0,558,1085868,卖盘
10:54:38,19.46,0.0,63,122598,卖盘
10:54:40,19.46,0.0,151,293846,卖盘
10:54:43,19.46,0.0,146,284116,卖盘
10:54:47,19.46,0.0,311,605206,卖盘
10:54:49,19.46,0.0,1,1946,卖盘
10:54:52,19.46,0.0,95,184870,卖盘
10:54:55,19.46,0.0,38,73948,卖盘
10:54:58,19.46,0.0,191,371686,卖盘
10:55:01,19.46,0.0,129,251034,卖盘
10:55:04,19.46,0.0,52,101192,卖盘
10:55:07,19.46,0.0,16,31136,卖盘
10:55:10,19.46,0.0,54,105084,卖盘
10:55:13,19.46,0.0,183,356118,卖盘
10:55:16,19.46,0.0,42,81732,卖盘
10:55:19,19.46,0.0,39,75894,卖盘
10:55:22,19.46,0.0,30,58380,卖盘
10:55:25,19.46,0.0,134,260764,卖盘
10:55:28,19.46,0.0,40,77840,卖盘
10:55:31,19.46,0.0,23,44758,卖盘
10:55:34,19.46,0.0,13,25298,卖盘
10:55:37,19.46,0.0,19,36974,卖盘
10:55:40,19.46,0.0,64,124544,卖盘
10:55:43,19.46,0.0,60,116760,卖盘
10:55:47,19.46,0.0,194,377524,卖盘
10:55:50,19.46,0.0,15,29190,卖盘
10:55:53,19.46,0.0,9,17514,卖盘
10:55:55,19.46,0.0,7,13622,卖盘
10:55:58,19.46,0.0,48,93408,卖盘
10:56:02,19.46,0.0,25,48650,卖盘
10:56:04,19.46,0.0,4100,7978600,卖盘
10:56:07,19.46,0.0,23,44758,卖盘
10:56:10,19.46,0.0,3659,7120414,卖盘
10:56:14,19.46,0.0,381,741426,卖盘
10:56:16,19.46,0.0,643,1251278,卖盘
10:56:19,19.46,0.0,299,581854,卖盘
10:56:22,19.46,0.0,1587,3088302,卖盘
10:56:26,19.46,0.0,219,426174,卖盘
10:56:28,19.46,0.0,526,1023596,卖盘
10:56:31,19.46,0.0,114,221844,卖盘
10:56:34,19.46,0.0,262,509852,卖盘
10:56:37,19.46,0.0,142,276332,卖盘
10:56:41,19.46,0.0,81,157626,卖盘
10:56:43,19.46,0.0,168,326928,卖盘
10:56:46,19.46,0.0,20,38920,卖盘
10:56:49,19.46,0.0,111,216006,卖盘
10:56:52,19.46,0.0,183,356118,卖盘
10:56:55,19.46,0.0,198,385308,卖盘
10:56:58,19.46,0.0,123,239358,卖盘
10:57:01,19.46,0.0,99,192654,卖盘
10:57:04,19.46,0.0,128,249088,卖盘
10:57:08,19.46,0.0,41,79786,卖盘
10:57:10,19.46,0.0,165,321090,卖盘
10:57:13,19.46,0.0,9,17514,卖盘
10:57:16,19.46,0.0,68,132328,卖盘
10:57:19,19.46,0.0,39,75894,卖盘
10:57:22,19.46,0.0,118,229628,卖盘
10:57:25,19.46,0.0,22,42812,卖盘
10:57:28,19.46,0.0,53,103138,卖盘
10:57:31,19.46,0.0,46,89516,卖盘
10:57:34,19.46,0.0,86,167356,卖盘
10:57:37,19.46,0.0,3,5838,卖盘
10:57:40,19.46,0.0,108,210168,卖盘
10:57:46,19.46,0.0,276,537096,卖盘
10:57:49,19.46,0.0,13,25298,卖盘
10:57:52,19.46,0.0,86,167356,卖盘
10:57:58,19.46,0.0,39,75894,卖盘
10:58:01,19.46,0.0,216,420336,卖盘
10:58:04,19.46,0.0,11,21406,卖盘
10:58:07,19.46,0.0,147,286062,卖盘
10:58:10,19.46,0.0,83,161518,卖盘
10:58:13,19.46,0.0,118,229628,卖盘
10:58:16,19.46,0.0,43,83678,卖盘
10:58:19,19.46,0.0,49,95354,卖盘
10:58:22,19.46,0.0,20,38920,卖盘
10:58:25,19.46,0.0,24,46704,卖盘
10:58:28,19.46,0.0,65,126490,卖盘
10:58:31,19.46,0.0,109,212114,卖盘
10:58:34,19.46,0.0,23,44758,卖盘
10:58:37,19.46,0.0,7,13622,卖盘
10:58:40,19.46,0.0,17,33082,卖盘
10:58:43,19.46,0.0,1,1946,卖盘
10:58:46,19.46,0.0,27,52542,卖盘
10:58:49,19.46,0.0,46,89516,卖盘
10:58:52,19.46,0.0,51,99246,卖盘
10:58:55,19.46,0.0,54,105084,卖盘
10:58:58,19.46,0.0,37,72002,卖盘
10:59:01,19.46,0.0,51,99246,卖盘
10:59:04,19.46,0.0,38,73948,卖盘
10:59:07,19.46,0.0,45,87570,卖盘
10:59:10,19.46,0.0,10,19460,卖盘
10:59:14,19.46,0.0,151,293846,卖盘
10:59:19,19.46,0.0,30,58380,卖盘
10:59:25,19.46,0.0,54,105084,卖盘
10:59:31,19.46,0.0,13,25298,卖盘
10:59:34,19.46,0.0,44,85624,卖盘
10:59:37,19.46,0.0,68,132328,卖盘
10:59:43,19.46,0.0,92,179032,卖盘
10:59:46,19.46,0.0,11,21406,卖盘
10:59:50,19.46,0.0,3,5838,卖盘
10:59:52,19.46,0.0,5,9730,卖盘
10:59:55,19.46,0.0,39,75894,卖盘
10:59:58,19.46,0.0,23,44758,卖盘
11:00:01,19.46,0.0,5,9730,卖盘
11:00:05,19.46,0.0,4,7784,卖盘
11:00:07,19.46,0.0,60,116760,卖盘
11:00:10,19.46,0.0,22,42812,卖盘
11:00:14,19.46,0.0,21,40866,卖盘
11:00:17,19.46,0.0,242,470932,卖盘
11:00:20,19.46,0.0,8,15568,卖盘
11:00:22,19.46,0.0,248,482608,卖盘
11:00:26,19.46,0.0,56,108976,卖盘
11:00:28,19.46,0.0,6,11676,卖盘
11:00:31,19.46,0.0,8,15568,卖盘
11:00:34,19.46,0.0,98,190708,卖盘
11:00:43,19.46,0.0,57,110922,卖盘
11:00:46,19.46,0.0,13,25298,卖盘
11:00:49,19.46,0.0,10,19460,卖盘
11:00:52,19.46,0.0,1,1946,卖盘
11:00:55,19.46,0.0,102,198492,卖盘
11:00:58,19.46,0.0,2,3892,卖盘
11:01:01,19.46,0.0,2,3892,卖盘
11:01:04,19.46,0.0,57,110922,卖盘
11:01:07,19.46,0.0,1,1946,卖盘
11:01:10,19.46,0.0,10,19460,卖盘
11:01:13,19.46,0.0,11,21406,卖盘
11:01:16,19.46,0.0,29,56434,卖盘
11:01:19,19.46,0.0,7,13622,卖盘
11:01:26,19.46,0.0,68,132328,卖盘
11:01:28,19.46,0.0,31,60326,卖盘
11:01:32,19.46,0.0,12,23352,卖盘
11:01:34,19.46,0.0,50,97300,卖盘
11:01:37,19.46,0.0,6,11676,卖盘
11:01:40,19.46,0.0,4,7784,卖盘
11:01:44,19.46,0.0,4,7784,卖盘
11:01:46,19.46,0.0,23,44758,卖盘
11:01:50,19.46,0.0,5,9730,卖盘
11:01:55,19.46,0.0,12,23352,卖盘
11:02:01,19.46,0.0,16,31136,卖盘
11:02:04,19.46,0.0,46,89516,卖盘
11:02:07,19.46,0.0,52,101192,卖盘
11:02:16,19.46,0.0,74,144004,卖盘
11:02:19,19.46,0.0,24,46704,卖盘
11:02:22,19.46,0.0,33,64218,卖盘
11:02:28,19.46,0.0,301,585746,卖盘
11:02:31,19.46,0.0,132,256872,卖盘
11:02:34,19.46,0.0,42,81732,卖盘
11:02:40,19.46,0.0,31,60326,卖盘
11:02:44,19.46,0.0,10,19460,卖盘
11:02:46,19.46,0.0,108,210168,卖盘
11:02:49,19.46,0.0,180,350280,卖盘
11:02:52,19.46,0.0,41,79786,卖盘
11:02:55,19.46,0.0,18,35028,卖盘
11:02:58,19.46,0.0,75,145950,卖盘
11:03:05,19.46,0.0,49,95354,卖盘
11:03:07,19.46,0.0,9,17514,卖盘
11:03:13,19.46,0.0,30,58380,卖盘
11:03:16,19.46,0.0,151,293846,卖盘
11:03:19,19.46,0.0,24,46704,卖盘
11:03:22,19.46,0.0,20,38920,卖盘
11:03:25,19.46,0.0,56,108976,卖盘
11:03:28,19.46,0.0,208,404768,卖盘
11:03:31,19.46,0.0,65,126490,卖盘
11:03:34,19.46,0.0,1,1946,卖盘
11:03:37,19.46,0.0,7,13622,卖盘
11:03:40,19.46,0.0,23,44758,卖盘
11:03:43,19.46,0.0,7,13622,卖盘
11:03:47,19.46,0.0,9,17514,卖盘
11:03:49,19.46,0.0,81,157626,卖盘
11:03:52,19.46,0.0,17,33082,卖盘
11:03:55,19.46,0.0,39,75894,卖盘
11:03:58,19.46,0.0,16,31136,卖盘
11:04:02,19.46,0.0,53,103138,卖盘
11:04:05,19.46,0.0,17,33082,卖盘
11:04:08,19.46,0.0,163,317198,卖盘
11:04:10,19.46,0.0,45,87570,卖盘
11:04:13,19.46,0.0,134,260764,卖盘
11:04:17,19.46,0.0,46,89516,卖盘
11:04:19,19.46,0.0,15,29190,卖盘
11:04:22,19.46,0.0,18,35028,卖盘
11:04:25,19.46,0.0,13,25298,卖盘
11:04:28,19.46,0.0,5,9730,卖盘
11:04:31,19.46,0.0,5,9730,卖盘
11:04:35,19.46,0.0,33,64218,卖盘
11:04:37,19.46,0.0,5,9730,卖盘
11:04:40,19.46,0.0,12,23352,卖盘
11:04:43,19.46,0.0,73,142058,卖盘
11:04:47,19.46,0.0,12,23352,卖盘
11:04:49,19.46,0.0,31,60326,卖盘
11:04:52,19.46,0.0,72,140112,卖盘
11:04:56,19.46,0.0,21,40866,卖盘
11:04:58,19.46,0.0,32,62272,卖盘
11:05:01,19.46,0.0,37,72002,卖盘
11:05:04,19.46,0.0,12,23352,卖盘
11:05:07,19.46,0.0,1,1946,卖盘
11:05:10,19.46,0.0,2,3892,卖盘
11:05:13,19.46,0.0,54,105084,卖盘
11:05:16,19.46,0.0,21,40866,卖盘
11:05:19,19.46,0.0,11,21406,卖盘
11:05:22,19.46,0.0,46,89516,卖盘
11:05:26,19.46,0.0,878,1708588,卖盘
11:05:28,19.46,0.0,17,33082,卖盘
11:05:31,19.46,0.0,12,23352,卖盘
11:05:34,19.46,0.0,36,70056,卖盘
11:05:37,19.46,0.0,52,101192,卖盘
11:05:40,19.46,0.0,1411,2746701,卖盘
11:05:43,19.46,0.0,5,9730,卖盘
11:05:46,19.46,0.0,49,95354,卖盘
11:05:49,19.46,0.0,33,64218,卖盘
11:05:52,19.46,0.0,75,145950,卖盘
11:05:55,19.46,0.0,57,110922,卖盘
11:05:58,19.46,0.0,100,194600,卖盘
11:06:01,19.46,0.0,52,101192,卖盘
11:06:05,19.46,0.0,187,363902,卖盘
11:06:08,19.46,0.0,26,50596,卖盘
11:06:10,19.46,0.0,7,13622,卖盘
11:06:13,19.46,0.0,21,40866,卖盘
11:06:16,19.46,0.0,52,101192,卖盘
11:06:19,19.46,0.0,13,25298,卖盘
11:06:23,19.46,0.0,10,19460,卖盘
11:06:25,19.46,0.0,25,48650,卖盘
11:06:31,19.46,0.0,30,58380,卖盘
11:06:34,19.46,0.0,87,169302,卖盘
11:06:37,19.46,0.0,14,27244,卖盘
11:06:43,19.46,0.0,14,27244,卖盘
11:06:46,19.46,0.0,20,38920,卖盘
11:06:49,19.46,0.0,1,1946,卖盘
11:06:56,19.46,0.0,35,68110,卖盘
11:06:58,19.46,0.0,9,17592,卖盘
11:07:01,19.46,0.0,51,99246,卖盘
11:07:04,19.46,0.0,84,163464,卖盘
11:07:07,19.46,0.0,1,1946,卖盘
11:07:10,19.46,0.0,37,72002,卖盘
11:07:14,19.46,0.0,55,107030,卖盘
11:07:17,19.46,0.0,134,260764,卖盘
11:07:22,19.46,0.0,1,1946,卖盘
11:07:25,19.46,0.0,2,3892,卖盘
11:07:28,19.46,0.0,45,87570,卖盘
11:07:31,19.46,0.0,368,716128,卖盘
11:07:34,19.46,0.0,42,81732,卖盘
11:07:37,19.46,0.0,11,21406,卖盘
11:07:41,19.46,0.0,2,3892,卖盘
11:07:47,19.46,0.0,13,25298,卖盘
11:07:49,19.46,0.0,1,1946,卖盘
11:07:52,19.46,0.0,30,58380,卖盘
11:07:58,19.46,0.0,1,1946,卖盘
11:08:08,19.46,0.0,1,1946,卖盘
11:08:11,19.46,0.0,11,21406,卖盘
11:08:13,19.46,0.0,23,44758,卖盘
11:08:16,19.46,0.0,44,85624,卖盘
11:08:19,19.46,0.0,75,145950,卖盘
11:08:22,19.46,0.0,95,184870,卖盘
11:08:25,19.46,0.0,100,194600,卖盘
11:08:34,19.46,0.0,13,25298,卖盘
11:08:37,19.46,0.0,1,1946,卖盘
11:08:40,19.46,0.0,1,1946,卖盘
11:08:44,19.46,0.0,95,184870,卖盘
11:08:47,19.46,0.0,1,1946,卖盘
11:08:50,19.46,0.0,7,13622,卖盘
11:08:52,19.46,0.0,79,153734,卖盘
11:08:55,19.46,0.0,1,1946,卖盘
11:08:58,19.46,0.0,195,379470,卖盘
11:09:04,19.46,0.0,13,25298,卖盘
11:09:07,19.46,0.0,2,3892,卖盘
11:09:10,19.46,0.0,5,9730,卖盘
11:09:13,19.46,0.0,18,35028,卖盘
11:09:17,19.46,0.0,26,50596,卖盘
11:09:19,19.46,0.0,4,7784,卖盘
11:09:25,19.46,0.0,20,38920,卖盘
11:09:28,19.46,0.0,16,31136,卖盘
11:09:31,19.46,0.0,1,1946,卖盘
11:09:34,19.46,0.0,55,107030,卖盘
11:09:37,19.46,0.0,40,77840,卖盘
11:09:43,19.46,0.0,5,9730,卖盘
11:09:46,19.46,0.0,1,1946,卖盘
11:09:49,19.46,0.0,14,27244,卖盘
11:09:52,19.46,0.0,2,3892,卖盘
11:09:58,19.46,0.0,17,33082,卖盘
11:10:05,19.46,0.0,5,9730,卖盘
11:10:07,19.46,0.0,35,68110,卖盘
11:10:14,19.46,0.0,31,60326,卖盘
11:10:17,19.46,0.0,59,114814,卖盘
11:10:19,19.46,0.0,2,3892,卖盘
11:10:22,19.46,0.0,25,48650,卖盘
11:10:25,19.46,0.0,4,7784,卖盘
11:10:28,19.46,0.0,18,35028,卖盘
11:10:34,19.46,0.0,4,7784,卖盘
11:10:38,19.46,0.0,10,19460,卖盘
11:10:40,19.46,0.0,59,114814,卖盘
11:10:43,19.46,0.0,34,66164,卖盘
11:10:46,19.46,0.0,12,23352,卖盘
11:10:49,19.46,0.0,9,17514,卖盘
11:10:52,19.46,0.0,27,52542,卖盘
11:10:55,19.46,0.0,82,159572,卖盘
11:10:58,19.46,0.0,76,147896,卖盘
11:11:01,19.46,0.0,20,38920,卖盘
11:11:08,19.46,0.0,25,48650,卖盘
11:11:10,19.46,0.0,7,13622,卖盘
11:11:13,19.46,0.0,12,23352,卖盘
11:11:16,19.46,0.0,15,29190,卖盘
11:11:19,19.46,0.0,4,7784,卖盘
11:11:22,19.46,0.0,49,95354,卖盘
11:11:25,19.46,0.0,5,9730,卖盘
11:11:32,19.46,0.0,70,136220,卖盘
11:11:34,19.46,0.0,21,40866,卖盘
11:11:37,19.46,0.0,14,27244,卖盘
11:11:40,19.46,0.0,4,7784,卖盘
11:11:43,19.46,0.0,17,33082,卖盘
11:11:47,19.46,0.0,78,151788,卖盘
11:11:49,19.46,0.0,6,11676,卖盘
11:11:53,19.46,0.0,71,138166,卖盘
11:11:58,19.46,0.0,70,136220,卖盘
11:12:02,19.46,0.0,63,122598,卖盘
11:12:04,19.46,0.0,52,101192,卖盘
11:12:07,19.46,0.0,6,11676,卖盘
11:12:11,19.46,0.0,86,167356,卖盘
11:12:13,19.46,0.0,33,64218,卖盘
11:12:16,19.46,0.0,37,72002,卖盘
11:12:19,19.46,0.0,148,288008,卖盘
11:12:22,19.46,0.0,44,85624,卖盘
11:12:25,19.46,0.0,10,19460,卖盘
11:12:29,19.46,0.0,34,66164,卖盘
11:12:31,19.46,0.0,100,194600,卖盘
11:12:34,19.46,0.0,1,1946,卖盘
11:12:37,19.46,0.0,305,593530,卖盘
11:12:40,19.46,0.0,89,173194,卖盘
11:12:43,19.46,0.0,42,81732,卖盘
11:12:46,19.46,0.0,10,19460,卖盘
11:12:52,19.46,0.0,12,23352,卖盘
11:12:55,19.46,0.0,5,9730,卖盘
11:12:58,19.46,0.0,52,101192,卖盘
11:13:02,19.46,0.0,100,194600,卖盘
11:13:04,19.46,0.0,200,389200,卖盘
11:13:07,19.46,0.0,155,301630,卖盘
11:13:10,19.46,0.0,11,21406,卖盘
11:13:16,19.46,0.0,50,97300,卖盘
11:13:25,19.46,0.0,19,36974,卖盘
11:13:29,19.46,0.0,63,122598,卖盘
11:13:31,19.46,0.0,20,38920,卖盘
11:13:34,19.46,0.0,76,147896,卖盘
11:13:37,19.46,0.0,15,29190,卖盘
11:13:40,19.46,0.0,36,70056,卖盘
11:13:43,19.46,0.0,8,15568,卖盘
11:13:46,19.46,0.0,30,58380,卖盘
11:13:49,19.46,0.0,20,38920,卖盘
11:13:52,19.46,0.0,13,25298,卖盘
11:13:55,19.46,0.0,8,15568,卖盘
11:13:58,19.46,0.0,20,38920,卖盘
11:14:04,19.46,0.0,1,1946,卖盘
11:14:10,19.46,0.0,5,9730,卖盘
11:14:13,19.46,0.0,1,1946,卖盘
11:14:16,19.46,0.0,25,48650,卖盘
11:14:22,19.46,0.0,5,9730,卖盘
11:14:25,19.46,0.0,31,60326,卖盘
11:14:28,19.46,0.0,11,21406,卖盘
11:14:31,19.46,0.0,53,103138,卖盘
11:14:34,19.46,0.0,66,128436,卖盘
11:14:37,19.46,0.0,55,107030,卖盘
11:14:40,19.46,0.0,3,5838,卖盘
11:14:43,19.46,0.0,2,3892,卖盘
11:14:49,19.46,0.0,49,95354,卖盘
11:14:52,19.46,0.0,4,7784,卖盘
11:14:55,19.46,0.0,20,38920,卖盘
11:14:58,19.46,0.0,56,108976,卖盘
11:15:04,19.46,0.0,3,5838,卖盘
11:15:07,19.46,0.0,23,44758,卖盘
11:15:10,19.46,0.0,3,5838,卖盘
11:15:13,19.46,0.0,65,126490,卖盘
11:15:16,19.46,0.0,10,19460,卖盘
11:15:22,19.46,0.0,65,126490,卖盘
11:15:28,19.46,0.0,110,214060,卖盘
11:15:31,19.46,0.0,3,5838,卖盘
11:15:40,19.46,0.0,30,58380,卖盘
11:15:46,19.46,0.0,6,11676,卖盘
11:15:50,19.46,0.0,74,144004,卖盘
11:15:52,19.46,0.0,7,13622,卖盘
11:15:58,19.46,0.0,5,9730,卖盘
11:16:01,19.46,0.0,1,1946,卖盘
11:16:07,19.46,0.0,5,9730,卖盘
11:16:10,19.46,0.0,3,5838,卖盘
11:16:13,19.46,0.0,5,9730,卖盘
11:16:16,19.46,0.0,87,169302,卖盘
11:16:19,19.46,0.0,13,25298,卖盘
11:16:23,19.46,0.0,13,25298,卖盘
11:16:25,19.46,0.0,24,46704,卖盘
11:16:29,19.46,0.0,5,9730,卖盘
11:16:31,19.46,0.0,23,44758,卖盘
11:16:37,19.46,0.0,11,21406,卖盘
11:16:40,19.46,0.0,14,27244,卖盘
11:16:46,19.46,0.0,165,321090,卖盘
11:16:49,19.46,0.0,153,297738,卖盘
11:16:52,19.46,0.0,34,66164,卖盘
11:16:55,19.46,0.0,13,25298,卖盘
11:16:59,19.46,0.0,10,19460,卖盘
11:17:01,19.46,0.0,5,9730,卖盘
11:17:04,19.46,0.0,19,36974,卖盘
11:17:07,19.46,0.0,20,38920,卖盘
11:17:10,19.46,0.0,21,40866,卖盘
11:17:13,19.46,0.0,7,13622,卖盘
11:17:16,19.46,0.0,7,13622,卖盘
11:17:19,19.46,0.0,1,1946,卖盘
11:17:25,19.46,0.0,54,105084,卖盘
11:17:31,19.46,0.0,203,395038,卖盘
11:17:34,19.46,0.0,4,7784,卖盘
11:17:37,19.46,0.0,6,11676,卖盘
11:17:41,19.46,0.0,9,17514,卖盘
11:17:43,19.46,0.0,693,1348578,卖盘
11:17:47,19.46,0.0,11,21406,卖盘
11:17:50,19.46,0.0,11,21406,卖盘
11:17:52,19.46,0.0,35,68110,卖盘
11:17:55,19.46,0.0,19,36974,卖盘
11:17:58,19.46,0.0,8,15568,卖盘
11:18:01,19.46,0.0,3,5838,卖盘
11:18:04,19.46,0.0,288,560448,卖盘
11:18:10,19.46,0.0,6,11676,卖盘
11:18:16,19.46,0.0,16,31136,卖盘
11:18:19,19.46,0.0,10,19460,卖盘
11:18:22,19.46,0.0,5,9730,卖盘
11:18:25,19.46,0.0,142,276332,卖盘
11:18:28,19.46,0.0,5,9730,卖盘
11:18:31,19.46,0.0,797,1550962,卖盘
11:18:34,19.46,0.0,48,93408,卖盘
11:18:43,19.46,0.0,917,1784482,卖盘
11:18:49,19.46,0.0,19,36974,卖盘
11:18:52,19.46,0.0,60,116760,卖盘
11:18:55,19.46,0.0,75,145950,卖盘
11:18:58,19.46,0.0,70,136220,卖盘
11:19:01,19.46,0.0,750,1459500,卖盘
11:19:04,19.46,0.0,6,11676,卖盘
11:19:07,19.46,0.0,173,336658,卖盘
11:19:10,19.46,0.0,6,11676,卖盘
11:19:13,19.46,0.0,80,155680,卖盘
11:19:16,19.46,0.0,168,326928,卖盘
11:19:19,19.46,0.0,18,35028,卖盘
11:19:22,19.46,0.0,189,367794,卖盘
11:19:25,19.46,0.0,89,173194,卖盘
11:19:31,19.46,0.0,102,198492,卖盘
11:19:34,19.46,0.0,320,622720,卖盘
11:19:38,19.46,0.0,10,19460,卖盘
11:19:40,19.46,0.0,34,66164,卖盘
11:19:46,19.46,0.0,5,9730,卖盘
11:19:49,19.46,0.0,16,31136,卖盘
11:19:52,19.46,0.0,250,486500,卖盘
11:19:55,19.46,0.0,33,64218,卖盘
11:19:58,19.46,0.0,32,62272,卖盘
11:20:04,19.46,0.0,14,27244,卖盘
11:20:10,19.46,0.0,53,103138,卖盘
11:20:13,19.46,0.0,47,91462,卖盘
11:20:16,19.46,0.0,1,1946,卖盘
11:20:19,19.46,0.0,16,31136,卖盘
11:20:22,19.46,0.0,26,50596,卖盘
11:20:26,19.46,0.0,67,130382,卖盘
11:20:28,19.46,0.0,3,5838,卖盘
11:20:31,19.46,0.0,9,17514,卖盘
11:20:34,19.46,0.0,101,196546,卖盘
11:20:37,19.46,0.0,20,38920,卖盘
11:20:41,19.46,0.0,46,89516,卖盘
11:20:43,19.46,0.0,9,17514,卖盘
11:20:46,19.46,0.0,80,155680,卖盘
11:20:49,19.46,0.0,121,235466,卖盘
11:20:52,19.46,0.0,15,29190,卖盘
11:20:55,19.46,0.0,7,13622,卖盘
11:20:58,19.46,0.0,93,180978,卖盘
11:21:01,19.46,0.0,112,217952,卖盘
11:21:04,19.46,0.0,1,1946,卖盘
11:21:07,19.46,0.0,15,29190,卖盘
11:21:10,19.46,0.0,5,9730,卖盘
11:21:19,19.46,0.0,8,15568,卖盘
11:21:22,19.46,0.0,16,31136,卖盘
11:21:28,19.46,0.0,11,21406,卖盘
11:21:31,19.46,0.0,7,13622,卖盘
11:21:34,19.46,0.0,54,105084,卖盘
11:21:43,19.46,0.0,50,97300,卖盘
11:21:46,19.46,0.0,12,23352,卖盘
11:21:49,19.46,0.0,4,7784,卖盘
11:21:52,19.46,0.0,10,19460,卖盘
11:21:55,19.46,0.0,15,29190,卖盘
11:21:58,19.46,0.0,5,9730,卖盘
11:22:01,19.46,0.0,10,19460,卖盘
11:22:04,19.46,0.0,1,1946,卖盘
11:22:07,19.46,0.0,100,194600,卖盘
11:22:10,19.46,0.0,1,1946,卖盘
11:22:13,19.46,0.0,13,25298,卖盘
11:22:16,19.46,0.0,77,149842,卖盘
11:22:22,19.46,0.0,11,21406,卖盘
11:22:28,19.46,0.0,68,132328,卖盘
11:22:34,19.46,0.0,5,9730,卖盘
11:22:37,19.46,0.0,2,3892,卖盘
11:22:40,19.46,0.0,5,9730,卖盘
11:22:43,19.46,0.0,8,15568,卖盘
11:22:49,19.46,0.0,31,60326,卖盘
11:22:52,19.46,0.0,1,1946,卖盘
11:22:58,19.46,0.0,56,108976,卖盘
11:23:04,19.46,0.0,10,19460,卖盘
11:23:07,19.46,0.0,14,27244,卖盘
11:23:10,19.46,0.0,4,7784,卖盘
11:23:13,19.46,0.0,22,42812,卖盘
11:23:16,19.46,0.0,2,3892,卖盘
11:23:19,19.46,0.0,31,60326,卖盘
11:23:31,19.46,0.0,4,7784,卖盘
11:23:34,19.46,0.0,24,46704,卖盘
11:23:37,19.46,0.0,28,54488,卖盘
11:23:40,19.46,0.0,2,3892,卖盘
11:23:43,19.46,0.0,1,1946,卖盘
11:23:46,19.46,0.0,4,7784,卖盘
11:23:49,19.46,0.0,7,13622,卖盘
11:23:58,19.46,0.0,15,29190,卖盘
11:24:07,19.46,0.0,5,9730,卖盘
11:24:10,19.46,0.0,55,107030,卖盘
11:24:13,19.46,0.0,51,99246,卖盘
11:24:19,19.46,0.0,41,79786,卖盘
11:24:25,19.46,0.0,64,124544,卖盘
11:24:28,19.46,0.0,2,3892,卖盘
11:24:35,19.46,0.0,18,35028,卖盘
11:24:37,19.46,0.0,24,46704,卖盘
11:24:43,19.46,0.0,6,11676,卖盘
11:24:46,19.46,0.0,3,5838,卖盘
11:24:49,19.46,0.0,20,38920,卖盘
11:24:52,19.46,0.0,5,9730,卖盘
11:24:58,19.46,0.0,50,97300,卖盘
11:25:05,19.46,0.0,20,38920,卖盘
11:25:07,19.46,0.0,325,632450,卖盘
11:25:13,19.46,0.0,4,7784,卖盘
11:25:16,19.46,0.0,46,89516,卖盘
11:25:19,19.46,0.0,21,40866,卖盘
11:25:25,19.46,0.0,100,194600,卖盘
11:25:28,19.46,0.0,111,216006,卖盘
11:25:31,19.46,0.0,54,105084,卖盘
11:25:34,19.46,0.0,19,36974,卖盘
11:25:37,19.46,0.0,1,1946,卖盘
11:25:40,19.46,0.0,90,175140,卖盘
11:25:43,19.46,0.0,2,3892,卖盘
11:25:46,19.46,0.0,4,7784,卖盘
11:25:52,19.46,0.0,5,9730,卖盘
11:25:55,19.46,0.0,5,9730,卖盘
11:25:58,19.46,0.0,31,60326,卖盘
11:26:01,19.46,0.0,7,13622,卖盘
11:26:10,19.46,0.0,15,29190,卖盘
11:26:14,19.46,0.0,37,72002,卖盘
11:26:16,19.46,0.0,1,1946,卖盘
11:26:19,19.46,0.0,52,101192,卖盘
11:26:22,19.46,0.0,15,29190,卖盘
11:26:25,19.46,0.0,4,7784,卖盘
11:26:28,19.46,0.0,2,3892,卖盘
11:26:31,19.46,0.0,13,25298,卖盘
11:26:34,19.46,0.0,69,134274,卖盘
11:26:37,19.46,0.0,1,1946,卖盘
11:26:40,19.46,0.0,3,5838,卖盘
11:26:52,19.46,0.0,11,21406,卖盘
11:26:55,19.46,0.0,86,167356,卖盘
11:26:58,19.46,0.0,88,171248,卖盘
11:27:13,19.46,0.0,10,19460,卖盘
11:27:17,19.46,0.0,10,19460,卖盘
11:27:22,19.46,0.0,47,91462,卖盘
11:27:25,19.46,0.0,163,317198,卖盘
11:27:28,19.46,0.0,38,73948,卖盘
11:27:31,19.46,0.0,24,46704,卖盘
11:27:34,19.46,0.0,11,21406,卖盘
11:27:40,19.46,0.0,10,19460,卖盘
11:27:43,19.46,0.0,20,38920,卖盘
11:27:49,19.46,0.0,7,13622,卖盘
11:27:52,19.46,0.0,2,3892,卖盘
11:27:58,19.46,0.0,20,38920,卖盘
11:28:01,19.46,0.0,27,52542,卖盘
11:28:04,19.46,0.0,25,48650,卖盘
11:28:07,19.46,0.0,28,54488,卖盘
11:28:10,19.46,0.0,14,27244,卖盘
11:28:13,19.46,0.0,2,3892,卖盘
11:28:16,19.46,0.0,26,50596,卖盘
11:28:19,19.46,0.0,110,214060,卖盘
11:28:22,19.46,0.0,10,19460,卖盘
11:28:25,19.46,0.0,7,13622,卖盘
11:28:28,19.46,0.0,10,19460,卖盘
11:28:34,19.46,0.0,157,305522,卖盘
11:28:37,19.46,0.0,224,435904,卖盘
11:28:40,19.46,0.0,15,29190,卖盘
11:28:43,19.46,0.0,40,77840,卖盘
11:28:52,19.46,0.0,8,15568,卖盘
11:28:55,19.46,0.0,10,19460,卖盘
11:28:58,19.46,0.0,6,11676,卖盘
11:29:01,19.46,0.0,3,5838,卖盘
11:29:04,19.46,0.0,53,103138,卖盘
11:29:07,19.46,0.0,5,9730,卖盘
11:29:10,19.46,0.0,20,38920,卖盘
11:29:13,19.46,0.0,29,56434,卖盘
11:29:16,19.46,0.0,2,3892,卖盘
11:29:19,19.46,0.0,22,42812,卖盘
11:29:22,19.46,0.0,13,25298,卖盘
11:29:25,19.46,0.0,10,19460,卖盘
11:29:28,19.46,0.0,2,3892,卖盘
11:29:31,19.46,0.0,68,132328,卖盘
11:29:34,19.46,0.0,10,19460,卖盘
11:29:37,19.46,0.0,17,33082,卖盘
11:29:40,19.46,0.0,5,9730,卖盘
11:29:43,19.46,0.0,26,50596,卖盘
11:29:49,19.46,0.0,12,23352,卖盘
11:29:52,19.46,0.0,190,369740,卖盘
11:29:58,19.46,0.0,18,35028,卖盘
13:00:01,19.46,0.0,423,823158,卖盘
13:00:04,19.46,0.0,2839,5524694,卖盘
13:00:08,19.46,0.0,3407,6630022,卖盘
13:00:10,19.46,0.0,3625,7054250,卖盘
13:00:13,19.46,0.0,2964,5767944,卖盘
13:00:16,19.46,0.0,4041,7863786,卖盘
13:00:19,19.46,0.0,3505,6820730,卖盘
13:00:22,19.46,0.0,34,66164,卖盘
13:00:25,19.46,0.0,1489,2897594,卖盘
13:00:28,19.46,0.0,10,19460,卖盘
13:00:31,19.46,0.0,411,799806,卖盘
13:00:34,19.46,0.0,5,9730,卖盘
13:00:37,19.46,0.0,172,334712,卖盘
13:00:40,19.46,0.0,27,52542,卖盘
13:00:43,19.46,0.0,29,56434,卖盘
13:00:46,19.46,0.0,28,54488,卖盘
13:00:49,19.46,0.0,44,85624,卖盘
13:00:55,19.46,0.0,40,77840,卖盘
13:01:01,19.46,0.0,1,1946,卖盘
13:01:04,19.46,0.0,47,91462,卖盘
13:01:07,19.46,0.0,25,48650,卖盘
13:01:10,19.46,0.0,99,192654,卖盘
13:01:14,19.46,0.0,27,52542,卖盘
13:01:16,19.46,0.0,86,167356,卖盘
13:01:19,19.46,0.0,23,44758,卖盘
13:01:22,19.46,0.0,146,284116,卖盘
13:01:25,19.46,0.0,71,138166,卖盘
13:01:28,19.46,0.0,128,249088,卖盘
13:01:32,19.46,0.0,40,77840,卖盘
13:01:34,19.46,0.0,42,81732,卖盘
13:01:37,19.46,0.0,47,91462,卖盘
13:01:40,19.46,0.0,73,142058,卖盘
13:01:43,19.46,0.0,30,58380,卖盘
13:01:46,19.46,0.0,165,321090,卖盘
13:01:49,19.46,0.0,24,46704,卖盘
13:01:52,19.46,0.0,24,46704,卖盘
13:01:55,19.46,0.0,80,155680,卖盘
13:01:58,19.46,0.0,60,116760,卖盘
13:02:01,19.46,0.0,35,68110,卖盘
13:02:04,19.46,0.0,10,19460,卖盘
13:02:07,19.46,0.0,10,19460,卖盘
13:02:10,19.46,0.0,15,29190,卖盘
13:02:13,19.46,0.0,5,9730,卖盘
13:02:16,19.46,0.0,90,175140,卖盘
13:02:19,19.46,0.0,11,21406,卖盘
13:02:22,19.46,0.0,4,7784,卖盘
13:02:25,19.46,0.0,15,29190,卖盘
13:02:28,19.46,0.0,217,422282,卖盘
13:02:31,19.46,0.0,31,60326,卖盘
13:02:34,19.46,0.0,51,99246,卖盘
13:02:37,19.46,0.0,11,21406,卖盘
13:02:40,19.46,0.0,79,153734,卖盘
13:02:43,19.46,0.0,148,288008,卖盘
13:02:46,19.46,0.0,10,19460,卖盘
13:02:49,19.46,0.0,35,68110,卖盘
13:02:52,19.46,0.0,20,38920,卖盘
13:02:56,19.46,0.0,89,173194,卖盘
13:02:58,19.46,0.0,30,58380,卖盘
13:03:01,19.46,0.0,13,25298,卖盘
13:03:04,19.46,0.0,42,81732,卖盘
13:03:07,19.46,0.0,5,9730,卖盘
13:03:10,19.46,0.0,5,9730,卖盘
13:03:13,19.46,0.0,12,23352,卖盘
13:03:16,19.46,0.0,7,13622,卖盘
13:03:19,19.46,0.0,37,72002,卖盘
13:03:22,19.46,0.0,10,19460,卖盘
13:03:25,19.46,0.0,29,56434,卖盘
13:03:28,19.46,0.0,150,291900,卖盘
13:03:31,19.46,0.0,3,5838,卖盘
13:03:34,19.46,0.0,41,79786,卖盘
13:03:37,19.46,0.0,33,64218,卖盘
13:03:40,19.46,0.0,14,27244,卖盘
13:03:44,19.46,0.0,166,323036,卖盘
13:03:46,19.46,0.0,10,19460,卖盘
13:03:50,19.46,0.0,13,25298,卖盘
13:03:53,19.46,0.0,232,451472,卖盘
13:03:55,19.46,0.0,10,19460,卖盘
13:03:58,19.46,0.0,55,107030,卖盘
13:04:01,19.46,0.0,32,62272,卖盘
13:04:04,19.46,0.0,165,321090,卖盘
13:04:07,19.46,0.0,220,428120,卖盘
13:04:10,19.46,0.0,85,165410,卖盘
13:04:13,19.46,0.0,23,44758,卖盘
13:04:16,19.46,0.0,95,184870,卖盘
13:04:19,19.46,0.0,60,116760,卖盘
13:04:22,19.46,0.0,1,1946,卖盘
13:04:25,19.46,0.0,29,56434,卖盘
13:04:28,19.46,0.0,43,83678,卖盘
13:04:31,19.46,0.0,9,17514,卖盘
13:04:34,19.46,0.0,15,29190,卖盘
13:04:37,19.46,0.0,278,540988,卖盘
13:04:40,19.46,0.0,148,288008,卖盘
13:04:43,19.46,0.0,223,433958,卖盘
13:04:46,19.46,0.0,57,110922,卖盘
13:04:49,19.46,0.0,6004,11683784,卖盘
13:04:52,19.46,0.0,41,79786,卖盘
13:04:55,19.46,0.0,1556,3027976,卖盘
13:04:58,19.46,0.0,517,1006082,卖盘
13:05:01,19.46,0.0,3121,6073466,卖盘
13:05:05,19.46,0.0,4097,7972762,卖盘
13:05:07,19.46,0.0,1725,3356850,卖盘
13:05:10,19.46,0.0,1755,3415230,卖盘
13:05:14,19.46,0.0,1019,1982974,卖盘
13:05:16,19.46,0.0,678,1319388,卖盘
13:05:20,19.46,0.0,566,1101436,卖盘
13:05:22,19.46,0.0,149,289954,卖盘
13:05:25,19.46,0.0,224,435904,卖盘
13:05:28,19.46,0.0,461,897106,卖盘
13:05:31,19.46,0.0,448,871808,卖盘
13:05:34,19.46,0.0,1052,2047192,卖盘
13:05:37,19.46,0.0,979,1905134,卖盘
13:05:40,19.46,0.0,1587,3088302,卖盘
13:05:44,19.46,0.0,1764,3432744,卖盘
13:05:46,19.46,0.0,2454,4775484,卖盘
13:05:50,19.46,0.0,3121,6073466,卖盘
13:05:52,19.46,0.0,3063,5960598,卖盘
13:05:55,19.46,0.0,1833,3567018,卖盘
13:05:58,19.46,0.0,3529,6867434,卖盘
13:06:01,19.46,0.0,1439,2800294,卖盘
13:06:04,19.46,0.0,1335,2597910,卖盘
13:06:07,19.46,0.0,2337,4547802,卖盘
13:06:10,19.46,0.0,1502,2922892,卖盘
13:06:13,19.46,0.0,2066,4020436,卖盘
13:06:16,19.46,0.0,516,1004136,卖盘
13:06:19,19.46,0.0,1462,2845052,卖盘
13:06:22,19.46,0.0,477,928242,卖盘
13:06:25,19.46,0.0,238,463148,卖盘
13:06:28,19.46,0.0,166,323036,卖盘
13:06:31,19.46,0.0,269,523474,卖盘
13:06:34,19.46,0.0,180,350280,卖盘
13:06:37,19.46,0.0,192,373632,卖盘
13:06:40,19.46,0.0,425,827050,卖盘
13:06:43,19.46,0.0,959,1866214,卖盘
13:06:46,19.46,0.0,211,410606,卖盘
13:06:49,19.46,0.0,11018,21441028,卖盘
13:06:52,19.46,0.0,5969,11615674,卖盘
13:06:55,19.45,-0.01,6822,13269060,卖盘
13:06:58,19.42,-0.03,869,1689101,卖盘
13:07:01,19.42,0.0,897,1741986,卖盘
13:07:04,19.41,-0.01,1191,2312206,中性盘
13:07:07,19.45,0.04,1006,1952521,买盘
13:07:11,19.45,0.0,1195,2323054,买盘
13:07:13,19.46,0.01,917,1782195,买盘
13:07:16,19.46,0.0,1864,3626962,买盘
13:07:19,19.46,0.0,2037,3963755,买盘
13:07:22,19.46,0.0,1365,2656019,买盘
13:07:25,19.45,-0.01,2926,5693520,卖盘
13:07:28,19.45,0.0,1784,3471088,卖盘
13:07:31,19.45,0.0,1009,1962641,买盘
13:07:34,19.46,0.01,802,1560111,买盘
13:07:37,19.45,-0.01,737,1433609,卖盘
13:07:40,19.44,-0.01,895,1739765,中性盘
13:07:43,19.43,-0.01,855,1661060,中性盘
13:07:46,19.42,-0.01,559,1085284,卖盘
13:07:49,19.42,0.0,654,1270016,买盘
13:07:52,19.41,-0.01,1446,2806282,卖盘
13:07:55,19.38,-0.03,878,1702605,卖盘
13:07:58,19.41,0.03,540,1046674,买盘
13:08:01,19.38,-0.03,605,1173195,中性盘
13:08:04,19.4,0.02,768,1489038,买盘
13:08:07,19.38,-0.02,952,1846226,卖盘
13:08:10,19.38,0.0,802,1554963,卖盘
13:08:13,19.38,0.0,845,1637925,卖盘
13:08:16,19.39,0.01,1182,2290743,买盘
13:08:19,19.36,-0.03,866,1677871,卖盘
13:08:22,19.37,0.01,996,1929549,买盘
13:08:25,19.38,0.01,882,1709295,买盘
13:08:28,19.37,-0.01,801,1551610,卖盘
13:08:31,19.4,0.03,2087,4044892,买盘
13:08:34,19.4,0.0,2033,3944162,买盘
13:08:37,19.43,0.03,1771,3440972,买盘
13:08:40,19.45,0.02,1439,2797853,买盘
13:08:43,19.45,0.0,1153,2241966,买盘
13:08:46,19.46,0.01,1674,3256977,买盘
13:08:49,19.45,-0.01,3151,6130379,卖盘
13:08:52,19.46,0.01,2546,4953968,买盘
13:08:55,19.46,0.0,6369,12391992,买盘
13:08:58,19.46,0.0,3218,6262756,买盘
13:09:01,19.46,0.0,834,1622964,卖盘
13:09:05,19.46,0.0,321,624666,卖盘
13:09:07,19.46,0.0,1903,3703238,卖盘
13:09:10,19.46,0.0,784,1525664,卖盘
13:09:13,19.46,0.0,210,408660,卖盘
13:09:16,19.46,0.0,847,1648262,卖盘
13:09:19,19.46,0.0,133,258818,卖盘
13:09:22,19.46,0.0,333,648018,卖盘
13:09:25,19.46,0.0,382,743372,卖盘
13:09:28,19.46,0.0,249,484554,卖盘
13:09:31,19.46,0.0,86,167356,卖盘
13:09:35,19.46,0.0,151,293846,卖盘
13:09:37,19.46,0.0,219,426174,卖盘
13:09:40,19.46,0.0,80,155680,卖盘
13:09:43,19.46,0.0,466,906836,卖盘
13:09:46,19.46,0.0,382,743372,卖盘
13:09:49,19.46,0.0,278,540988,卖盘
13:09:52,19.46,0.0,189,367794,卖盘
13:09:55,19.46,0.0,170,330820,卖盘
13:09:58,19.46,0.0,222,432012,卖盘
13:10:01,19.46,0.0,31,60326,卖盘
13:10:05,19.46,0.0,45,87570,卖盘
13:10:07,19.46,0.0,71,138166,卖盘
13:10:10,19.46,0.0,98,190708,卖盘
13:10:13,19.46,0.0,218,424228,卖盘
13:10:16,19.46,0.0,25,48650,卖盘
13:10:19,19.46,0.0,64,124544,卖盘
13:10:23,19.46,0.0,232,451472,卖盘
13:10:25,19.46,0.0,90,175140,卖盘
13:10:28,19.46,0.0,368,716128,卖盘
13:10:31,19.46,0.0,78,151788,卖盘
13:10:34,19.46,0.0,95,184870,卖盘
13:10:37,19.46,0.0,841,1636586,卖盘
13:10:41,19.46,0.0,164,319144,卖盘
13:10:43,19.46,0.0,254,494284,卖盘
13:10:46,19.46,0.0,268,521528,卖盘
13:10:49,19.46,0.0,196,381416,卖盘
13:10:52,19.46,0.0,287,558502,卖盘
13:10:55,19.46,0.0,47,91462,卖盘
13:10:58,19.46,0.0,65,126490,卖盘
13:11:01,19.46,0.0,260,505960,卖盘
13:11:04,19.46,0.0,14,27244,卖盘
13:11:07,19.46,0.0,125,243250,卖盘
13:11:10,19.46,0.0,18,35028,卖盘
13:11:13,19.46,0.0,282,548772,卖盘
13:11:16,19.46,0.0,39,75894,卖盘
13:11:19,19.46,0.0,122,237412,卖盘
13:11:22,19.46,0.0,444,864024,卖盘
13:11:25,19.46,0.0,190,369740,卖盘
13:11:28,19.46,0.0,256,498176,卖盘
13:11:31,19.46,0.0,55,107030,卖盘
13:11:34,19.46,0.0,33,64218,卖盘
13:11:37,19.46,0.0,16,31136,卖盘
13:11:40,19.46,0.0,155,301630,卖盘
13:11:43,19.46,0.0,272,529312,卖盘
13:11:46,19.46,0.0,153,297738,卖盘
13:11:49,19.46,0.0,139,270494,卖盘
13:11:52,19.46,0.0,226,439796,卖盘
13:11:55,19.46,0.0,68,132328,卖盘
13:11:58,19.46,0.0,89,173194,卖盘
13:12:01,19.46,0.0,58,112868,卖盘
13:12:04,19.46,0.0,54,105084,卖盘
13:12:08,19.46,0.0,97,188762,卖盘
13:12:10,19.46,0.0,176,342496,卖盘
13:12:13,19.46,0.0,293,570178,卖盘
13:12:16,19.46,0.0,231,449526,卖盘
13:12:19,19.46,0.0,14,27244,卖盘
13:12:22,19.46,0.0,76,147896,卖盘
13:12:25,19.46,0.0,35,68110,卖盘
13:12:28,19.46,0.0,326,634396,卖盘
13:12:31,19.46,0.0,802,1560692,卖盘
13:12:34,19.46,0.0,333,648018,卖盘
13:12:37,19.46,0.0,676,1315496,卖盘
13:12:40,19.46,0.0,974,1895404,卖盘
13:12:43,19.46,0.0,240,467040,卖盘
13:12:46,19.46,0.0,1058,2058868,卖盘
13:12:50,19.46,0.0,469,912674,卖盘
13:12:52,19.46,0.0,828,1611288,卖盘
13:12:55,19.46,0.0,762,1482852,卖盘
13:12:58,19.46,0.0,455,885430,卖盘
13:13:01,19.46,0.0,428,832888,卖盘
13:13:04,19.46,0.0,333,648018,卖盘
13:13:07,19.46,0.0,106,206276,卖盘
13:13:10,19.46,0.0,431,838726,卖盘
13:13:14,19.46,0.0,381,741426,卖盘
13:13:16,19.46,0.0,196,381416,卖盘
13:13:19,19.46,0.0,165,321090,卖盘
13:13:23,19.46,0.0,129,251034,卖盘
13:13:25,19.46,0.0,183,356118,卖盘
13:13:28,19.46,0.0,102,198492,卖盘
13:13:31,19.46,0.0,779,1515934,卖盘
13:13:34,19.46,0.0,218,424228,卖盘
13:13:38,19.46,0.0,1817,3535882,卖盘
13:13:40,19.46,0.0,168,326928,卖盘
13:13:43,19.46,0.0,432,840672,卖盘
13:13:46,19.46,0.0,1342,2611532,卖盘
13:13:49,19.46,0.0,1745,3395770,卖盘
13:13:52,19.46,0.0,2351,4575046,卖盘
13:13:55,19.46,0.0,1321,2570666,卖盘
13:13:58,19.46,0.0,1873,3644469,卖盘
13:14:02,19.46,0.0,2543,4948678,卖盘
13:14:04,19.46,0.0,1172,2280712,卖盘
13:14:07,19.46,0.0,619,1204574,卖盘
13:14:10,19.46,0.0,407,792022,卖盘
13:14:13,19.46,0.0,431,838726,卖盘
13:14:16,19.46,0.0,652,1268792,卖盘
13:14:19,19.46,0.0,278,540988,卖盘
13:14:22,19.46,0.0,80,155680,卖盘
13:14:25,19.46,0.0,234,455364,卖盘
13:14:28,19.46,0.0,208,404768,卖盘
13:14:31,19.46,0.0,286,556556,卖盘
13:14:34,19.46,0.0,399,776454,卖盘
13:14:37,19.46,0.0,400,778400,卖盘
13:14:40,19.46,0.0,136,264656,卖盘
13:14:43,19.46,0.0,79,153734,卖盘
13:14:46,19.46,0.0,424,825104,卖盘
13:14:49,19.46,0.0,185,360010,卖盘
13:14:52,19.46,0.0,97,188762,卖盘
13:14:55,19.46,0.0,234,455364,卖盘
13:14:59,19.46,0.0,141,274386,卖盘
13:15:01,19.46,0.0,203,395038,卖盘
13:15:04,19.46,0.0,350,681100,卖盘
13:15:07,19.46,0.0,312,607152,卖盘
13:15:10,19.46,0.0,146,284116,卖盘
13:15:13,19.46,0.0,548,1066408,卖盘
13:15:16,19.46,0.0,1052,2047192,卖盘
13:15:19,19.46,0.0,2879,5602534,卖盘
13:15:22,19.46,0.0,2734,5320364,卖盘
13:15:25,19.46,0.0,3077,5987842,卖盘
13:15:28,19.46,0.0,3540,6888276,卖盘
13:15:31,19.45,-0.01,567,1104021,卖盘
13:15:34,19.44,-0.01,563,1094988,卖盘
13:15:37,19.46,0.02,866,1683661,买盘
13:15:40,19.46,0.0,521,1012435,买盘
13:15:43,19.45,-0.01,408,792974,卖盘
13:15:46,19.44,-0.01,614,1192242,卖盘
13:15:49,19.44,0.0,491,954520,买盘
13:15:52,19.44,0.0,257,499557,买盘
13:15:55,19.45,0.01,887,1725029,买盘
13:15:58,19.46,0.01,966,1878911,买盘
13:16:01,19.45,-0.01,1026,1995909,卖盘
13:16:04,19.45,0.0,913,1776489,买盘
13:16:07,19.44,-0.01,407,791483,卖盘
13:16:11,19.45,0.01,805,1566138,卖盘
13:16:13,19.44,-0.01,1411,2744319,卖盘
13:16:16,19.45,0.01,371,721572,买盘
13:16:19,19.44,-0.01,582,1131393,卖盘
13:16:22,19.45,0.01,1028,1999535,买盘
13:16:25,19.45,0.0,525,1021105,买盘
13:16:29,19.44,-0.01,543,1055832,卖盘
13:16:31,19.44,0.0,707,1374501,买盘
13:16:34,19.44,0.0,362,703699,买盘
13:16:37,19.44,0.0,1074,2086749,买盘
13:16:40,19.4,-0.04,924,1794620,卖盘
13:16:43,19.43,0.03,2124,4125254,中性盘
13:16:46,19.4,-0.03,1655,3211868,卖盘
13:16:49,19.4,0.0,866,1681696,卖盘
13:16:52,19.44,0.04,969,1880525,买盘
13:16:55,19.4,-0.04,631,1225306,卖盘
13:16:58,19.41,0.01,1019,1978367,卖盘
13:17:01,19.4,-0.01,1046,2029867,卖盘
13:17:04,19.4,0.0,845,1639403,卖盘
13:17:07,19.38,-0.02,853,1655204,卖盘
13:17:10,19.39,0.01,367,711690,中性盘
13:17:13,19.39,0.0,896,1737687,买盘
13:17:16,19.38,-0.01,488,945679,卖盘
13:17:19,19.38,0.0,886,1717660,买盘
13:17:22,19.38,0.0,560,1085160,买盘
13:17:25,19.37,-0.01,703,1362247,卖盘
13:17:28,19.37,0.0,1475,2857038,卖盘
13:17:31,19.36,-0.01,743,1439522,卖盘
13:17:34,19.34,-0.02,706,1367069,卖盘
13:17:37,19.34,0.0,391,756191,卖盘
13:17:40,19.34,0.0,654,1264372,买盘
13:17:43,19.32,-0.02,866,1673142,卖盘
13:17:46,19.31,-0.01,674,1301737,卖盘
13:17:49,19.31,0.0,805,1554402,卖盘
13:17:52,19.31,0.0,688,1328166,买盘
13:17:55,19.25,-0.06,3392,6538176,卖盘
13:17:58,19.2,-0.05,550,1057273,卖盘
13:18:01,19.2,0.0,326,625956,卖盘
13:18:04,19.15,-0.05,1232,2360580,卖盘
13:18:07,19.19,0.04,2651,5086766,买盘
13:18:10,19.26,0.07,4261,8202395,买盘
13:18:13,19.35,0.09,6421,12397276,买盘
13:18:16,19.39,0.04,2388,4622727,买盘
13:18:19,19.42,0.03,2531,4908828,买盘
13:18:23,19.44,0.02,599,1163549,买盘
13:18:25,19.44,0.0,1434,2788599,买盘
13:18:28,19.44,0.0,1450,2820058,卖盘
13:18:31,19.45,0.01,1734,3372480,买盘
13:18:34,19.44,-0.01,2383,4634894,卖盘
13:18:37,19.4,-0.04,3117,6057567,卖盘
13:18:40,19.4,0.0,976,1893362,买盘
13:18:43,19.39,-0.01,412,798997,卖盘
13:18:46,19.4,0.01,1345,2608478,买盘
13:18:49,19.31,-0.09,552,1067753,卖盘
13:18:53,19.36,0.05,532,1029285,买盘
13:18:55,19.35,-0.01,117,226377,中性盘
13:18:58,19.3,-0.05,1058,2043868,卖盘
13:19:01,19.32,0.02,1299,2508550,买盘
13:19:04,19.31,-0.01,256,494872,卖盘
13:19:07,19.32,0.01,378,730190,卖盘
13:19:10,19.31,-0.01,458,884426,中性盘
13:19:13,19.32,0.01,986,1904438,买盘
13:19:16,19.3,-0.02,516,996640,卖盘
13:19:19,19.3,0.0,784,1513502,卖盘
13:19:22,19.29,-0.01,775,1496119,卖盘
13:19:25,19.26,-0.03,850,1639628,卖盘
13:19:28,19.2,-0.06,1046,2013045,卖盘
13:19:31,19.24,0.04,1388,2666229,买盘
13:19:34,19.28,0.04,918,1767977,买盘
13:19:37,19.3,0.02,1136,2188217,买盘
13:19:41,19.26,-0.04,1275,2458651,卖盘
13:19:43,19.28,0.02,998,1923403,买盘
13:19:46,19.25,-0.03,955,1839487,卖盘
13:19:49,19.25,0.0,1410,2710205,买盘
13:19:52,19.25,0.0,507,975753,买盘
13:19:55,19.2,-0.05,653,1255111,卖盘
13:19:58,19.22,0.02,265,509114,买盘
13:20:01,19.21,-0.01,1092,2097548,中性盘
13:20:04,19.22,0.01,1590,3054250,买盘
13:20:07,19.19,-0.03,1576,3026288,卖盘
13:20:10,19.2,0.01,642,1232170,买盘
13:20:13,19.16,-0.04,1087,2083570,卖盘
13:20:16,19.11,-0.05,811,1553465,卖盘
13:20:19,19.15,0.04,1174,2244958,中性盘
13:20:22,19.1,-0.05,1041,1989689,卖盘
13:20:25,19.1,0.0,1086,2075315,卖盘
13:20:28,19.07,-0.03,1018,1943741,卖盘
13:20:31,19.07,0.0,516,984244,卖盘
13:20:34,19.06,-0.01,1139,2170525,卖盘
13:20:37,19.05,-0.01,796,1516497,卖盘
13:20:40,19.02,-0.03,1608,3060606,卖盘
13:20:43,19.01,-0.01,1234,2346742,卖盘
13:20:46,19.0,-0.01,1526,2899843,卖盘
13:20:49,18.98,-0.02,2325,4417483,卖盘
13:20:52,18.96,-0.02,661,1253583,卖盘
13:20:55,18.91,-0.05,1428,2701954,卖盘
13:20:58,18.91,0.0,771,1457912,卖盘
13:21:01,18.9,-0.01,1994,3768937,卖盘
13:21:04,18.9,0.0,2572,4862225,买盘
13:21:07,18.96,0.06,7180,13600474,买盘
13:21:10,18.91,-0.05,5428,10291572,卖盘
13:21:13,18.98,0.07,3074,5824027,买盘
13:21:16,19.0,0.02,4719,8932778,买盘
13:21:19,18.99,-0.01,2883,5471763,中性盘
13:21:22,19.0,0.01,2985,5666047,买盘
13:21:25,19.0,0.0,1604,3047444,买盘
13:21:28,19.0,0.0,2008,3816726,卖盘
13:21:31,19.04,0.04,2188,4161572,买盘
13:21:34,19.05,0.01,2739,5210914,买盘
13:21:37,19.07,0.02,1571,2992086,买盘
13:21:40,19.03,-0.04,3100,5897408,卖盘
13:21:43,19.02,-0.01,3343,6359883,卖盘
13:21:46,18.97,-0.05,2929,5565412,卖盘
13:21:49,18.96,-0.01,972,1847794,卖盘
13:21:53,18.91,-0.05,1135,2148132,卖盘
13:21:55,18.93,0.02,425,805366,买盘
13:21:58,18.95,0.02,914,1732270,买盘
13:22:01,18.95,0.0,1424,2695495,买盘
13:22:04,18.95,0.0,1648,3122707,买盘
13:22:07,18.92,-0.03,1155,2186558,卖盘
13:22:10,18.96,0.04,1194,2261524,买盘
13:22:13,18.96,0.0,1759,3336668,买盘
13:22:16,18.96,0.0,2666,5045592,卖盘
13:22:19,18.93,-0.03,1335,2524897,卖盘
13:22:22,18.92,-0.01,1470,2783501,卖盘
13:22:25,18.92,0.0,1419,2685443,买盘
13:22:28,18.92,0.0,522,987709,买盘
13:22:31,18.91,-0.01,782,1479427,卖盘
13:22:34,18.91,0.0,1131,2138700,卖盘
13:22:37,18.9,-0.01,739,1396454,中性盘
13:22:40,18.89,-0.01,2184,4124247,卖盘
13:22:44,18.88,-0.01,1837,3469479,卖盘
13:22:46,18.85,-0.03,449,847512,卖盘
13:22:49,18.84,-0.01,461,868941,卖盘
13:22:53,18.83,-0.01,2233,4200086,卖盘
13:22:55,18.8,-0.03,780,1466205,卖盘
13:22:58,18.8,0.0,329,618297,买盘
13:23:01,18.78,-0.02,1351,2537767,卖盘
13:23:04,18.75,-0.03,960,1802482,卖盘
13:23:07,18.76,0.01,846,1587923,买盘
13:23:10,18.75,-0.01,2481,4656370,卖盘
13:23:13,18.75,0.0,2085,3912237,买盘
13:23:16,18.75,0.0,2489,4667208,卖盘
13:23:20,18.75,0.0,5005,9381710,买盘
13:23:22,18.75,0.0,1430,2681571,买盘
13:23:25,18.8,0.05,2377,4458581,买盘
13:23:28,18.8,0.0,2860,5370932,买盘
13:23:31,18.8,0.0,2561,4811216,买盘
13:23:34,18.81,0.01,1322,2487926,买盘
13:23:37,18.81,0.0,1757,3306603,卖盘
13:23:40,18.86,0.05,1083,2039657,买盘
13:23:43,18.9,0.04,2149,4053122,买盘
13:23:46,18.89,-0.01,1328,2507276,卖盘
13:23:49,18.9,0.01,902,1704188,买盘
13:23:52,18.91,0.01,804,1518887,买盘
13:23:55,18.92,0.01,1682,3180297,买盘
13:23:58,18.96,0.04,734,1389857,买盘
13:24:01,18.99,0.03,581,1101085,买盘
13:24:04,19.0,0.01,398,755775,买盘
13:24:07,19.0,0.0,1725,3276704,买盘
13:24:10,19.01,0.01,1312,2492491,买盘
13:24:13,19.03,0.02,560,1064949,买盘
13:24:16,19.03,0.0,296,563475,买盘
13:24:19,19.07,0.04,662,1260893,买盘
13:24:23,19.08,0.01,653,1244754,买盘
13:24:25,19.09,0.01,945,1802694,买盘
13:24:28,19.1,0.01,617,1178248,买盘
13:24:32,19.1,0.0,992,1894692,买盘
13:24:34,19.15,0.05,621,1187614,买盘
13:24:37,19.17,0.02,1264,2422265,买盘
13:24:40,19.17,0.0,513,982238,买盘
13:24:43,19.2,0.03,805,1543986,买盘
13:24:46,19.17,-0.03,1076,2064143,卖盘
13:24:49,19.17,0.0,1173,2248008,卖盘
13:24:52,19.1,-0.07,1768,3381460,卖盘
13:24:55,19.05,-0.05,1178,2248552,卖盘
13:24:58,18.99,-0.06,2647,5034715,卖盘
13:25:01,18.98,-0.01,457,867889,卖盘
13:25:04,18.96,-0.02,321,608232,卖盘
13:25:07,18.95,-0.01,599,1136173,中性盘
13:25:10,18.92,-0.03,314,594225,卖盘
13:25:13,18.92,0.0,406,768501,买盘
13:25:17,18.92,0.0,838,1585077,买盘
13:25:19,18.88,-0.04,1086,2052757,卖盘
13:25:22,18.91,0.03,400,756087,买盘
13:25:25,18.88,-0.03,479,904879,卖盘
13:25:28,18.9,0.02,557,1051640,买盘
13:25:31,18.85,-0.05,890,1678348,卖盘
13:25:34,18.88,0.03,270,509521,买盘
13:25:37,18.88,0.0,653,1232362,买盘
13:25:40,18.85,-0.03,830,1565493,卖盘
13:25:43,18.81,-0.04,1688,3176883,卖盘
13:25:46,18.8,-0.01,793,1491492,卖盘
13:25:49,18.8,0.0,1183,2224163,卖盘
13:25:52,18.8,0.0,878,1650722,卖盘
13:25:55,18.8,0.0,644,1210067,买盘
13:25:58,18.77,-0.03,244,458297,卖盘
13:26:01,18.73,-0.04,879,1649154,卖盘
13:26:04,18.73,0.0,393,736389,卖盘
13:26:07,18.74,0.01,703,1315717,买盘
13:26:10,18.7,-0.04,2046,3826905,卖盘
13:26:13,18.7,0.0,525,981587,买盘
13:26:16,18.69,-0.01,713,1332583,中性盘
13:26:19,18.66,-0.03,549,1025294,卖盘
13:26:22,18.67,0.01,1212,2262291,中性盘
13:26:25,18.63,-0.04,503,937907,卖盘
13:26:28,18.63,0.0,656,1221424,买盘
13:26:31,18.61,-0.02,1030,1918071,卖盘
13:26:34,18.6,-0.01,1238,2302656,卖盘
13:26:38,18.58,-0.02,1029,1913888,卖盘
13:26:40,18.58,0.0,1285,2388440,卖盘
13:26:43,18.56,-0.02,558,1035607,卖盘
13:26:46,18.55,-0.01,948,1758884,卖盘
13:26:49,18.51,-0.04,1034,1915276,卖盘
13:26:52,18.54,0.03,1066,1973818,买盘
13:26:55,18.51,-0.03,2533,4689888,卖盘
13:26:58,18.5,-0.01,2271,4203468,卖盘
13:27:01,18.5,0.0,2917,5391236,买盘
13:27:04,18.48,-0.02,1721,3178759,中性盘
13:27:07,18.48,0.0,3892,7194494,买盘
13:27:10,18.5,0.02,3472,6419513,买盘
13:27:13,18.51,0.01,4121,7624148,买盘
13:27:16,18.55,0.04,2516,4664600,买盘
13:27:19,18.59,0.04,2866,5321814,买盘
13:27:22,18.65,0.06,2664,4959517,买盘
13:27:25,18.69,0.04,1889,3524913,买盘
13:27:28,18.69,0.0,1405,2626450,买盘
13:27:31,18.69,0.0,1441,2695392,卖盘
13:27:34,18.76,0.07,794,1486576,买盘
13:27:37,18.76,0.0,1930,3614199,买盘
13:27:40,18.8,0.04,2013,3777945,买盘
13:27:43,18.8,0.0,1207,2266402,买盘
13:27:46,18.8,0.0,1176,2209714,买盘
13:27:49,18.78,-0.02,1186,2229027,中性盘
13:27:52,18.78,0.0,1380,2590293,买盘
13:27:55,18.78,0.0,688,1291502,买盘
13:27:58,18.78,0.0,743,1395911,卖盘
13:28:01,18.79,0.01,1087,2041424,买盘
13:28:04,18.8,0.01,1357,2550292,买盘
13:28:07,18.8,0.0,936,1759580,买盘
13:28:10,18.79,-0.01,1368,2570563,中性盘
13:28:13,18.77,-0.02,980,1840168,卖盘
13:28:16,18.71,-0.06,1272,2384464,卖盘
13:28:19,18.7,-0.01,678,1268432,卖盘
13:28:22,18.69,-0.01,631,1181814,卖盘
13:28:25,18.67,-0.02,1166,2179695,卖盘
13:28:28,18.68,0.01,384,717520,中性盘
13:28:31,18.7,0.02,1333,2491276,买盘
13:28:34,18.67,-0.03,1361,2541299,卖盘
13:28:38,18.69,0.02,561,1047482,买盘
13:28:40,18.67,-0.02,702,1310407,卖盘
13:28:44,18.67,0.0,494,922375,买盘
13:28:46,18.65,-0.02,629,1173506,卖盘
13:28:49,18.65,0.0,980,1828405,买盘
13:28:52,18.65,0.0,436,813329,卖盘
13:28:55,18.67,0.02,1149,2142904,买盘
13:28:58,18.65,-0.02,1424,2655452,买盘
13:29:01,18.65,0.0,1025,1911234,买盘
13:29:04,18.65,0.0,1351,2519027,卖盘
13:29:07,18.64,-0.01,1218,2271302,卖盘
13:29:11,18.67,0.03,467,870963,买盘
13:29:13,18.65,-0.02,651,1214322,卖盘
13:29:16,18.67,0.02,1337,2494331,买盘
13:29:19,18.67,0.0,1775,3310244,中性盘
13:29:22,18.67,0.0,603,1125654,买盘
13:29:25,18.68,0.01,2010,3756978,卖盘
13:29:28,18.69,0.01,1089,2033418,买盘
13:29:31,18.7,0.01,1377,2572886,买盘
13:29:34,18.7,0.0,1558,2913333,买盘
13:29:37,18.72,0.02,1464,2736789,买盘
13:29:41,18.73,0.01,313,585742,买盘
13:29:43,18.72,-0.01,981,1836937,卖盘
13:29:46,18.7,-0.02,1882,3522495,卖盘
13:29:49,18.69,-0.01,1105,2066319,卖盘
13:29:52,18.69,0.0,580,1084572,卖盘
13:29:55,18.7,0.01,642,1199903,买盘
13:29:58,18.69,-0.01,418,781487,卖盘
13:30:01,18.69,0.0,469,876201,买盘
13:30:04,18.69,0.0,884,1652154,买盘
13:30:08,18.65,-0.04,975,1820184,卖盘
13:30:10,18.68,0.03,116,216667,买盘
13:30:13,18.67,-0.01,357,666368,卖盘
13:30:16,18.68,0.01,1069,1997652,买盘
13:30:19,18.69,0.01,416,777007,买盘
13:30:22,18.68,-0.01,1018,1899979,买盘
13:30:25,18.68,0.0,395,737793,买盘
13:30:28,18.66,-0.02,330,616317,卖盘
13:30:31,18.66,0.0,748,1396701,卖盘
13:30:34,18.66,0.0,509,950081,卖盘
13:30:38,18.66,0.0,491,915948,卖盘
13:30:40,18.65,-0.01,776,1448255,卖盘
13:30:43,18.62,-0.03,1282,2387956,卖盘
13:30:46,18.6,-0.02,1242,2311205,卖盘
13:30:49,18.64,0.04,401,746169,买盘
13:30:52,18.61,-0.03,1017,1891814,中性盘
13:30:55,18.58,-0.03,1465,2724757,卖盘
13:30:58,18.58,0.0,459,853582,卖盘
13:31:01,18.58,0.0,293,544657,卖盘
13:31:04,18.56,-0.02,382,709398,卖盘
13:31:07,18.56,0.0,772,1432422,卖盘
13:31:10,18.55,-0.01,398,738464,卖盘
13:31:14,18.55,0.0,541,1002934,买盘
13:31:16,18.51,-0.04,711,1316669,卖盘
13:31:19,18.53,0.02,663,1227573,买盘
13:31:22,18.55,0.02,2886,5354109,买盘
13:31:25,18.58,0.03,2817,5231269,买盘
13:31:28,18.58,0.0,1779,3304179,买盘
13:31:31,18.61,0.03,1575,2928922,买盘
13:31:34,18.62,0.01,854,1588043,买盘
13:31:37,18.63,0.01,895,1666984,买盘
13:31:40,18.65,0.02,1163,2167996,买盘
13:31:43,18.66,0.01,386,719709,买盘
13:31:46,18.66,0.0,695,1296267,买盘
13:31:49,18.68,0.02,1097,2046520,买盘
13:31:52,18.69,0.01,907,1694327,买盘
13:31:55,18.68,-0.01,949,1773475,卖盘
13:31:58,18.7,0.02,1448,2705690,买盘
13:32:01,18.7,0.0,1787,3340959,买盘
13:32:04,18.71,0.01,901,1684839,买盘
13:32:07,18.74,0.03,1152,2157164,买盘
13:32:10,18.75,0.01,593,1111524,买盘
13:32:13,18.76,0.01,1945,3645591,买盘
13:32:16,18.77,0.01,462,867126,买盘
13:32:19,18.78,0.01,425,797710,买盘
13:32:22,18.8,0.02,1067,2003630,买盘
13:32:25,18.79,-0.01,626,1176679,卖盘
13:32:28,18.8,0.01,812,1526153,买盘
13:32:31,18.8,0.0,1929,3626166,买盘
13:32:34,18.81,0.01,724,1361077,买盘
13:32:37,18.81,0.0,1654,3109713,买盘
13:32:40,18.81,0.0,798,1502883,卖盘
13:32:43,18.84,0.03,1934,3635769,卖盘
13:32:46,18.81,-0.03,803,1511494,卖盘
13:32:49,18.85,0.04,427,803181,买盘
13:32:52,18.84,-0.01,626,1179630,中性盘
13:32:55,18.84,0.0,370,697255,卖盘
13:32:58,18.85,0.01,662,1247748,买盘
13:33:02,18.84,-0.01,659,1241990,卖盘
13:33:04,18.8,-0.04,1096,2061941,卖盘
13:33:07,18.8,0.0,364,684210,买盘
13:33:10,18.78,-0.02,407,764461,卖盘
13:33:13,18.78,0.0,1094,2052134,买盘
13:33:16,18.67,-0.11,1245,2328930,卖盘
13:33:19,18.67,0.0,297,554452,买盘
13:33:22,18.67,0.0,155,289349,买盘
13:33:25,18.66,-0.01,310,578639,卖盘
13:33:28,18.66,0.0,581,1084426,卖盘
13:33:31,18.66,0.0,348,649382,买盘
13:33:34,18.66,0.0,578,1078242,买盘
13:33:37,18.65,-0.01,681,1269795,中性盘
13:33:40,18.64,-0.01,513,956662,中性盘
13:33:43,18.63,-0.01,1829,3401086,中性盘
13:33:46,18.58,-0.05,488,909021,卖盘
13:33:49,18.55,-0.03,263,488605,卖盘
13:33:52,18.54,-0.01,84,155840,卖盘
13:33:56,18.54,0.0,164,304130,买盘
13:33:58,18.55,0.01,407,754744,买盘
13:34:01,18.54,-0.01,491,910531,卖盘
13:34:04,18.57,0.03,799,1482204,买盘
13:34:08,18.55,-0.02,467,867028,卖盘
13:34:10,18.6,0.05,832,1545512,买盘
13:34:13,18.62,0.02,121,225202,买盘
13:34:16,18.62,0.0,312,580827,买盘
13:34:19,18.64,0.02,532,991044,买盘
13:34:22,18.65,0.01,292,544551,中性盘
13:34:25,18.66,0.01,1068,1990940,买盘
13:34:28,18.69,0.03,257,479745,买盘
13:34:31,18.7,0.01,277,517799,买盘
13:34:34,18.7,0.0,122,228127,卖盘
13:34:37,18.72,0.02,815,1522695,买盘
13:34:40,18.7,-0.02,2521,4701323,卖盘
13:34:43,18.7,0.0,286,534723,买盘
13:34:46,18.7,0.0,393,734670,买盘
13:34:49,18.67,-0.03,783,1464018,卖盘
13:34:52,18.7,0.03,615,1149105,买盘
13:34:55,18.7,0.0,650,1213425,买盘
13:34:58,18.7,0.0,477,890152,买盘
13:35:01,18.7,0.0,327,611313,买盘
13:35:04,18.68,-0.02,526,983112,卖盘
13:35:08,18.7,0.02,243,453993,买盘
13:35:10,18.68,-0.02,209,390397,卖盘
13:35:13,18.69,0.01,282,526698,买盘
13:35:16,18.7,0.01,188,351306,买盘
13:35:20,18.69,-0.01,296,553183,买盘
13:35:23,18.6,-0.09,1853,3453303,卖盘
13:35:25,18.6,0.0,260,483599,买盘
13:35:28,18.6,0.0,301,559841,买盘
13:35:31,18.6,0.0,478,888965,买盘
13:35:34,18.6,0.0,2634,4887320,买盘
13:35:37,18.6,0.0,343,637869,买盘
13:35:40,18.6,0.0,395,734561,买盘
13:35:43,18.6,0.0,645,1199564,买盘
13:35:46,18.6,0.0,992,1844105,买盘
13:35:49,18.6,0.0,870,1617976,买盘
13:35:52,18.65,0.05,230,427907,买盘
13:35:55,18.65,0.0,481,895438,买盘
13:35:59,18.66,0.01,233,434732,买盘
13:36:01,18.59,-0.07,2412,4487517,卖盘
13:36:04,18.58,-0.01,446,828937,卖盘
13:36:07,18.59,0.01,198,367991,买盘
13:36:10,18.59,0.0,182,338192,买盘
13:36:13,18.59,0.0,357,663635,买盘
13:36:16,18.59,0.0,239,444237,买盘
13:36:20,18.59,0.0,418,776949,买盘
13:36:22,18.59,0.0,855,1589185,买盘
13:36:25,18.59,0.0,797,1481070,买盘
13:36:29,18.58,-0.01,761,1414183,中性盘
13:36:31,18.58,0.0,350,650271,买盘
13:36:34,18.56,-0.02,785,1458004,卖盘
13:36:38,18.5,-0.06,5297,9805467,卖盘
13:36:40,18.5,0.0,426,787976,买盘
13:36:43,18.5,0.0,682,1261652,买盘
13:36:46,18.5,0.0,750,1386718,买盘
13:36:49,18.46,-0.04,885,1634800,卖盘
13:36:52,18.46,0.0,1077,1987084,买盘
13:36:55,18.45,-0.01,197,363338,卖盘
13:36:58,18.45,0.0,388,715566,买盘
13:37:01,18.42,-0.03,643,1185749,卖盘
13:37:04,18.42,0.0,1209,2225231,卖盘
13:37:07,18.41,-0.01,1265,2328560,卖盘
13:37:10,18.4,-0.01,515,947375,卖盘
13:37:13,18.39,-0.01,585,1074975,中性盘
13:37:16,18.36,-0.03,321,589226,卖盘
13:37:19,18.34,-0.02,208,381756,卖盘
13:37:22,18.33,-0.01,140,256678,卖盘
13:37:25,18.32,-0.01,519,951031,卖盘
13:37:28,18.3,-0.02,476,871451,卖盘
13:37:31,18.3,0.0,2583,4722837,卖盘
13:37:34,18.28,-0.02,2260,4135588,卖盘
13:37:37,18.28,0.0,2320,4243747,卖盘
13:37:40,18.28,0.0,1708,3122773,买盘
13:37:43,18.27,-0.01,1757,3210305,卖盘
13:37:46,18.28,0.01,1899,3470596,买盘
13:37:49,18.3,0.02,3795,6949624,买盘
13:37:52,18.31,0.01,3425,6273043,中性盘
13:37:55,18.36,0.05,1014,1859810,买盘
13:37:58,18.39,0.03,932,1712062,买盘
13:38:02,18.38,-0.01,1586,2918961,卖盘
13:38:04,18.43,0.05,259,477095,买盘
13:38:07,18.44,0.01,782,1440632,买盘
13:38:10,18.49,0.05,590,1088899,买盘
13:38:13,18.49,0.0,250,461612,买盘
13:38:16,18.5,0.01,581,1074050,买盘
13:38:19,18.53,0.03,646,1195810,买盘
13:38:22,18.54,0.01,382,707906,买盘
13:38:25,18.56,0.02,159,294892,买盘
13:38:28,18.55,-0.01,2217,4105040,卖盘
13:38:31,18.57,0.02,1550,2878441,买盘
13:38:34,18.56,-0.01,502,931411,卖盘
13:38:37,18.5,-0.06,2454,4540601,卖盘
13:38:40,18.49,-0.01,837,1547802,卖盘
13:38:43,18.47,-0.02,333,615466,卖盘
13:38:46,18.47,0.0,580,1071422,买盘
13:38:49,18.47,0.0,264,487774,卖盘
13:38:52,18.46,-0.01,230,424683,卖盘
13:38:55,18.46,0.0,305,562920,买盘
13:38:58,18.45,-0.01,815,1503305,卖盘
13:39:01,18.44,-0.01,187,344944,中性盘
13:39:04,18.45,0.01,1091,2012219,买盘
13:39:08,18.45,0.0,430,792424,买盘
13:39:11,18.44,-0.01,428,788752,卖盘
13:39:13,18.44,0.0,284,523530,卖盘
13:39:17,18.41,-0.03,308,567557,中性盘
13:39:19,18.43,0.02,854,1573639,买盘
13:39:22,18.41,-0.02,534,984033,卖盘
13:39:25,18.41,0.0,474,872386,买盘
13:39:28,18.4,-0.01,586,1078384,卖盘
13:39:31,18.4,0.0,1307,2402824,买盘
13:39:34,18.4,0.0,384,706424,买盘
13:39:37,18.4,0.0,1339,2458534,买盘
13:39:41,18.39,-0.01,575,1057244,卖盘
13:39:43,18.39,0.0,168,308561,买盘
13:39:46,18.39,0.0,289,531308,买盘
13:39:49,18.32,-0.07,180,330281,卖盘
13:39:52,18.38,0.06,1575,2892175,买盘
13:39:56,18.38,0.0,238,436595,买盘
13:39:58,18.38,0.0,356,653145,买盘
13:40:01,18.38,0.0,732,1344255,买盘
13:40:04,18.39,0.01,2986,5491637,买盘
13:40:07,18.4,0.01,1885,3465639,买盘
13:40:10,18.4,0.0,4828,8894611,买盘
13:40:13,18.43,0.03,700,1290338,中性盘
13:40:16,18.5,0.07,1874,3461622,买盘
13:40:19,18.5,0.0,1350,2497279,买盘
13:40:22,18.5,0.0,1125,2081274,买盘
13:40:25,18.55,0.05,488,904562,买盘
13:40:28,18.52,-0.03,886,1641579,卖盘
13:40:31,18.56,0.04,660,1223118,买盘
13:40:34,18.57,0.01,527,977427,买盘
13:40:37,18.56,-0.01,769,1427765,买盘
13:40:40,18.56,0.0,830,1541033,卖盘
13:40:43,18.57,0.01,483,897080,买盘
13:40:46,18.6,0.03,1942,3612038,买盘
13:40:49,18.61,0.01,411,764509,买盘
13:40:52,18.61,0.0,1445,2688451,买盘
13:40:55,18.62,0.01,321,597709,买盘
13:40:58,18.65,0.03,445,829680,买盘
13:41:01,18.66,0.01,498,928988,买盘
13:41:04,18.66,0.0,519,968745,卖盘
13:41:07,18.68,0.02,1259,2352170,买盘
13:41:10,18.68,0.0,1438,2688472,中性盘
13:41:13,18.7,0.02,773,1444857,买盘
13:41:16,18.7,0.0,568,1062002,买盘
13:41:19,18.7,0.0,854,1596750,买盘
13:41:22,18.7,0.0,986,1843509,买盘
13:41:25,18.66,-0.04,1482,2767728,卖盘
13:41:28,18.7,0.04,366,684039,中性盘
13:41:31,18.69,-0.01,680,1269406,中性盘
13:41:34,18.69,0.0,531,991650,买盘
13:41:37,18.69,0.0,252,469826,买盘
13:41:40,18.65,-0.04,118,220135,中性盘
13:41:43,18.62,-0.03,300,559842,卖盘
13:41:47,18.62,0.0,228,424862,卖盘
13:41:49,18.61,-0.01,508,946186,卖盘
13:41:52,18.6,-0.01,310,576628,卖盘
13:41:55,18.6,0.0,201,373574,买盘
13:41:58,18.57,-0.03,290,538301,卖盘
13:42:01,18.57,0.0,93,172656,买盘
13:42:04,18.57,0.0,250,464058,买盘
13:42:07,18.54,-0.03,312,578828,卖盘
13:42:10,18.59,0.05,3232,6006986,买盘
13:42:13,18.62,0.03,1385,2578326,买盘
13:42:17,18.65,0.03,469,872653,买盘
13:42:19,18.66,0.01,222,413688,买盘
13:42:22,18.66,0.0,1065,1983696,买盘
13:42:25,18.66,0.0,435,811786,买盘
13:42:28,18.67,0.01,442,825535,中性盘
13:42:32,18.69,0.02,363,678193,买盘
13:42:34,18.69,0.0,466,870705,买盘
13:42:37,18.69,0.0,917,1713639,买盘
13:42:40,18.69,0.0,359,671221,卖盘
13:42:43,18.7,0.01,722,1349883,买盘
13:42:46,18.7,0.0,388,725424,买盘
13:42:50,18.69,-0.01,1027,1920208,卖盘
13:42:52,18.7,0.01,897,1677255,买盘
13:42:55,18.7,0.0,595,1112358,买盘
13:42:58,18.68,-0.02,825,1542508,卖盘
13:43:01,18.69,0.01,777,1452569,买盘
13:43:04,18.69,0.0,282,527021,买盘
13:43:07,18.68,-0.01,386,720952,卖盘
13:43:10,18.68,0.0,715,1333651,买盘
13:43:13,18.67,-0.01,306,570750,买盘
13:43:16,18.65,-0.02,114,212658,卖盘
13:43:19,18.63,-0.02,471,879263,中性盘
13:43:22,18.65,0.02,201,374988,买盘
13:43:25,18.63,-0.02,123,229368,卖盘
13:43:28,18.63,0.0,450,838414,卖盘
13:43:31,18.63,0.0,763,1421516,卖盘
13:43:34,18.63,0.0,117,217980,买盘
13:43:37,18.63,0.0,285,530755,买盘
13:43:40,18.61,-0.02,75,139586,卖盘
13:43:43,18.6,-0.01,278,517365,卖盘
13:43:46,18.6,0.0,151,280862,买盘
13:43:49,18.6,0.0,276,513248,买盘
13:43:52,18.6,0.0,326,606323,买盘
13:43:55,18.59,-0.01,253,470358,买盘
13:43:58,18.58,-0.01,359,667195,卖盘
13:44:01,18.58,0.0,139,258271,买盘
13:44:04,18.57,-0.01,137,254531,卖盘
13:44:07,18.58,0.01,167,310178,买盘
13:44:10,18.58,0.0,166,308372,买盘
13:44:14,18.57,-0.01,624,1158765,卖盘
13:44:16,18.58,0.01,366,679691,买盘
13:44:19,18.56,-0.02,323,599091,卖盘
13:44:22,18.55,-0.01,75,139179,卖盘
13:44:26,18.56,0.01,87,161505,买盘
13:44:28,18.56,0.0,374,694000,卖盘
13:44:31,18.57,0.01,318,591053,买盘
13:44:34,18.58,0.01,412,764779,买盘
13:44:37,18.57,-0.01,151,280452,卖盘
13:44:40,18.6,0.03,1270,2360875,买盘
13:44:43,18.59,-0.01,328,609973,卖盘
13:44:46,18.6,0.01,204,379371,买盘
13:44:50,18.59,-0.01,319,593250,卖盘
13:44:52,18.6,0.01,890,1655579,买盘
13:44:55,18.6,0.0,423,786934,卖盘
13:44:58,18.61,0.01,434,807513,买盘
13:45:01,18.63,0.02,294,547300,买盘
13:45:05,18.65,0.02,1815,3388854,买盘
13:45:07,18.69,0.04,577,1077503,买盘
13:45:10,18.69,0.0,342,638716,买盘
13:45:14,18.67,-0.02,623,1163979,中性盘
13:45:16,18.7,0.03,1227,2293967,买盘
13:45:19,18.7,0.0,206,385103,买盘
13:45:22,18.69,-0.01,528,986845,卖盘
13:45:25,18.7,0.01,300,560812,买盘
13:45:28,18.7,0.0,1646,3077974,买盘
13:45:31,18.7,0.0,739,1382017,买盘
13:45:34,18.7,0.0,225,420818,卖盘
13:45:37,18.74,0.04,1897,3550370,买盘
13:45:40,18.74,0.0,343,642400,卖盘
13:45:43,18.77,0.03,618,1159264,买盘
13:45:46,18.77,0.0,128,240239,买盘
13:45:49,18.78,0.01,513,963010,买盘
13:45:52,18.78,0.0,541,1015926,买盘
13:45:55,18.78,0.0,535,1005235,卖盘
13:45:58,18.8,0.02,360,676496,买盘
13:46:01,18.8,0.0,1030,1936129,买盘
13:46:04,18.8,0.0,1071,2013476,买盘
13:46:07,18.8,0.0,956,1796542,买盘
