成交时间,成交价格,价格变动,成交量,成交金额,性质
09:25:01,6.27,-0.02,464344,291143688,卖盘
09:30:01,6.18,-0.09,9266,5741044,卖盘
09:30:04,6.2,0.02,21032,12991828,买盘
09:30:07,6.19,-0.01,40038,24765454,中性盘
09:30:10,6.12,-0.07,35255,21849184,卖盘
09:30:13,6.22,0.1,41099,25581593,买盘
09:30:16,6.24,0.02,43021,26762819,买盘
09:30:19,6.25,0.01,32802,20367716,买盘
09:30:22,6.12,-0.13,20641,12695135,卖盘
09:30:25,6.2,0.08,22795,14051034,买盘
09:30:28,6.22,0.02,24965,15465309,买盘
09:30:31,6.19,-0.03,34608,21484560,卖盘
09:30:34,6.24,0.05,36778,22865228,买盘
09:30:37,6.13,-0.11,40028,24799229,卖盘
09:30:40,6.17,0.04,35542,21958515,买盘
09:30:43,6.2,0.03,43783,27089518,买盘
09:30:46,6.17,-0.03,34397,21277571,卖盘
09:30:49,6.24,0.07,19053,11827360,买盘
09:30:52,6.21,-0.03,13813,8583078,卖盘
09:30:55,6.18,-0.03,19704,12229973,卖盘
09:30:58,6.22,0.04,28074,17407341,买盘
09:31:01,6.23,0.01,15538,9649078,买盘
09:31:04,6.22,-0.01,15462,9630034,卖盘
09:31:07,6.22,0.0,18954,11803600,卖盘
09:31:10,6.24,0.02,22967,14309377,买盘
09:31:13,6.25,0.01,15588,9724950,买盘
09:31:16,6.23,-0.02,19767,12327517,卖盘
09:31:19,6.2,-0.03,17596,10943376,卖盘
09:31:22,6.19,-0.01,14098,8763986,卖盘
09:31:25,6.18,-0.01,15865,9825771,卖盘
09:31:28,6.17,-0.01,13395,8275559,卖盘
09:31:31,6.14,-0.03,14149,8710786,卖盘
09:31:34,6.17,0.03,19237,11812351,买盘
09:31:37,6.18,0.01,16288,10001837,买盘
09:31:40,6.18,0.0,12672,7813456,买盘
09:31:43,6.15,-0.03,12480,7686520,卖盘
09:31:46,6.17,0.02,17807,10959142,买盘
09:31:49,6.15,-0.02,11059,6819737,卖盘
09:31:52,6.15,0.0,24376,15003799,卖盘
09:31:55,6.14,-0.01,10099,6206926,卖盘
09:31:58,6.14,0.0,10919,6707813,买盘
09:32:01,6.14,0.0,10132,6219236,卖盘
09:32:04,6.13,-0.01,18463,11311562,卖盘
09:32:07,6.13,0.0,9472,5802260,买盘
09:32:10,6.13,0.0,9868,6038382,买盘
09:32:13,6.13,0.0,14227,8697151,买盘
09:32:16,6.13,0.0,9189,5632550,买盘
09:32:19,6.13,0.0,13035,7995412,卖盘
09:32:22,6.12,-0.01,20924,12832738,卖盘
09:32:25,6.12,0.0,8817,5399997,卖盘
09:32:28,6.12,0.0,10125,6192349,买盘
09:32:31,6.11,-0.01,16737,10222703,卖盘
09:32:34,6.09,-0.02,12696,7750127,卖盘
09:32:37,6.06,-0.03,16060,9761814,卖盘
09:32:40,6.05,-0.01,5672,3445054,卖盘
09:32:43,6.04,-0.01,11687,7067839,卖盘
09:32:46,6.02,-0.02,11065,6660527,卖盘
09:32:49,6.0,-0.02,16113,9685597,卖盘
09:32:52,6.0,0.0,22728,13642305,卖盘
09:32:55,6.01,0.01,23670,14206656,买盘
09:32:58,6.01,0.0,23137,13886925,买盘
09:33:01,6.01,0.0,16089,9669476,买盘
09:33:04,5.98,-0.03,20431,12243240,卖盘
09:33:07,6.0,0.02,13575,8141595,买盘
09:33:10,6.0,0.0,12642,7578435,买盘
09:33:13,6.0,0.0,10136,6085125,买盘
09:33:16,5.98,-0.02,14293,8577957,卖盘
09:33:19,5.99,0.01,7115,4267012,卖盘
09:33:22,6.0,0.01,4872,2919860,买盘
09:33:25,5.99,-0.01,6238,3736480,卖盘
09:33:28,5.98,-0.01,8891,5322150,卖盘
09:33:31,5.98,0.0,8488,5072945,买盘
09:33:34,5.97,-0.01,5876,3512649,卖盘
09:33:37,5.97,0.0,5589,3338358,中性盘
09:33:40,5.97,0.0,3942,2349113,买盘
09:33:43,5.96,-0.01,3814,2273706,买盘
09:33:46,5.96,0.0,6030,3592582,买盘
09:33:49,5.98,0.02,7519,4481542,买盘
09:33:52,5.95,-0.03,6588,3917181,卖盘
09:33:55,5.95,0.0,7029,4184664,买盘
09:33:58,5.96,0.01,7363,4383633,买盘
09:34:01,5.97,0.01,8898,5318291,中性盘
09:34:04,5.96,-0.01,7089,4234740,卖盘
09:34:07,5.99,0.03,5123,3065442,买盘
09:34:10,5.99,0.0,4627,2769722,买盘
09:34:13,5.99,0.0,9935,5951420,买盘
09:34:16,6.0,0.01,6613,3963738,买盘
09:34:19,6.0,0.0,8032,4816364,买盘
09:34:22,6.01,0.01,15243,9145189,买盘
09:34:25,6.0,-0.01,5182,3112221,卖盘
09:34:28,6.01,0.01,12240,7356176,买盘
09:34:31,6.02,0.01,6607,3974115,买盘
09:34:34,6.03,0.01,10347,6227693,买盘
09:34:37,6.03,0.0,3841,2315720,买盘
09:34:40,6.05,0.02,13948,8422302,买盘
09:34:43,6.05,0.0,3751,2269217,买盘
09:34:46,6.07,0.02,10358,6272507,买盘
09:34:49,6.07,0.0,6046,3667773,买盘
09:34:52,6.1,0.03,9397,5723953,买盘
09:34:55,6.09,-0.01,18067,11010918,卖盘
09:34:58,6.12,0.03,12324,7525269,买盘
09:35:01,6.13,0.01,3171,1941734,买盘
09:35:04,6.13,0.0,9917,6077932,买盘
09:35:07,6.14,0.01,14076,8636736,买盘
09:35:10,6.16,0.02,9771,6005441,买盘
09:35:13,6.17,0.01,6188,3810248,买盘
09:35:16,6.17,0.0,11075,6827571,买盘
09:35:19,6.18,0.01,11123,6868838,买盘
09:35:22,6.2,0.02,12754,7886445,买盘
09:35:25,6.2,0.0,13796,8546253,买盘
09:35:28,6.2,0.0,15546,9639540,买盘
09:35:31,6.2,0.0,8058,4998861,卖盘
09:35:34,6.19,-0.01,31238,19363926,卖盘
09:35:37,6.17,-0.02,30261,18689178,卖盘
09:35:40,6.15,-0.02,23925,14750300,卖盘
09:35:43,6.15,0.0,9712,5967635,买盘
09:35:46,6.15,0.0,13822,8486572,买盘
09:35:49,6.12,-0.03,11547,7084927,卖盘
09:35:52,6.12,0.0,7067,4327300,买盘
09:35:55,6.12,0.0,9309,5696651,买盘
09:35:58,6.12,0.0,10286,6284305,买盘
09:36:01,6.1,-0.02,6568,4012778,卖盘
09:36:04,6.1,0.0,6066,3704254,买盘
09:36:07,6.1,0.0,6695,4090146,买盘
09:36:10,6.1,0.0,6713,4093070,卖盘
09:36:13,6.12,0.02,7235,4416434,买盘
09:36:16,6.09,-0.03,5740,3504247,卖盘
09:36:19,6.12,0.03,4465,2733007,买盘
09:36:22,6.1,-0.02,5141,3141156,卖盘
09:36:25,6.1,0.0,5637,3446143,卖盘
09:36:28,6.12,0.02,7053,4312205,买盘
09:36:31,6.12,0.0,3093,1893052,卖盘
09:36:34,6.12,0.0,9970,6103790,卖盘
09:36:37,6.12,0.0,5210,3184248,买盘
09:36:40,6.11,-0.01,4611,2818481,卖盘
09:36:43,6.12,0.01,5783,3536132,买盘
09:36:46,6.12,0.0,14769,9014655,买盘
09:36:49,6.12,0.0,5279,3228124,买盘
09:36:52,6.11,-0.01,5579,3408489,卖盘
09:36:55,6.1,-0.01,12800,7803846,卖盘
09:36:58,6.1,0.0,3742,2284252,卖盘
09:37:01,6.09,-0.01,3909,2384822,中性盘
09:37:04,6.09,0.0,5337,3250205,卖盘
09:37:07,6.09,0.0,4120,2507955,买盘
09:37:10,6.09,0.0,3899,2374164,买盘
09:37:13,6.08,-0.01,3080,1873582,卖盘
09:37:16,6.07,-0.01,3748,2277929,卖盘
09:37:19,6.07,0.0,3012,1828219,卖盘
09:37:22,6.06,-0.01,4147,2514917,卖盘
09:37:25,6.06,0.0,3755,2275163,卖盘
09:37:28,6.06,0.0,3709,2245309,买盘
09:37:31,6.04,-0.02,3953,2392127,卖盘
09:37:34,6.05,0.01,2691,1627163,买盘
09:37:37,6.04,-0.01,2308,1394704,卖盘
09:37:40,6.04,0.0,6463,3906184,买盘
09:37:43,6.05,0.01,6042,3649065,买盘
09:37:46,6.05,0.0,3436,2076415,卖盘
09:37:49,6.06,0.01,2317,1402749,买盘
09:37:52,6.05,-0.01,4688,2835267,卖盘
09:37:55,6.05,0.0,5813,3521467,买盘
09:37:58,6.06,0.01,1645,996790,中性盘
09:38:01,6.07,0.01,2047,1241452,买盘
09:38:04,6.06,-0.01,2603,1577491,卖盘
09:38:07,6.07,0.01,4056,2461650,买盘
09:38:10,6.07,0.0,1617,981864,卖盘
09:38:13,6.08,0.01,5969,3623130,买盘
09:38:16,6.09,0.01,800,486677,买盘
09:38:19,6.1,0.01,3411,2077304,买盘
09:38:22,6.11,0.01,6968,4249767,买盘
09:38:25,6.11,0.0,3638,2221291,买盘
09:38:28,6.1,-0.01,7852,4795921,卖盘
09:38:31,6.11,0.01,3411,2084742,买盘
09:38:34,6.11,0.0,11935,7296094,卖盘
09:38:37,6.12,0.01,3400,2078995,买盘
09:38:40,6.13,0.01,5051,3092511,买盘
09:38:43,6.13,0.0,2943,1802403,买盘
09:38:46,6.12,-0.01,6153,3770446,卖盘
09:38:49,6.13,0.01,5502,3375685,买盘
09:38:52,6.13,0.0,4267,2617235,卖盘
09:38:55,6.14,0.01,5237,3215321,买盘
09:38:58,6.14,0.0,1734,1065969,卖盘
09:39:01,6.14,0.0,13562,8330881,卖盘
09:39:04,6.14,0.0,11217,6893809,卖盘
09:39:07,6.15,0.01,8404,5166794,买盘
09:39:10,6.15,0.0,8535,5249346,卖盘
09:39:13,6.16,0.01,8087,4976066,买盘
09:39:16,6.16,0.0,4005,2467452,卖盘
09:39:19,6.15,-0.01,12717,7826930,卖盘
09:39:22,6.16,0.01,5240,3225775,买盘
09:39:25,6.16,0.0,15986,9859112,买盘
09:39:28,6.17,0.01,17281,10672506,买盘
09:39:31,6.19,0.02,4550,2812348,买盘
09:39:34,6.18,-0.01,3622,2239829,卖盘
09:39:37,6.2,0.02,3369,2086433,买盘
09:39:40,6.2,0.0,5005,3102169,买盘
09:39:43,6.19,-0.01,15733,9753320,卖盘
09:39:46,6.2,0.01,7851,4868265,买盘
09:39:49,6.21,0.01,6505,4036999,买盘
09:39:52,6.21,0.0,5657,3515182,卖盘
09:39:55,6.22,0.01,6649,4134667,买盘
09:39:58,6.24,0.02,4809,2994163,买盘
09:40:01,6.25,0.01,30120,18812494,买盘
09:40:04,6.25,0.0,13373,8355990,买盘
09:40:07,6.25,0.0,9046,5652831,买盘
09:40:10,6.24,-0.01,13208,8251351,卖盘
09:40:13,6.24,0.0,14955,9321627,买盘
09:40:16,6.24,0.0,17307,10764831,买盘
09:40:19,6.2,-0.04,14117,8757120,卖盘
09:40:22,6.22,0.02,7466,4624637,买盘
09:40:25,6.2,-0.02,3890,2413357,卖盘
09:40:28,6.22,0.02,6016,3737117,中性盘
09:40:31,6.2,-0.02,7526,4668795,卖盘
09:40:34,6.2,0.0,4787,2967112,卖盘
09:40:37,6.2,0.0,7923,4914869,卖盘
09:40:40,6.19,-0.01,2940,1824629,中性盘
09:40:43,6.2,0.01,3778,2343473,买盘
09:40:46,6.19,-0.01,4405,2729410,卖盘
09:40:49,6.18,-0.01,3273,2026217,卖盘
09:40:52,6.18,0.0,2962,1833340,卖盘
09:40:55,6.19,0.01,3892,2407602,买盘
09:40:58,6.19,0.0,7858,4856912,买盘
09:41:01,6.19,0.0,3446,2133789,买盘
09:41:04,6.19,0.0,5269,3260154,卖盘
09:41:07,6.19,0.0,7000,4336590,卖盘
09:41:10,6.19,0.0,4000,2478536,卖盘
09:41:13,6.2,0.01,5219,3235711,买盘
09:41:16,6.2,0.0,3709,2303043,卖盘
09:41:19,6.22,0.02,1815,1127106,买盘
09:41:22,6.21,-0.01,2735,1699752,卖盘
09:41:25,6.22,0.01,3075,1911726,买盘
09:41:28,6.22,0.0,6825,4239517,买盘
09:41:31,6.21,-0.01,11043,6855796,卖盘
09:41:34,6.22,0.01,5432,3374994,买盘
09:41:37,6.21,-0.01,5327,3310886,卖盘
09:41:40,6.22,0.01,5376,3341464,买盘
09:41:43,6.22,0.0,4127,2565776,买盘
09:41:46,6.21,-0.01,8546,5311206,卖盘
09:41:49,6.21,0.0,5221,3245762,买盘
09:41:52,6.22,0.01,2648,1646688,买盘
09:41:55,6.22,0.0,3717,2309134,买盘
09:41:58,6.22,0.0,6081,3783840,买盘
09:42:01,6.22,0.0,8256,5133543,卖盘
09:42:04,6.23,0.01,8917,5552140,买盘
09:42:07,6.23,0.0,6781,4228352,卖盘
09:42:10,6.24,0.01,35560,22206226,买盘
09:42:13,6.24,0.0,10275,6412418,卖盘
09:42:16,6.24,0.0,5312,3318861,卖盘
09:42:19,6.26,0.02,15700,9819488,买盘
09:42:22,6.26,0.0,13352,8357447,买盘
09:42:25,6.29,0.03,39446,24738856,买盘
09:42:28,6.3,0.01,13172,8297271,买盘
09:42:31,6.31,0.01,15110,9528242,买盘
09:42:34,6.4,0.09,18388,11697950,买盘
09:42:37,6.43,0.03,7592,4864033,买盘
09:42:40,6.45,0.02,9374,6029610,买盘
09:42:43,6.47,0.02,6930,4479450,买盘
09:42:46,6.5,0.03,9803,6360524,买盘
09:42:49,6.5,0.0,17019,11061025,买盘
09:42:52,6.55,0.05,11467,7486367,买盘
09:42:55,6.58,0.03,23552,15439298,买盘
09:42:58,6.59,0.01,31231,20557942,买盘
09:43:01,6.6,0.01,36302,23920861,买盘
09:43:04,6.6,0.0,52350,34545935,买盘
09:43:07,6.6,0.0,62083,40970508,买盘
09:43:10,6.6,0.0,67922,44803619,买盘
09:43:13,6.55,-0.05,53893,35507279,卖盘
09:43:16,6.5,-0.05,34720,22739290,卖盘
09:43:19,6.5,0.0,18882,12397616,卖盘
09:43:22,6.55,0.05,13443,8758777,买盘
09:43:25,6.5,-0.05,15669,10190864,卖盘
09:43:28,6.47,-0.03,12591,8170106,中性盘
09:43:31,6.46,-0.01,6346,4115124,卖盘
09:43:34,6.44,-0.02,5052,3257700,卖盘
09:43:37,6.43,-0.01,4658,2996694,卖盘
09:43:40,6.43,0.0,5209,3344602,买盘
09:43:43,6.43,0.0,4656,2992180,买盘
09:43:46,6.44,0.01,7906,5086124,买盘
09:43:49,6.44,0.0,6537,4211603,买盘
09:43:52,6.45,0.01,6517,4200862,买盘
09:43:55,6.49,0.04,6639,4299135,买盘
09:43:58,6.49,0.0,5782,3746645,买盘
09:44:01,6.5,0.01,4043,2622333,买盘
09:44:04,6.49,-0.01,38612,24924088,卖盘
09:44:07,6.4,-0.09,25983,16694162,卖盘
09:44:10,6.4,0.0,6385,4085803,买盘
09:44:13,6.41,0.01,5817,3746599,买盘
09:44:16,6.38,-0.03,11053,7082817,卖盘
09:44:19,6.4,0.02,7736,4949942,买盘
09:44:22,6.4,0.0,4134,2643091,买盘
09:44:25,6.4,0.0,7364,4710264,买盘
09:44:28,6.4,0.0,7450,4766391,买盘
09:44:31,6.4,0.0,5868,3754555,买盘
09:44:34,6.43,0.03,3773,2417363,买盘
09:44:37,6.39,-0.04,8044,5157907,卖盘
09:44:40,6.39,0.0,5720,3659997,卖盘
09:44:43,6.39,0.0,10986,7027607,卖盘
09:44:46,6.39,0.0,3033,1937390,买盘
09:44:49,6.39,0.0,9248,5897739,买盘
09:44:52,6.39,0.0,3842,2457276,卖盘
09:44:55,6.4,0.01,2192,1402047,买盘
09:44:58,6.4,0.0,7154,4576822,买盘
09:45:01,6.4,0.0,9941,6361297,买盘
09:45:04,6.41,0.01,2988,1912980,买盘
09:45:07,6.41,0.0,1940,1244740,买盘
09:45:10,6.46,0.05,2671,1716616,买盘
09:45:13,6.44,-0.02,2951,1901279,卖盘
09:45:16,6.47,0.03,3201,2068862,买盘
09:45:19,6.39,-0.08,27874,17916641,卖盘
09:45:22,6.45,0.06,7245,4648495,买盘
09:45:25,6.4,-0.05,4498,2880191,卖盘
09:45:28,6.4,0.0,8907,5699187,买盘
09:45:31,6.4,0.0,6795,4345440,买盘
09:45:34,6.4,0.0,7930,5073442,买盘
09:45:37,6.4,0.0,11050,7063117,买盘
09:45:40,6.4,0.0,10410,6652313,买盘
09:45:43,6.4,0.0,8001,5119329,买盘
09:45:46,6.41,0.01,9776,6243540,买盘
09:45:49,6.41,0.0,3320,2126853,卖盘
09:45:52,6.39,-0.02,8445,5402724,卖盘
09:45:55,6.4,0.01,4456,2848348,买盘
09:45:58,6.4,0.0,2564,1638788,买盘
09:46:01,6.39,-0.01,5741,3666957,卖盘
09:46:04,6.39,0.0,9659,6180242,卖盘
09:46:07,6.39,0.0,1598,1021420,卖盘
09:46:10,6.38,-0.01,4642,2964777,卖盘
09:46:13,6.38,0.0,2214,1413978,卖盘
09:46:16,6.35,-0.03,5013,3189315,卖盘
09:46:19,6.35,0.0,1871,1190618,卖盘
09:46:22,6.37,0.02,2775,1764525,买盘
09:46:25,6.36,-0.01,2447,1556037,卖盘
09:46:28,6.35,-0.01,1995,1268105,卖盘
09:46:31,6.35,0.0,4989,3168774,卖盘
09:46:34,6.33,-0.02,5083,3220246,卖盘
09:46:37,6.34,0.01,2004,1269415,买盘
09:46:40,6.32,-0.02,2219,1403636,卖盘
09:46:43,6.33,0.01,1486,940010,买盘
09:46:46,6.31,-0.02,1721,1087629,卖盘
09:46:49,6.3,-0.01,6260,3947200,卖盘
09:46:52,6.31,0.01,1704,1075351,买盘
09:46:55,6.31,0.0,1947,1227016,买盘
09:46:58,6.3,-0.01,5175,3260546,卖盘
09:47:01,6.3,0.0,4113,2587472,买盘
09:47:04,6.3,0.0,2546,1603340,买盘
09:47:07,6.29,-0.01,3489,2197095,卖盘
09:47:10,6.28,-0.01,3329,2092829,卖盘
09:47:13,6.28,0.0,8378,5262745,卖盘
09:47:16,6.29,0.01,1290,810149,买盘
09:47:19,6.3,0.01,3652,2295761,买盘
09:47:22,6.3,0.0,2056,1294138,买盘
09:47:25,6.29,-0.01,7075,4453196,卖盘
09:47:28,6.3,0.01,3566,2243554,买盘
09:47:31,6.31,0.01,1433,903024,买盘
09:47:34,6.3,-0.01,2052,1293044,卖盘
09:47:37,6.3,0.0,2765,1744220,买盘
09:47:40,6.31,0.01,2155,1358830,买盘
09:47:43,6.31,0.0,4672,2949951,卖盘
09:47:46,6.32,0.01,1816,1146882,买盘
09:47:49,6.32,0.0,1531,968507,卖盘
09:47:52,6.33,0.01,1008,638230,买盘
09:47:55,6.34,0.01,2519,1595929,买盘
09:47:58,6.35,0.01,2677,1699145,买盘
09:48:01,6.35,0.0,7775,4928526,买盘
09:48:04,6.35,0.0,6392,4055259,买盘
09:48:07,6.34,-0.01,7059,4479822,卖盘
09:48:10,6.35,0.01,2904,1843930,买盘
09:48:13,6.34,-0.01,3867,2454199,卖盘
09:48:16,6.34,0.0,3614,2289749,买盘
09:48:19,6.34,0.0,5476,3467009,买盘
09:48:22,6.32,-0.02,9340,5901200,卖盘
09:48:25,6.3,-0.02,7255,4580722,卖盘
09:48:28,6.3,0.0,1829,1153664,卖盘
09:48:31,6.3,0.0,1581,996648,卖盘
09:48:34,6.3,0.0,5863,3694345,卖盘
09:48:37,6.29,-0.01,5325,3351669,卖盘
09:48:40,6.28,-0.01,4747,2983179,卖盘
09:48:43,6.29,0.01,2253,1415279,买盘
09:48:46,6.29,0.0,2135,1341462,买盘
09:48:49,6.29,0.0,2631,1653761,买盘
09:48:52,6.27,-0.02,2467,1549025,卖盘
09:48:55,6.26,-0.01,4761,2986939,卖盘
09:48:58,6.27,0.01,591,370618,买盘
09:49:01,6.27,0.0,2691,1685176,买盘
09:49:04,6.27,0.0,2272,1423494,买盘
09:49:07,6.27,0.0,2121,1328809,买盘
09:49:10,6.27,0.0,2386,1495430,买盘
09:49:13,6.27,0.0,7983,5001288,买盘
09:49:16,6.27,0.0,2399,1505491,卖盘
09:49:19,6.28,0.01,1989,1247670,买盘
09:49:22,6.28,0.0,2061,1293046,买盘
09:49:25,6.28,0.0,3300,2072252,买盘
09:49:28,6.28,0.0,6377,4001145,买盘
09:49:31,6.28,0.0,1746,1096414,买盘
09:49:34,6.28,0.0,3381,2121776,卖盘
09:49:37,6.27,-0.01,3723,2336180,卖盘
09:49:40,6.27,0.0,1988,1246957,买盘
09:49:43,6.27,0.0,5620,3519829,买盘
09:49:46,6.27,0.0,2275,1425215,买盘
09:49:49,6.26,-0.01,1772,1109109,卖盘
09:49:52,6.26,0.0,1523,953324,买盘
09:49:55,6.26,0.0,6172,3859041,买盘
09:49:58,6.25,-0.01,2883,1804281,卖盘
09:50:01,6.26,0.01,6434,4023958,卖盘
09:50:04,6.25,-0.01,3117,1948815,卖盘
09:50:07,6.26,0.01,2381,1490484,买盘
09:50:10,6.27,0.01,2273,1422436,买盘
09:50:13,6.27,0.0,1330,832949,买盘
09:50:16,6.28,0.01,985,617582,买盘
09:50:19,6.28,0.0,2360,1481227,买盘
09:50:22,6.29,0.01,2077,1303920,买盘
09:50:25,6.3,0.01,1544,970812,买盘
09:50:28,6.3,0.0,1661,1045137,买盘
09:50:31,6.3,0.0,1791,1128177,买盘
09:50:34,6.3,0.0,4668,2939493,买盘
09:50:37,6.31,0.01,1962,1235843,买盘
09:50:40,6.31,0.0,946,596144,买盘
09:50:43,6.31,0.0,971,612563,买盘
09:50:46,6.3,-0.01,8236,5190527,卖盘
09:50:49,6.3,0.0,2906,1830153,买盘
09:50:52,6.3,0.0,1285,808587,买盘
09:50:55,6.29,-0.01,5769,3629844,中性盘
09:50:58,6.3,0.01,2510,1579054,买盘
09:51:01,6.29,-0.01,5227,3285309,卖盘
09:51:04,6.29,0.0,2210,1389710,卖盘
09:51:07,6.29,0.0,2991,1879643,买盘
09:51:10,6.29,0.0,3318,2088210,买盘
09:51:13,6.29,0.0,1556,978527,买盘
09:51:16,6.28,-0.01,1808,1135579,卖盘
09:51:19,6.28,0.0,1740,1092516,买盘
09:51:22,6.28,0.0,1700,1067333,买盘
09:51:25,6.27,-0.01,1815,1139259,卖盘
09:51:28,6.29,0.02,984,618294,买盘
09:51:31,6.29,0.0,1200,754083,买盘
09:51:34,6.29,0.0,2130,1338907,买盘
09:51:37,6.28,-0.01,3396,2134836,卖盘
09:51:40,6.29,0.01,2173,1367367,买盘
09:51:43,6.29,0.0,1500,943593,卖盘
09:51:46,6.3,0.01,1353,852072,买盘
09:51:49,6.3,0.0,3326,2094557,买盘
09:51:52,6.3,0.0,1703,1072391,买盘
09:51:55,6.29,-0.01,2287,1440309,卖盘
09:51:58,6.3,0.01,2295,1444895,买盘
09:52:01,6.29,-0.01,1923,1211480,卖盘
09:52:04,6.3,0.01,1602,1008680,买盘
09:52:07,6.3,0.0,1708,1075793,卖盘
09:52:10,6.3,0.0,1719,1083366,卖盘
09:52:13,6.3,0.0,4621,2908124,买盘
09:52:16,6.3,0.0,3791,2387697,买盘
09:52:19,6.3,0.0,1828,1151476,买盘
09:52:22,6.29,-0.01,2274,1429880,卖盘
09:52:25,6.29,0.0,1018,640285,买盘
09:52:28,6.3,0.01,1287,809516,买盘
09:52:31,6.3,0.0,1030,648136,买盘
09:52:34,6.3,0.0,1940,1221133,买盘
09:52:37,6.29,-0.01,2323,1462188,卖盘
09:52:40,6.3,0.01,1650,1038793,买盘
09:52:43,6.3,0.0,2346,1476672,买盘
09:52:46,6.3,0.0,4302,2707917,买盘
09:52:49,6.3,0.0,884,556781,买盘
09:52:52,6.29,-0.01,3520,2214173,卖盘
09:52:55,6.3,0.01,1690,1063031,买盘
09:52:58,6.29,-0.01,2869,1803350,卖盘
09:53:01,6.28,-0.01,4156,2610370,卖盘
09:53:04,6.28,0.0,1706,1072050,卖盘
09:53:07,6.28,0.0,1899,1192201,买盘
09:53:10,6.28,0.0,809,507779,买盘
09:53:13,6.27,-0.01,3241,2032785,卖盘
09:53:16,6.27,0.0,808,506425,买盘
09:53:19,6.27,0.0,1624,1017327,买盘
09:53:22,6.26,-0.01,1701,1065595,卖盘
09:53:25,6.27,0.01,2601,1628809,买盘
09:53:28,6.26,-0.01,736,460908,卖盘
09:53:31,6.25,-0.01,2662,1666501,卖盘
09:53:34,6.25,0.0,2009,1257182,卖盘
09:53:37,6.25,0.0,3408,2130161,卖盘
09:53:40,6.26,0.01,1511,944962,买盘
09:53:43,6.25,-0.01,1333,833392,卖盘
09:53:46,6.25,0.0,1643,1027523,卖盘
09:53:49,6.25,0.0,2493,1558199,卖盘
09:53:52,6.25,0.0,904,564821,买盘
09:53:55,6.24,-0.01,2945,1838458,卖盘
09:53:58,6.24,0.0,1007,628724,卖盘
09:54:01,6.24,0.0,2171,1353250,买盘
09:54:04,6.23,-0.01,1578,983518,卖盘
09:54:07,6.23,0.0,2264,1410885,卖盘
09:54:10,6.23,0.0,1283,798542,买盘
09:54:13,6.23,0.0,2176,1353769,买盘
09:54:16,6.22,-0.01,2246,1397055,卖盘
09:54:19,6.22,0.0,1282,796501,买盘
09:54:22,6.21,-0.01,1564,971943,卖盘
09:54:25,6.21,0.0,5695,3537391,卖盘
09:54:28,6.21,0.0,2993,1857317,买盘
09:54:31,6.2,-0.01,5154,3196951,卖盘
09:54:34,6.21,0.01,5383,3338542,买盘
09:54:37,6.21,0.0,7002,4341576,买盘
09:54:40,6.2,-0.01,2743,1699975,卖盘
09:54:43,6.19,-0.01,1624,1006103,卖盘
09:54:46,6.18,-0.01,1091,675566,卖盘
09:54:49,6.19,0.01,2804,1733217,买盘
09:54:52,6.18,-0.01,2065,1276446,卖盘
09:54:55,6.18,0.0,1207,746120,买盘
09:54:58,6.18,0.0,1734,1070655,买盘
09:55:01,6.18,0.0,4695,2899001,买盘
09:55:04,6.18,0.0,3788,2341263,买盘
09:55:07,6.19,0.01,2663,1645115,买盘
09:55:10,6.19,0.0,1920,1186446,买盘
09:55:13,6.19,0.0,3776,2336367,买盘
09:55:16,6.19,0.0,2187,1353888,卖盘
09:55:19,6.19,0.0,1240,768419,卖盘
09:55:22,6.2,0.01,1476,914370,买盘
09:55:25,6.2,0.0,1513,937548,买盘
09:55:28,6.2,0.0,2597,1609833,买盘
09:55:31,6.2,0.0,944,585400,卖盘
09:55:34,6.21,0.01,611,379026,买盘
09:55:37,6.2,-0.01,3269,2027458,卖盘
09:55:40,6.21,0.01,6529,4054290,买盘
09:55:43,6.21,0.0,3293,2044151,买盘
09:55:46,6.21,0.0,2055,1275467,买盘
09:55:49,6.22,0.01,1733,1076114,买盘
09:55:52,6.22,0.0,793,492597,买盘
09:55:55,6.22,0.0,1399,869818,买盘
09:55:58,6.22,0.0,1409,876322,买盘
09:56:01,6.23,0.01,1467,912955,买盘
09:56:04,6.23,0.0,2079,1294753,买盘
09:56:07,6.23,0.0,4625,2879724,买盘
09:56:10,6.23,0.0,1661,1034988,卖盘
09:56:13,6.24,0.01,1504,937063,买盘
09:56:16,6.24,0.0,1898,1183307,买盘
09:56:19,6.25,0.01,1917,1196498,买盘
09:56:22,6.25,0.0,1384,863891,买盘
09:56:25,6.24,-0.01,3059,1908608,卖盘
09:56:28,6.24,0.0,1793,1119149,卖盘
09:56:31,6.24,0.0,1662,1036024,买盘
09:56:34,6.24,0.0,1482,923725,买盘
09:56:37,6.24,0.0,1769,1103560,买盘
09:56:40,6.23,-0.01,1937,1207355,卖盘
09:56:43,6.23,0.0,1230,767172,卖盘
09:56:46,6.24,0.01,1334,831635,买盘
09:56:49,6.23,-0.01,1841,1148134,卖盘
09:56:52,6.23,0.0,1578,983450,买盘
09:56:55,6.23,0.0,1015,632231,卖盘
09:56:58,6.23,0.0,1065,663250,买盘
09:57:01,6.23,0.0,707,440329,买盘
09:57:04,6.23,0.0,3581,2226844,买盘
09:57:07,6.22,-0.01,726,452188,卖盘
09:57:10,6.23,0.01,1044,650516,买盘
09:57:13,6.23,0.0,2611,1626303,卖盘
09:57:16,6.23,0.0,1014,631649,买盘
09:57:19,6.23,0.0,557,346959,买盘
09:57:22,6.23,0.0,669,416535,买盘
09:57:25,6.23,0.0,1572,978611,买盘
09:57:28,6.23,0.0,1166,726247,买盘
09:57:31,6.22,-0.01,2774,1725381,卖盘
09:57:34,6.22,0.0,1658,1031196,卖盘
09:57:37,6.22,0.0,3198,1987206,买盘
09:57:40,6.2,-0.02,857,531754,卖盘
09:57:43,6.2,0.0,1020,632756,卖盘
09:57:46,6.2,0.0,1316,816397,卖盘
09:57:49,6.21,0.01,5454,3383090,买盘
09:57:52,6.2,-0.01,1250,775004,卖盘
09:57:55,6.2,0.0,1261,781538,买盘
09:57:58,6.2,0.0,1643,1018387,买盘
09:58:01,6.19,-0.01,1993,1234717,卖盘
09:58:04,6.19,0.0,2503,1549988,卖盘
09:58:07,6.19,0.0,805,498587,卖盘
09:58:10,6.19,0.0,1535,950692,卖盘
09:58:13,6.19,0.0,733,453501,买盘
09:58:16,6.19,0.0,1053,651533,买盘
09:58:19,6.19,0.0,2436,1507664,买盘
09:58:22,6.19,0.0,931,576320,买盘
09:58:25,6.2,0.01,3267,2025037,买盘
09:58:28,6.2,0.0,3241,2006847,卖盘
09:58:31,6.2,0.0,1080,668630,买盘
09:58:34,6.19,-0.01,600,371933,卖盘
09:58:37,6.2,0.01,1473,913309,买盘
09:58:40,6.2,0.0,1932,1197101,卖盘
09:58:43,6.2,0.0,856,530964,买盘
09:58:46,6.2,0.0,521,323254,买盘
09:58:49,6.2,0.0,706,437802,卖盘
09:58:52,6.2,0.0,840,520837,卖盘
09:58:55,6.21,0.01,1529,948538,买盘
09:58:58,6.21,0.0,330,204676,买盘
09:59:01,6.21,0.0,1246,773361,买盘
09:59:04,6.2,-0.01,2549,1580713,卖盘
09:59:07,6.2,0.0,5013,3102665,买盘
09:59:10,6.18,-0.02,3097,1916152,卖盘
09:59:13,6.19,0.01,2051,1270699,买盘
09:59:16,6.2,0.01,740,458307,买盘
09:59:19,6.19,-0.01,991,613981,卖盘
09:59:22,6.2,0.01,447,276954,买盘
09:59:25,6.2,0.0,667,413033,买盘
09:59:28,6.19,-0.01,3070,1900805,卖盘
09:59:31,6.19,0.0,1253,776099,卖盘
09:59:34,6.19,0.0,848,525480,卖盘
09:59:37,6.19,0.0,2266,1402749,卖盘
09:59:40,6.19,0.0,949,587461,买盘
09:59:43,6.19,0.0,692,428142,买盘
09:59:46,6.18,-0.01,1171,724279,卖盘
09:59:49,6.18,0.0,690,426763,卖盘
09:59:52,6.18,0.0,7994,4941417,卖盘
09:59:55,6.18,0.0,4007,2477190,卖盘
09:59:58,6.18,0.0,913,564098,卖盘
10:00:01,6.18,0.0,712,439690,买盘
10:00:04,6.18,0.0,957,591118,买盘
10:00:07,6.18,0.0,3271,2016996,买盘
10:00:10,6.17,-0.01,628,387304,买盘
10:00:13,6.16,-0.01,2422,1494119,卖盘
10:00:16,6.17,0.01,1389,856363,买盘
10:00:19,6.16,-0.01,686,422951,卖盘
10:00:22,6.17,0.01,1717,1058843,买盘
10:00:25,6.17,0.0,2155,1329124,买盘
10:00:28,6.16,-0.01,872,537657,卖盘
10:00:31,6.16,0.0,1287,793452,卖盘
10:00:34,6.16,0.0,824,507953,卖盘
10:00:37,6.16,0.0,1384,852639,卖盘
10:00:40,6.15,-0.01,924,569138,卖盘
10:00:43,6.15,0.0,2813,1730197,卖盘
10:00:46,6.16,0.01,1437,883974,买盘
10:00:49,6.14,-0.02,6233,3833234,卖盘
10:00:52,6.14,0.0,1285,789989,卖盘
10:00:55,6.14,0.0,764,469245,卖盘
10:00:58,6.14,0.0,1441,885317,卖盘
10:01:01,6.14,0.0,1507,924159,买盘
10:01:04,6.13,-0.01,764,468856,卖盘
10:01:07,6.14,0.01,1758,1078585,买盘
10:01:10,6.13,-0.01,1971,1207133,卖盘
10:01:13,6.13,0.0,534,327292,买盘
10:01:16,6.13,0.0,923,565564,买盘
10:01:19,6.12,-0.01,650,398221,卖盘
10:01:22,6.12,0.0,5243,3211420,卖盘
10:01:25,6.12,0.0,3965,2429615,卖盘
10:01:28,6.12,0.0,839,513713,卖盘
10:01:31,6.12,0.0,1459,893056,卖盘
10:01:34,6.12,0.0,2175,1332714,卖盘
10:01:37,6.13,0.01,1237,757432,中性盘
10:01:40,6.12,-0.01,892,546173,卖盘
10:01:43,6.12,0.0,14014,8556291,卖盘
10:01:46,6.12,0.0,718,439852,卖盘
10:01:49,6.12,0.0,1535,940091,卖盘
10:01:52,6.12,0.0,1419,868968,卖盘
10:01:55,6.13,0.01,1620,991793,买盘
10:01:58,6.13,0.0,700,429138,卖盘
10:02:01,6.13,0.0,1781,1093037,卖盘
10:02:04,6.12,-0.01,914,560012,卖盘
10:02:07,6.12,0.0,1974,1208800,卖盘
10:02:10,6.13,0.01,611,374603,买盘
10:02:13,6.12,-0.01,2136,1308950,卖盘
10:02:16,6.13,0.01,2201,1349512,买盘
10:02:19,6.14,0.01,1443,884162,买盘
10:02:22,6.14,0.0,602,369401,买盘
10:02:25,6.14,0.0,1787,1097159,卖盘
10:02:28,6.15,0.01,858,527348,买盘
10:02:31,6.15,0.0,1743,1071810,买盘
10:02:34,6.15,0.0,2565,1576108,买盘
10:02:37,6.15,0.0,224,137903,卖盘
10:02:40,6.16,0.01,948,583848,买盘
10:02:43,6.17,0.01,1023,630024,买盘
10:02:46,6.16,-0.01,454,279861,卖盘
10:02:49,6.18,0.02,1290,796289,买盘
10:02:52,6.18,0.0,351,216845,买盘
10:02:55,6.18,0.0,1452,897362,买盘
10:02:58,6.19,0.01,665,411236,买盘
10:03:01,6.19,0.0,1111,687686,买盘
10:03:04,6.2,0.01,2212,1369577,买盘
10:03:07,6.19,-0.01,1284,795345,卖盘
10:03:10,6.2,0.01,1802,1116738,买盘
10:03:13,6.2,0.0,1717,1064186,买盘
10:03:16,6.19,-0.01,1828,1132396,卖盘
10:03:19,6.19,0.0,1517,939140,卖盘
10:03:22,6.19,0.0,2195,1359398,买盘
10:03:25,6.2,0.01,2597,1608305,买盘
10:03:28,6.2,0.0,773,478711,买盘
10:03:31,6.2,0.0,1399,866933,买盘
10:03:34,6.2,0.0,1140,706711,买盘
10:03:37,6.2,0.0,1002,621150,卖盘
10:03:40,6.21,0.01,2800,1737136,买盘
10:03:43,6.2,-0.01,1401,868982,卖盘
10:03:46,6.2,0.0,2005,1242835,买盘
10:03:49,6.21,0.01,1323,820432,买盘
10:03:52,6.21,0.0,431,267414,买盘
10:03:55,6.21,0.0,1050,651929,买盘
10:03:58,6.21,0.0,536,332859,买盘
10:04:01,6.2,-0.01,1109,688665,卖盘
10:04:04,6.21,0.01,996,618656,买盘
10:04:07,6.19,-0.02,6420,3978257,卖盘
10:04:10,6.18,-0.01,815,504005,卖盘
10:04:13,6.19,0.01,1722,1064748,买盘
10:04:16,6.18,-0.01,3624,2240097,卖盘
10:04:19,6.18,0.0,1351,835312,卖盘
10:04:22,6.18,0.0,900,555886,卖盘
10:04:25,6.18,0.0,1384,855230,买盘
10:04:28,6.17,-0.01,1809,1117324,卖盘
10:04:31,6.17,0.0,1039,641553,卖盘
10:04:34,6.17,0.0,513,316277,买盘
10:04:37,6.17,0.0,634,391110,买盘
10:04:40,6.16,-0.01,1126,694111,卖盘
10:04:43,6.17,0.01,422,260095,买盘
10:04:46,6.17,0.0,706,435471,买盘
10:04:49,6.17,0.0,394,242744,买盘
10:04:52,6.17,0.0,1948,1201084,买盘
10:04:55,6.18,0.01,321,198066,买盘
10:04:58,6.17,-0.01,779,481191,卖盘
10:05:01,6.17,0.0,275,169766,卖盘
10:05:04,6.18,0.01,2266,1398835,买盘
10:05:07,6.18,0.0,2378,1470378,买盘
10:05:10,6.18,0.0,790,488268,卖盘
10:05:13,6.18,0.0,2081,1284494,卖盘
10:05:16,6.18,0.0,1265,782231,卖盘
10:05:19,6.19,0.01,486,300741,买盘
10:05:22,6.19,0.0,564,349134,买盘
10:05:25,6.19,0.0,124,76766,卖盘
10:05:28,6.2,0.01,1509,934335,买盘
10:05:31,6.19,-0.01,1538,953424,卖盘
10:05:34,6.2,0.01,1801,1116145,买盘
10:05:37,6.2,0.0,1522,943322,买盘
10:05:40,6.19,-0.01,1033,640048,卖盘
10:05:43,6.19,0.0,941,582607,卖盘
10:05:46,6.19,0.0,1197,740848,买盘
10:05:49,6.19,0.0,1568,970191,买盘
10:05:52,6.19,0.0,2605,1612270,买盘
10:05:55,6.19,0.0,2285,1413109,买盘
10:05:58,6.18,-0.01,1353,837539,卖盘
10:06:01,6.2,0.02,1126,697003,买盘
10:06:04,6.19,-0.01,1366,845815,卖盘
10:06:07,6.19,0.0,811,501915,买盘
10:06:10,6.19,0.0,380,235142,买盘
10:06:13,6.19,0.0,789,488256,买盘
10:06:16,6.19,0.0,1325,819639,买盘
10:06:19,6.19,0.0,892,552032,买盘
10:06:22,6.19,0.0,1048,648669,买盘
10:06:25,6.2,0.01,762,471742,买盘
10:06:28,6.2,0.0,1125,697305,买盘
10:06:31,6.2,0.0,637,394721,买盘
10:06:34,6.2,0.0,2918,1808456,买盘
10:06:37,6.2,0.0,868,538113,买盘
10:06:40,6.2,0.0,2588,1604500,买盘
10:06:43,6.2,0.0,1198,742811,买盘
10:06:46,6.21,0.01,1266,785008,买盘
10:06:49,6.22,0.01,2219,1377913,买盘
10:06:52,6.22,0.0,570,354308,买盘
10:06:55,6.21,-0.01,2626,1631074,卖盘
10:06:58,6.2,-0.01,870,540249,卖盘
10:07:01,6.21,0.01,1227,761555,买盘
10:07:04,6.21,0.0,643,399321,买盘
10:07:07,6.21,0.0,919,570859,卖盘
10:07:10,6.21,0.0,5136,3188951,卖盘
10:07:13,6.21,0.0,1403,871038,买盘
10:07:16,6.21,0.0,1022,634609,买盘
10:07:19,6.21,0.0,1697,1053341,买盘
10:07:22,6.21,0.0,641,397824,买盘
10:07:25,6.2,-0.01,641,397848,卖盘
10:07:28,6.21,0.01,1196,742598,买盘
10:07:31,6.21,0.0,941,583976,买盘
10:07:34,6.21,0.0,1235,766551,买盘
10:07:37,6.19,-0.02,5160,3197620,卖盘
10:07:40,6.18,-0.01,1653,1024037,卖盘
10:07:43,6.19,0.01,514,318369,中性盘
10:07:46,6.19,0.0,435,269208,买盘
10:07:49,6.19,0.0,656,405961,买盘
10:07:52,6.19,0.0,722,447064,卖盘
10:07:55,6.19,0.0,239,147994,卖盘
10:07:58,6.2,0.01,349,216358,买盘
10:08:01,6.2,0.0,1292,800376,买盘
10:08:04,6.2,0.0,328,203348,买盘
10:08:07,6.2,0.0,634,392981,买盘
10:08:10,6.2,0.0,582,360818,买盘
10:08:13,6.2,0.0,1059,656524,买盘
10:08:16,6.2,0.0,890,551761,买盘
10:08:19,6.2,0.0,686,425397,买盘
10:08:22,6.2,0.0,1321,819007,卖盘
10:08:25,6.2,0.0,856,530625,买盘
10:08:28,6.2,0.0,358,221876,买盘
10:08:31,6.2,0.0,187,115864,买盘
10:08:34,6.2,0.0,506,313708,买盘
10:08:37,6.2,0.0,1377,852645,买盘
10:08:40,6.19,-0.01,3642,2254420,卖盘
10:08:43,6.18,-0.01,379,234466,卖盘
10:08:46,6.18,0.0,3094,1912894,卖盘
10:08:49,6.19,0.01,1984,1226210,买盘
10:08:52,6.18,-0.01,2195,1356962,卖盘
10:08:55,6.18,0.0,788,487422,卖盘
10:08:58,6.18,0.0,3698,2288694,卖盘
10:09:01,6.19,0.01,4654,2880271,买盘
10:09:04,6.18,-0.01,559,345681,卖盘
10:09:07,6.19,0.01,850,526039,买盘
10:09:10,6.19,0.0,1076,666152,买盘
10:09:13,6.19,0.0,591,366017,买盘
10:09:16,6.18,-0.01,1397,865324,卖盘
10:09:19,6.19,0.01,1300,805833,买盘
10:09:22,6.19,0.0,1301,806380,卖盘
10:09:25,6.19,0.0,518,320622,卖盘
10:09:28,6.19,0.0,1627,1008310,卖盘
10:09:31,6.19,0.0,677,419036,买盘
10:09:34,6.19,0.0,1688,1044848,买盘
10:09:37,6.19,0.0,364,225279,买盘
10:09:40,6.19,0.0,987,611030,买盘
10:09:43,6.19,0.0,1424,881461,卖盘
10:09:46,6.19,0.0,1466,908375,买盘
10:09:49,6.18,-0.01,413,255539,卖盘
10:09:52,6.19,0.01,1009,624633,买盘
10:09:55,6.19,0.0,871,539704,卖盘
10:09:58,6.19,0.0,422,261266,卖盘
10:10:01,6.2,0.01,833,516081,买盘
10:10:04,6.2,0.0,731,453174,买盘
10:10:07,6.19,-0.01,803,497731,卖盘
10:10:10,6.2,0.01,216,133914,买盘
10:10:13,6.2,0.0,579,358934,买盘
10:10:16,6.2,0.0,523,324207,买盘
10:10:19,6.19,-0.01,1360,842931,卖盘
10:10:22,6.2,0.01,2056,1274520,买盘
10:10:25,6.2,0.0,3029,1877757,买盘
10:10:28,6.21,0.01,390,241816,买盘
10:10:31,6.2,-0.01,1045,648912,卖盘
10:10:34,6.22,0.02,2716,1685390,买盘
10:10:37,6.2,-0.02,2284,1416345,卖盘
10:10:40,6.2,0.0,1559,966541,买盘
10:10:43,6.2,0.0,934,579059,买盘
10:10:46,6.19,-0.01,1702,1055182,卖盘
10:10:49,6.2,0.01,1216,753865,买盘
10:10:52,6.2,0.0,814,504680,买盘
10:10:55,6.2,0.0,1056,654483,买盘
10:10:58,6.2,0.0,613,380055,买盘
10:11:01,6.2,0.0,1889,1171141,买盘
10:11:04,6.2,0.0,608,376558,买盘
10:11:07,6.2,0.0,585,362679,买盘
10:11:10,6.2,0.0,1980,1227576,买盘
10:11:13,6.2,0.0,628,389091,买盘
10:11:16,6.21,0.01,186,115369,买盘
10:11:19,6.2,-0.01,1245,772099,卖盘
10:11:22,6.21,0.01,462,286625,买盘
10:11:25,6.21,0.0,748,464216,买盘
10:11:28,6.21,0.0,827,513216,买盘
10:11:31,6.21,0.0,972,603032,买盘
10:11:34,6.21,0.0,1073,666313,卖盘
10:11:37,6.21,0.0,1589,986447,卖盘
10:11:40,6.2,-0.01,772,479190,卖盘
10:11:43,6.21,0.01,3369,2090111,买盘
10:11:46,6.21,0.0,1282,796013,买盘
10:11:49,6.21,0.0,1974,1225736,买盘
10:11:52,6.21,0.0,945,586552,买盘
10:11:55,6.21,0.0,753,467330,买盘
10:11:58,6.21,0.0,2838,1760770,买盘
10:12:01,6.21,0.0,4131,2561687,买盘
10:12:04,6.2,-0.01,1937,1202798,卖盘
10:12:07,6.21,0.01,917,569382,买盘
10:12:10,6.2,-0.01,1254,778500,卖盘
10:12:13,6.21,0.01,2080,1289860,买盘
10:12:16,6.21,0.0,2327,1443225,买盘
10:12:19,6.19,-0.02,2485,1539324,卖盘
10:12:22,6.19,0.0,2539,1572062,卖盘
10:12:25,6.19,0.0,477,295146,买盘
10:12:28,6.19,0.0,3970,2453917,买盘
10:12:31,6.18,-0.01,10667,6592571,卖盘
10:12:34,6.17,-0.01,940,580892,卖盘
10:12:37,6.18,0.01,646,399014,买盘
10:12:40,6.17,-0.01,562,347118,卖盘
10:12:43,6.18,0.01,1075,663481,买盘
10:12:46,6.18,0.0,2224,1374273,买盘
10:12:49,6.18,0.0,1322,817363,买盘
10:12:52,6.17,-0.01,444,274264,卖盘
10:12:55,6.18,0.01,793,490058,买盘
10:12:58,6.18,0.0,565,349169,买盘
10:13:01,6.18,0.0,518,319992,买盘
10:13:04,6.18,0.0,358,221071,买盘
10:13:07,6.18,0.0,261,161298,卖盘
10:13:10,6.19,0.01,269,166281,买盘
10:13:13,6.19,0.0,483,298834,买盘
10:13:16,6.18,-0.01,471,291137,卖盘
10:13:19,6.18,0.0,749,463258,卖盘
10:13:22,6.19,0.01,506,312997,买盘
10:13:25,6.18,-0.01,885,547663,卖盘
10:13:28,6.18,0.0,4364,2696951,卖盘
10:13:31,6.17,-0.01,447,276221,卖盘
10:13:34,6.18,0.01,262,161869,买盘
10:13:37,6.18,0.0,709,438118,买盘
10:13:40,6.17,-0.01,800,493677,卖盘
10:13:43,6.18,0.01,469,289795,买盘
10:13:46,6.18,0.0,445,274879,买盘
10:13:49,6.17,-0.01,1175,725510,卖盘
10:13:52,6.18,0.01,463,286106,买盘
10:13:55,6.18,0.0,312,192679,买盘
10:13:58,6.18,0.0,929,573475,买盘
10:14:01,6.18,0.0,914,564258,买盘
10:14:04,6.17,-0.01,684,422187,卖盘
10:14:07,6.17,0.0,884,545470,卖盘
10:14:10,6.17,0.0,1498,924770,卖盘
10:14:13,6.17,0.0,863,532866,卖盘
10:14:16,6.17,0.0,241,148595,买盘
10:14:19,6.17,0.0,1739,1071835,买盘
10:14:22,6.17,0.0,622,383553,买盘
10:14:25,6.16,-0.01,2811,1732243,卖盘
10:14:28,6.16,0.0,298,183941,卖盘
10:14:31,6.16,0.0,303,186489,买盘
10:14:34,6.16,0.0,3680,2263615,买盘
10:14:37,6.16,0.0,478,294182,买盘
10:14:40,6.16,0.0,384,236461,卖盘
10:14:43,6.15,-0.01,2756,1695080,卖盘
10:14:46,6.14,-0.01,182,111899,卖盘
10:14:49,6.15,0.01,442,271714,买盘
10:14:52,6.14,-0.01,474,291133,卖盘
10:14:55,6.15,0.01,1028,631735,买盘
10:14:58,6.14,-0.01,1927,1183224,卖盘
10:15:01,6.14,0.0,719,441169,买盘
10:15:04,6.14,0.0,463,284234,买盘
10:15:07,6.14,0.0,1084,664756,买盘
10:15:10,6.13,-0.01,3990,2443238,卖盘
10:15:13,6.12,-0.01,1203,737373,卖盘
10:15:16,6.13,0.01,327,200179,买盘
10:15:19,6.13,0.0,658,402829,买盘
10:15:22,6.12,-0.01,753,461019,卖盘
10:15:25,6.13,0.01,525,321577,买盘
10:15:28,6.12,-0.01,1131,692570,卖盘
10:15:31,6.12,0.0,2355,1441167,卖盘
10:15:34,6.13,0.01,1135,695129,买盘
10:15:37,6.13,0.0,1177,720497,买盘
10:15:40,6.13,0.0,1648,1009786,买盘
10:15:43,6.13,0.0,518,317172,买盘
10:15:46,6.12,-0.01,606,371110,卖盘
10:15:49,6.12,0.0,878,537763,买盘
10:15:52,6.12,0.0,1040,637197,卖盘
10:15:55,6.11,-0.01,1217,745180,卖盘
10:15:58,6.12,0.01,542,331726,中性盘
10:16:01,6.12,0.0,567,346979,卖盘
10:16:04,6.11,-0.01,805,492213,卖盘
10:16:07,6.11,0.0,1752,1071171,卖盘
10:16:10,6.12,0.01,841,514486,买盘
10:16:13,6.11,-0.01,724,442793,卖盘
10:16:16,6.11,0.0,711,434981,卖盘
10:16:19,6.12,0.01,1358,830831,买盘
10:16:22,6.12,0.0,943,576980,买盘
10:16:25,6.13,0.01,1020,624285,买盘
10:16:28,6.12,-0.01,2036,1246082,卖盘
10:16:31,6.12,0.0,1136,694807,买盘
10:16:34,6.12,0.0,2761,1689768,买盘
10:16:37,6.12,0.0,955,584470,买盘
10:16:40,6.12,0.0,3679,2249757,卖盘
10:16:43,6.12,0.0,753,460892,卖盘
10:16:46,6.12,0.0,527,322537,买盘
10:16:49,6.12,0.0,682,417832,卖盘
10:16:52,6.12,0.0,390,238783,卖盘
10:16:55,6.12,0.0,463,283381,卖盘
10:16:58,6.12,0.0,1703,1042819,卖盘
10:17:01,6.12,0.0,1159,709243,买盘
10:17:04,6.12,0.0,408,249579,买盘
10:17:07,6.12,0.0,339,207395,买盘
10:17:10,6.12,0.0,779,476591,买盘
10:17:13,6.12,0.0,1319,806438,买盘
10:17:16,6.12,0.0,1810,1107720,买盘
10:17:19,6.12,0.0,2922,1786585,买盘
10:17:22,6.11,-0.01,536,327928,卖盘
10:17:25,6.12,0.01,444,271654,中性盘
10:17:28,6.12,0.0,1010,617780,卖盘
10:17:31,6.11,-0.01,635,388568,卖盘
10:17:34,6.12,0.01,115,70380,买盘
10:17:37,6.12,0.0,575,351406,买盘
10:17:40,6.12,0.0,508,310657,买盘
10:17:43,6.12,0.0,118,72164,买盘
10:17:46,6.12,0.0,1027,628063,买盘
10:17:49,6.12,0.0,1973,1207039,买盘
10:17:52,6.12,0.0,1339,818947,买盘
10:17:55,6.12,0.0,1543,943491,买盘
10:17:58,6.12,0.0,1676,1024800,买盘
10:18:01,6.12,0.0,836,511373,买盘
10:18:04,6.12,0.0,767,469054,卖盘
10:18:07,6.12,0.0,786,480799,买盘
10:18:10,6.12,0.0,1187,725679,买盘
10:18:13,6.12,0.0,515,315054,卖盘
10:18:16,6.12,0.0,843,515897,买盘
10:18:19,6.13,0.01,931,569873,买盘
10:18:22,6.12,-0.01,1656,1012227,卖盘
10:18:25,6.11,-0.01,958,586125,卖盘
10:18:28,6.12,0.01,667,408336,买盘
10:18:31,6.12,0.0,904,553255,卖盘
10:18:34,6.12,0.0,1644,1007615,卖盘
10:18:37,6.12,0.0,616,377480,卖盘
10:18:40,6.12,0.0,648,396957,卖盘
10:18:43,6.12,0.0,278,170300,卖盘
10:18:46,6.13,0.01,306,187404,买盘
10:18:49,6.13,0.0,334,204563,买盘
10:18:52,6.13,0.0,976,598085,买盘
10:18:55,6.12,-0.01,1075,658096,卖盘
10:18:58,6.13,0.01,356,218165,买盘
10:19:01,6.13,0.0,1776,1088182,买盘
10:19:04,6.13,0.0,198,121295,买盘
10:19:07,6.13,0.0,964,590187,买盘
10:19:10,6.13,0.0,494,302576,买盘
10:19:13,6.13,0.0,111,68063,卖盘
10:19:16,6.13,0.0,348,213457,卖盘
10:19:19,6.14,0.01,214,131230,买盘
10:19:22,6.14,0.0,1504,922247,买盘
10:19:25,6.14,0.0,309,189678,买盘
10:19:28,6.14,0.0,290,178026,买盘
10:19:31,6.14,0.0,1449,889063,买盘
10:19:34,6.14,0.0,432,265248,买盘
10:19:37,6.14,0.0,676,414878,买盘
10:19:40,6.14,0.0,401,246002,买盘
10:19:43,6.13,-0.01,1126,690607,卖盘
10:19:46,6.14,0.01,718,440810,买盘
10:19:49,6.14,0.0,554,340156,卖盘
10:19:52,6.14,0.0,356,218610,买盘
10:19:55,6.14,0.0,1118,686204,卖盘
10:19:58,6.15,0.01,383,235225,买盘
10:20:01,6.14,-0.01,954,586430,卖盘
10:20:04,6.14,0.0,1132,696056,卖盘
10:20:07,6.15,0.01,258,158508,卖盘
10:20:10,6.15,0.0,500,307494,买盘
10:20:13,6.14,-0.01,1551,954268,卖盘
10:20:16,6.14,0.0,755,463641,卖盘
10:20:19,6.14,0.0,2308,1417232,卖盘
10:20:22,6.14,0.0,897,551129,买盘
10:20:25,6.15,0.01,359,220474,买盘
10:20:28,6.14,-0.01,834,511903,买盘
10:20:31,6.14,0.0,488,299622,买盘
10:20:34,6.14,0.0,649,398367,买盘
10:20:37,6.13,-0.01,1748,1072556,卖盘
10:20:40,6.14,0.01,1765,1082231,买盘
10:20:43,6.12,-0.02,2752,1684388,卖盘
10:20:46,6.12,0.0,414,253528,卖盘
10:20:49,6.12,0.0,275,168618,卖盘
10:20:52,6.12,0.0,197,120513,买盘
10:20:55,6.12,0.0,616,376505,买盘
10:20:58,6.12,0.0,355,217160,买盘
10:21:01,6.12,0.0,1734,1060184,买盘
10:21:04,6.11,-0.01,639,390676,卖盘
10:21:07,6.12,0.01,735,449622,买盘
10:21:10,6.12,0.0,1434,876481,买盘
10:21:13,6.12,0.0,83,50784,买盘
10:21:16,6.12,0.0,712,435442,买盘
10:21:19,6.11,-0.01,3599,2198898,卖盘
10:21:22,6.11,0.0,805,492118,买盘
10:21:25,6.11,0.0,9373,5719730,卖盘
10:21:28,6.11,0.0,898,548420,买盘
10:21:31,6.11,0.0,960,586538,买盘
10:21:34,6.1,-0.01,746,455629,卖盘
10:21:37,6.11,0.01,1658,1011742,买盘
10:21:40,6.1,-0.01,594,362608,卖盘
10:21:43,6.1,0.0,1665,1015801,卖盘
10:21:46,6.1,0.0,1137,693719,卖盘
10:21:49,6.11,0.01,1105,674588,买盘
10:21:52,6.1,-0.01,840,512525,卖盘
10:21:55,6.11,0.01,331,202033,买盘
10:21:58,6.1,-0.01,369,225188,卖盘
10:22:01,6.1,0.0,2600,1586191,卖盘
10:22:04,6.1,0.0,368,224559,卖盘
10:22:07,6.1,0.0,2318,1414464,卖盘
10:22:10,6.1,0.0,1661,1013304,卖盘
10:22:13,6.11,0.01,4409,2689729,买盘
10:22:16,6.1,-0.01,4545,2772582,卖盘
10:22:19,6.1,0.0,773,471688,卖盘
10:22:22,6.11,0.01,2260,1378751,买盘
10:22:25,6.1,-0.01,888,541648,卖盘
10:22:28,6.1,0.0,491,299510,买盘
10:22:31,6.1,0.0,445,271332,买盘
10:22:34,6.09,-0.01,1030,627640,卖盘
10:22:37,6.1,0.01,857,522342,买盘
10:22:40,6.1,0.0,1747,1064009,买盘
10:22:43,6.09,-0.01,455,277457,卖盘
10:22:46,6.09,0.0,2408,1466488,卖盘
10:22:49,6.1,0.01,1222,744389,买盘
10:22:52,6.09,-0.01,1400,852590,买盘
10:22:55,6.09,0.0,1266,770862,买盘
10:22:58,6.09,0.0,1216,739850,买盘
10:23:01,6.09,0.0,800,486838,买盘
10:23:04,6.08,-0.01,2117,1287563,卖盘
10:23:07,6.09,0.01,893,543210,买盘
10:23:10,6.08,-0.01,1063,646448,卖盘
10:23:13,6.08,0.0,999,607567,卖盘
10:23:16,6.08,0.0,3325,2021678,卖盘
10:23:19,6.08,0.0,117,71136,买盘
10:23:22,6.08,0.0,1712,1039378,买盘
10:23:25,6.08,0.0,945,573895,买盘
10:23:28,6.08,0.0,419,254591,买盘
10:23:31,6.07,-0.01,1309,794909,卖盘
10:23:34,6.07,0.0,914,555050,卖盘
10:23:37,6.07,0.0,1277,775116,卖盘
10:23:40,6.05,-0.02,12146,7354222,卖盘
10:23:43,6.05,0.0,645,390058,买盘
10:23:46,6.05,0.0,564,340979,买盘
10:23:49,6.03,-0.02,1244,751601,卖盘
10:23:52,6.03,0.0,322,194422,卖盘
10:23:55,6.03,0.0,1936,1167524,卖盘
10:23:58,6.03,0.0,13183,7929976,卖盘
10:24:01,6.02,-0.01,649,390459,中性盘
10:24:04,6.01,-0.01,1226,737120,卖盘
10:24:07,6.01,0.0,2571,1545252,卖盘
10:24:10,6.01,0.0,6236,3747592,买盘
10:24:13,6.01,0.0,2729,1638903,卖盘
10:24:16,6.01,0.0,1634,981687,买盘
10:24:19,6.01,0.0,2566,1540859,买盘
10:24:22,6.01,0.0,3127,1877605,买盘
10:24:25,6.0,-0.01,2220,1333053,卖盘
10:24:28,6.01,0.01,1800,1081048,买盘
10:24:31,6.01,0.0,1736,1043146,买盘
10:24:34,6.01,0.0,1356,814723,买盘
10:24:37,6.02,0.01,4553,2736503,买盘
10:24:40,6.02,0.0,2683,1612430,买盘
10:24:43,6.02,0.0,2129,1279973,买盘
10:24:46,6.02,0.0,836,503176,买盘
10:24:49,6.02,0.0,816,491180,买盘
10:24:52,6.02,0.0,1873,1127597,买盘
10:24:55,6.04,0.02,3037,1831157,买盘
10:24:58,6.04,0.0,471,284328,买盘
10:25:01,6.04,0.0,1521,918686,买盘
10:25:04,6.05,0.01,340,205403,买盘
10:25:07,6.05,0.0,434,262248,买盘
10:25:10,6.05,0.0,906,548130,买盘
10:25:13,6.05,0.0,1277,773188,卖盘
10:25:16,6.06,0.01,771,466951,中性盘
10:25:19,6.08,0.02,1554,942351,买盘
10:25:22,6.08,0.0,430,261224,买盘
10:25:25,6.08,0.0,1149,698588,买盘
10:25:28,6.09,0.01,452,274908,买盘
10:25:31,6.09,0.0,1249,760641,买盘
10:25:34,6.1,0.01,581,354327,买盘
10:25:37,6.1,0.0,1035,631331,买盘
10:25:40,6.11,0.01,2156,1315769,买盘
10:25:43,6.11,0.0,738,450448,买盘
10:25:46,6.12,0.01,1463,894112,买盘
10:25:49,6.11,-0.01,317,193862,卖盘
10:25:52,6.12,0.01,1845,1129008,买盘
10:25:55,6.12,0.0,1222,747488,买盘
10:25:58,6.12,0.0,1687,1032367,买盘
10:26:01,6.12,0.0,609,372832,卖盘
10:26:04,6.13,0.01,563,345003,买盘
10:26:07,6.13,0.0,279,171082,卖盘
10:26:10,6.14,0.01,466,286077,买盘
10:26:13,6.14,0.0,1290,792381,买盘
10:26:16,6.14,0.0,462,283916,卖盘
10:26:19,6.15,0.01,1386,852347,买盘
10:26:22,6.15,0.0,554,340831,卖盘
10:26:25,6.16,0.01,1259,775685,买盘
10:26:28,6.16,0.0,4511,2775674,卖盘
10:26:31,6.16,0.0,2834,1745536,买盘
10:26:34,6.16,0.0,1284,790827,买盘
10:26:37,6.16,0.0,1955,1203735,买盘
10:26:40,6.16,0.0,1507,928181,买盘
10:26:43,6.15,-0.01,1538,945905,买盘
10:26:46,6.15,0.0,1095,673438,买盘
10:26:49,6.15,0.0,2250,1384433,买盘
10:26:52,6.16,0.01,2278,1401107,买盘
10:26:55,6.15,-0.01,1148,705971,买盘
10:26:58,6.14,-0.01,1575,968589,卖盘
10:27:01,6.14,0.0,750,461029,卖盘
10:27:04,6.14,0.0,1660,1019769,卖盘
10:27:07,6.14,0.0,2436,1496338,卖盘
10:27:10,6.14,0.0,466,286312,买盘
10:27:13,6.15,0.01,1084,666126,买盘
10:27:16,6.15,0.0,692,425204,卖盘
10:27:19,6.15,0.0,1107,681354,买盘
10:27:22,6.15,0.0,1234,759023,买盘
10:27:25,6.15,0.0,894,549573,卖盘
10:27:28,6.15,0.0,353,217169,卖盘
10:27:31,6.15,0.0,715,439727,卖盘
10:27:34,6.16,0.01,1991,1225992,买盘
10:27:37,6.15,-0.01,2321,1431749,卖盘
10:27:40,6.16,0.01,299,184237,买盘
10:27:43,6.16,0.0,1336,822695,买盘
10:27:46,6.16,0.0,742,457016,买盘
10:27:49,6.16,0.0,2597,1598804,买盘
10:27:52,6.16,0.0,730,449836,卖盘
10:27:55,6.16,0.0,444,273773,卖盘
10:27:58,6.17,0.01,628,387157,买盘
10:28:01,6.17,0.0,720,444058,买盘
10:28:04,6.17,0.0,1324,816469,买盘
10:28:07,6.17,0.0,422,260364,买盘
10:28:10,6.17,0.0,651,401688,卖盘
10:28:13,6.17,0.0,628,387663,卖盘
10:28:16,6.17,0.0,347,214230,卖盘
10:28:19,6.17,0.0,1414,873177,卖盘
10:28:22,6.17,0.0,655,404171,买盘
10:28:25,6.17,0.0,1189,733601,买盘
10:28:28,6.16,-0.01,490,302146,卖盘
10:28:31,6.16,0.0,613,378040,卖盘
10:28:34,6.17,0.01,1369,843761,买盘
10:28:37,6.16,-0.01,446,275026,卖盘
10:28:40,6.15,-0.01,579,356527,卖盘
10:28:43,6.16,0.01,501,308395,买盘
10:28:46,6.16,0.0,666,410118,买盘
10:28:49,6.15,-0.01,489,300959,卖盘
10:28:52,6.16,0.01,1058,651645,买盘
10:28:55,6.16,0.0,805,495997,卖盘
10:28:58,6.17,0.01,628,387057,买盘
10:29:01,6.17,0.0,395,243390,买盘
10:29:04,6.17,0.0,1896,1168524,买盘
10:29:07,6.17,0.0,540,333158,买盘
10:29:10,6.17,0.0,1790,1104453,买盘
10:29:13,6.17,0.0,620,382578,卖盘
10:29:16,6.17,0.0,1036,639037,卖盘
10:29:19,6.17,0.0,861,531180,买盘
10:29:22,6.17,0.0,762,470008,买盘
10:29:25,6.17,0.0,464,286102,买盘
10:29:28,6.15,-0.02,2111,1301413,卖盘
10:29:31,6.16,0.01,471,289911,中性盘
10:29:34,6.15,-0.01,623,383407,卖盘
10:29:37,6.16,0.01,606,373185,买盘
10:29:40,6.16,0.0,220,135376,买盘
10:29:43,6.15,-0.01,1678,1032382,卖盘
10:29:46,6.15,0.0,703,432228,买盘
10:29:49,6.15,0.0,282,173262,买盘
10:29:52,6.15,0.0,835,512913,买盘
10:29:55,6.14,-0.01,894,549503,买盘
10:29:58,6.15,0.01,1344,825030,买盘
10:30:01,6.15,0.0,561,344295,买盘
10:30:04,6.14,-0.01,466,285833,卖盘
10:30:07,6.14,0.0,1345,825646,买盘
10:30:10,6.13,-0.01,219,134315,卖盘
10:30:13,6.13,0.0,584,358127,卖盘
10:30:16,6.13,0.0,1394,854007,买盘
10:30:19,6.13,0.0,1108,678527,卖盘
10:30:22,6.13,0.0,755,462195,买盘
10:30:25,6.13,0.0,478,292708,买盘
10:30:28,6.12,-0.01,573,351019,卖盘
10:30:31,6.13,0.01,535,327638,买盘
10:30:34,6.12,-0.01,201,122880,中性盘
10:30:37,6.12,0.0,232,141960,买盘
10:30:40,6.12,0.0,2259,1380304,买盘
10:30:43,6.12,0.0,1601,978646,买盘
10:30:46,6.1,-0.02,1327,810808,卖盘
10:30:49,6.11,0.01,370,225926,买盘
10:30:52,6.11,0.0,814,497075,买盘
10:30:55,6.1,-0.01,405,247181,卖盘
10:30:58,6.1,0.0,296,180641,卖盘
10:31:01,6.1,0.0,619,377620,卖盘
10:31:04,6.1,0.0,1725,1052452,卖盘
10:31:07,6.1,0.0,790,481962,卖盘
10:31:10,6.1,0.0,828,505121,卖盘
10:31:13,6.09,-0.01,764,465398,卖盘
10:31:16,6.1,0.01,699,425862,买盘
10:31:19,6.09,-0.01,754,459294,卖盘
10:31:22,6.1,0.01,280,170660,买盘
10:31:25,6.09,-0.01,3414,2081248,卖盘
10:31:28,6.09,0.0,558,339695,买盘
10:31:31,6.08,-0.01,796,484687,卖盘
10:31:34,6.08,0.0,584,355392,卖盘
10:31:37,6.08,0.0,213,129586,卖盘
10:31:40,6.09,0.01,1143,695255,买盘
10:31:43,6.08,-0.01,283,172103,卖盘
10:31:46,6.08,0.0,435,264639,卖盘
10:31:49,6.08,0.0,723,439563,卖盘
10:31:52,6.08,0.0,358,217472,买盘
10:31:55,6.07,-0.01,597,362723,卖盘
10:31:58,6.08,0.01,643,390619,买盘
10:32:01,6.07,-0.01,590,358424,卖盘
10:32:04,6.07,0.0,378,229637,卖盘
10:32:07,6.07,0.0,586,355900,卖盘
10:32:10,6.07,0.0,302,183218,卖盘
10:32:13,6.07,0.0,1329,805722,买盘
10:32:16,6.07,0.0,850,515658,买盘
10:32:19,6.07,0.0,204,123774,买盘
10:32:22,6.07,0.0,532,322542,买盘
10:32:25,6.07,0.0,925,560682,买盘
10:32:28,6.06,-0.01,561,339904,卖盘
10:32:31,6.06,0.0,717,433928,买盘
10:32:34,6.06,0.0,399,241617,买盘
10:32:37,6.06,0.0,397,240266,买盘
10:32:40,6.05,-0.01,2058,1245707,卖盘
10:32:43,6.05,0.0,345,208842,卖盘
10:32:46,6.05,0.0,1093,661379,卖盘
10:32:49,6.04,-0.01,215,129994,卖盘
10:32:52,6.05,0.01,764,461707,买盘
10:32:55,6.04,-0.01,1077,650698,卖盘
10:32:58,6.04,0.0,839,506523,买盘
10:33:01,6.05,0.01,479,289382,买盘
10:33:04,6.05,0.0,950,573344,买盘
10:33:07,6.05,0.0,892,539362,买盘
10:33:10,6.05,0.0,1963,1186946,买盘
10:33:13,6.05,0.0,1979,1196818,买盘
10:33:16,6.05,0.0,956,578102,买盘
10:33:19,6.05,0.0,2162,1307118,买盘
10:33:22,6.04,-0.01,1808,1092427,卖盘
10:33:25,6.03,-0.01,979,591578,卖盘
10:33:28,6.05,0.02,449,271172,买盘
10:33:31,6.04,-0.01,902,544845,卖盘
10:33:34,6.04,0.0,2122,1280783,买盘
10:33:37,6.04,0.0,762,460636,买盘
10:33:40,6.05,0.01,593,358185,买盘
10:33:43,6.04,-0.01,220,133008,卖盘
10:33:46,6.04,0.0,928,561335,卖盘
10:33:49,6.05,0.01,860,520149,买盘
10:33:52,6.05,0.0,573,346703,买盘
10:33:55,6.05,0.0,805,487149,卖盘
10:33:58,6.06,0.01,2633,1593496,买盘
10:34:01,6.06,0.0,1202,728219,买盘
10:34:04,6.07,0.01,450,272704,买盘
10:34:07,6.07,0.0,226,137051,买盘
10:34:10,6.08,0.01,838,508728,买盘
10:34:13,6.08,0.0,157,95419,买盘
10:34:16,6.09,0.01,958,582744,买盘
10:34:19,6.09,0.0,506,307910,买盘
10:34:22,6.09,0.0,908,552964,买盘
10:34:25,6.1,0.01,995,606936,买盘
10:34:28,6.1,0.0,2239,1367019,买盘
10:34:31,6.11,0.01,1119,683406,中性盘
10:34:34,6.11,0.0,659,402520,买盘
10:34:37,6.11,0.0,1648,1006786,买盘
10:34:40,6.11,0.0,945,577895,卖盘
10:34:43,6.12,0.01,972,594289,买盘
10:34:46,6.12,0.0,219,134013,买盘
10:34:49,6.13,0.01,263,160888,买盘
10:34:52,6.13,0.0,381,233542,买盘
10:34:55,6.13,0.0,1767,1083079,买盘
10:34:58,6.13,0.0,156,95643,买盘
10:35:01,6.14,0.01,108,66294,买盘
10:35:04,6.14,0.0,593,364036,买盘
10:35:07,6.14,0.0,1798,1103875,买盘
10:35:10,6.15,0.01,1062,652089,买盘
10:35:13,6.14,-0.01,783,480761,卖盘
10:35:16,6.15,0.01,10275,6326720,买盘
10:35:19,6.16,0.01,320,196831,中性盘
10:35:22,6.16,0.0,584,359643,买盘
10:35:25,6.16,0.0,759,467433,买盘
10:35:28,6.16,0.0,1363,839779,卖盘
10:35:31,6.16,0.0,2344,1445648,卖盘
10:35:34,6.17,0.01,411,253532,买盘
10:35:37,6.17,0.0,240,148170,买盘
10:35:40,6.17,0.0,1124,693793,卖盘
10:35:43,6.18,0.01,1097,677600,买盘
10:35:46,6.18,0.0,1683,1040005,买盘
10:35:49,6.18,0.0,445,274957,买盘
10:35:52,6.18,0.0,2248,1388968,买盘
10:35:55,6.18,0.0,867,535550,买盘
10:35:58,6.18,0.0,1577,974413,买盘
10:36:01,6.18,0.0,981,606145,买盘
10:36:04,6.18,0.0,1745,1078283,买盘
10:36:07,6.18,0.0,877,541871,买盘
10:36:10,6.18,0.0,1132,698974,买盘
10:36:13,6.18,0.0,1215,750537,买盘
10:36:16,6.17,-0.01,2394,1479042,卖盘
10:36:19,6.16,-0.01,2282,1408999,卖盘
10:36:22,6.17,0.01,169,104269,卖盘
10:36:25,6.17,0.0,353,217737,买盘
10:36:28,6.17,0.0,1930,1190947,买盘
10:36:31,6.17,0.0,2323,1433806,卖盘
10:36:34,6.17,0.0,807,497929,卖盘
10:36:37,6.18,0.01,1237,763886,买盘
10:36:40,6.17,-0.01,1021,630289,买盘
10:36:43,6.17,0.0,807,497901,买盘
10:36:46,6.17,0.0,414,255324,买盘
10:36:49,6.17,0.0,1202,741514,买盘
10:36:52,6.17,0.0,571,352206,买盘
10:36:55,6.16,-0.01,1246,767443,卖盘
10:36:58,6.16,0.0,155,95469,买盘
10:37:01,6.15,-0.01,314,193390,卖盘
10:37:04,6.16,0.01,444,273745,买盘
10:37:07,6.16,0.0,163,100397,卖盘
10:37:10,6.16,0.0,515,316930,买盘
10:37:13,6.15,-0.01,131,80657,卖盘
10:37:16,6.15,0.0,225,138443,卖盘
10:37:19,6.15,0.0,444,273320,卖盘
10:37:22,6.16,0.01,3266,2012586,买盘
10:37:25,6.15,-0.01,277,170547,卖盘
10:37:28,6.16,0.01,24,14784,买盘
10:37:31,6.15,-0.01,518,319256,卖盘
10:37:34,6.16,0.01,390,240210,买盘
10:37:37,6.16,0.0,687,423391,买盘
10:37:40,6.15,-0.01,981,603244,卖盘
10:37:43,6.16,0.01,607,373123,买盘
10:37:46,6.14,-0.02,260,159978,卖盘
10:37:49,6.15,0.01,154,94729,买盘
10:37:52,6.15,0.0,316,194342,卖盘
10:37:55,6.14,-0.01,290,178337,卖盘
10:37:58,6.14,0.0,368,226090,卖盘
10:38:01,6.14,0.0,145,89077,卖盘
10:38:04,6.14,0.0,772,474377,卖盘
10:38:07,6.15,0.01,338,207772,买盘
10:38:10,6.15,0.0,659,404755,买盘
10:38:13,6.14,-0.01,572,351267,卖盘
10:38:16,6.14,0.0,213,130770,买盘
10:38:19,6.14,0.0,606,372083,买盘
10:38:22,6.14,0.0,576,353654,买盘
10:38:25,6.14,0.0,82,50343,买盘
10:38:28,6.14,0.0,291,178630,买盘
10:38:31,6.14,0.0,191,117251,买盘
10:38:34,6.14,0.0,917,562861,买盘
10:38:37,6.14,0.0,293,180087,卖盘
10:38:40,6.14,0.0,207,127103,卖盘
10:38:43,6.15,0.01,48,29509,买盘
10:38:46,6.15,0.0,316,194309,买盘
10:38:49,6.15,0.0,434,266666,买盘
10:38:52,6.15,0.0,103,63285,买盘
10:38:55,6.15,0.0,521,320406,买盘
10:38:58,6.15,0.0,499,306725,买盘
10:39:01,6.15,0.0,574,352971,买盘
10:39:04,6.15,0.0,272,167229,买盘
10:39:07,6.15,0.0,401,246489,买盘
10:39:10,6.14,-0.01,732,450010,卖盘
10:39:13,6.15,0.01,914,561590,买盘
10:39:16,6.14,-0.01,215,132161,卖盘
10:39:19,6.15,0.01,295,181315,买盘
10:39:22,6.15,0.0,197,120989,买盘
10:39:25,6.15,0.0,232,142655,买盘
10:39:28,6.15,0.0,455,279766,买盘
10:39:31,6.15,0.0,393,241664,买盘
10:39:34,6.15,0.0,1335,820923,买盘
10:39:37,6.14,-0.01,402,247024,卖盘
10:39:40,6.13,-0.01,962,590781,卖盘
10:39:43,6.14,0.01,254,155956,买盘
10:39:46,6.14,0.0,622,381397,买盘
10:39:49,6.13,-0.01,169,103613,卖盘
10:39:52,6.13,0.0,975,597969,卖盘
10:39:55,6.13,0.0,666,408240,卖盘
10:39:58,6.13,0.0,277,169801,买盘
10:40:01,6.13,0.0,593,363074,买盘
10:40:04,6.11,-0.02,1891,1156393,卖盘
10:40:07,6.11,0.0,105,64148,买盘
10:40:10,6.1,-0.01,166,101328,卖盘
10:40:13,6.11,0.01,291,177621,买盘
10:40:16,6.11,0.0,1164,710921,买盘
10:40:19,6.12,0.01,249,152262,买盘
10:40:22,6.12,0.0,243,148414,买盘
10:40:25,6.11,-0.01,360,220143,卖盘
10:40:28,6.11,0.0,171,104440,卖盘
10:40:31,6.12,0.01,243,148519,买盘
10:40:34,6.12,0.0,216,132016,买盘
10:40:37,6.12,0.0,126,77049,买盘
10:40:40,6.11,-0.01,249,152306,卖盘
10:40:43,6.11,0.0,292,178479,卖盘
10:40:46,6.11,0.0,288,176005,卖盘
10:40:49,6.11,0.0,426,260515,卖盘
10:40:52,6.11,0.0,102,62353,卖盘
10:40:55,6.12,0.01,163,99723,买盘
10:40:58,6.12,0.0,264,161361,买盘
10:41:01,6.11,-0.01,709,433283,卖盘
10:41:04,6.11,0.0,118,72112,买盘
10:41:07,6.1,-0.01,227,138660,卖盘
10:41:10,6.11,0.01,207,126357,买盘
10:41:13,6.11,0.0,35,21385,买盘
10:41:16,6.11,0.0,802,489846,买盘
10:41:19,6.11,0.0,386,235846,买盘
10:41:22,6.11,0.0,239,146029,卖盘
10:41:25,6.11,0.0,260,158870,卖盘
10:41:28,6.12,0.01,187,114269,买盘
10:41:31,6.12,0.0,92,56229,买盘
10:41:34,6.11,-0.01,213,130249,卖盘
10:41:37,6.12,0.01,130,79551,买盘
10:41:40,6.12,0.0,542,331393,买盘
10:41:43,6.11,-0.01,208,127249,卖盘
10:41:46,6.12,0.01,833,509746,买盘
10:41:49,6.12,0.0,927,566776,买盘
10:41:52,6.12,0.0,96,58757,卖盘
10:41:55,6.11,-0.01,4105,2509616,卖盘
10:41:58,6.11,0.0,587,358657,买盘
10:42:01,6.11,0.0,499,304887,买盘
10:42:04,6.11,0.0,643,392755,买盘
10:42:07,6.12,0.01,376,229800,买盘
10:42:10,6.12,0.0,115,70291,买盘
10:42:13,6.12,0.0,304,185888,买盘
10:42:16,6.12,0.0,1357,830424,买盘
10:42:19,6.12,0.0,534,326431,买盘
10:42:22,6.12,0.0,511,312714,买盘
10:42:25,6.12,0.0,977,597605,买盘
10:42:28,6.12,0.0,697,426034,买盘
10:42:31,6.11,-0.01,1404,858035,卖盘
10:42:34,6.11,0.0,414,252856,买盘
10:42:37,6.11,0.0,217,132575,买盘
10:42:40,6.11,0.0,858,524236,买盘
10:42:43,6.11,0.0,390,238285,买盘
10:42:46,6.11,0.0,765,467104,买盘
10:42:49,6.12,0.01,433,264931,买盘
10:42:52,6.11,-0.01,2004,1224439,卖盘
10:42:55,6.11,0.0,532,325013,买盘
10:42:58,6.11,0.0,252,153959,买盘
10:43:01,6.11,0.0,146,89206,买盘
10:43:04,6.11,0.0,114,69654,买盘
10:43:07,6.1,-0.01,202,123413,卖盘
10:43:10,6.11,0.01,237,144807,买盘
10:43:13,6.11,0.0,117,71453,买盘
10:43:16,6.11,0.0,141,86140,买盘
10:43:19,6.1,-0.01,361,220336,卖盘
10:43:22,6.1,0.0,2766,1689607,卖盘
10:43:25,6.11,0.01,229,140064,买盘
10:43:28,6.11,0.0,279,170473,卖盘
10:43:31,6.11,0.0,88,53768,卖盘
10:43:34,6.12,0.01,176,107699,买盘
10:43:37,6.12,0.0,177,108200,买盘
10:43:40,6.12,0.0,535,327351,买盘
10:43:43,6.12,0.0,418,255641,买盘
10:43:46,6.12,0.0,290,177377,买盘
10:43:49,6.11,-0.01,160,97849,卖盘
10:43:52,6.12,0.01,1287,787640,买盘
10:43:55,6.12,0.0,130,79509,买盘
10:43:58,6.12,0.0,1227,750868,买盘
10:44:01,6.11,-0.01,116,70974,卖盘
10:44:04,6.12,0.01,2241,1371158,买盘
10:44:07,6.12,0.0,444,271569,买盘
10:44:10,6.12,0.0,1134,693751,买盘
10:44:13,6.12,0.0,2371,1450702,买盘
10:44:16,6.11,-0.01,734,449144,卖盘
10:44:19,6.13,0.02,602,368425,买盘
10:44:22,6.13,0.0,209,127942,买盘
10:44:25,6.13,0.0,100,61226,买盘
10:44:28,6.13,0.0,383,234778,买盘
10:44:31,6.12,-0.01,513,314439,卖盘
10:44:34,6.14,0.02,578,354048,买盘
10:44:37,6.13,-0.01,393,240909,卖盘
10:44:40,6.13,0.0,718,440168,卖盘
10:44:43,6.13,0.0,269,164993,买盘
10:44:46,6.13,0.0,825,505727,卖盘
10:44:49,6.13,0.0,708,434004,买盘
10:44:52,6.13,0.0,1181,723824,买盘
10:44:55,6.13,0.0,881,539850,买盘
10:44:58,6.13,0.0,53,32491,卖盘
10:45:01,6.14,0.01,994,610301,买盘
10:45:04,6.13,-0.01,655,401960,卖盘
10:45:07,6.15,0.02,251,154146,买盘
10:45:10,6.14,-0.01,692,424672,卖盘
10:45:13,6.14,0.0,208,127712,买盘
10:45:16,6.15,0.01,484,297298,买盘
10:45:19,6.15,0.0,96,59040,买盘
10:45:22,6.15,0.0,1118,687570,买盘
10:45:25,6.15,0.0,982,603925,买盘
10:45:28,6.14,-0.01,632,388652,卖盘
10:45:31,6.15,0.01,1120,688778,买盘
10:45:34,6.15,0.0,829,509911,买盘
10:45:37,6.16,0.01,157,96678,买盘
10:45:40,6.16,0.0,395,243320,买盘
10:45:43,6.16,0.0,913,562207,买盘
10:45:46,6.17,0.01,1757,1083101,买盘
10:45:49,6.17,0.0,163,100458,买盘
10:45:52,6.17,0.0,480,296060,买盘
10:45:55,6.17,0.0,1873,1155628,买盘
10:45:58,6.18,0.01,576,355590,买盘
10:46:01,6.18,0.0,236,145739,买盘
10:46:04,6.18,0.0,2225,1374936,买盘
10:46:07,6.18,0.0,1216,751488,买盘
10:46:10,6.18,0.0,916,566088,买盘
10:46:13,6.19,0.01,1795,1110986,买盘
10:46:16,6.18,-0.01,675,417431,卖盘
10:46:19,6.19,0.01,605,374444,买盘
10:46:22,6.19,0.0,870,538530,买盘
10:46:25,6.19,0.0,1075,665422,买盘
10:46:28,6.19,0.0,2220,1374173,买盘
10:46:31,6.2,0.01,12412,7694371,买盘
10:46:34,6.21,0.01,218,135177,买盘
10:46:37,6.21,0.0,394,244647,买盘
10:46:40,6.2,-0.01,3149,1954285,卖盘
10:46:43,6.21,0.01,3204,1989268,买盘
10:46:46,6.21,0.0,1457,904279,买盘
10:46:49,6.21,0.0,695,431585,买盘
10:46:52,6.22,0.01,2345,1458297,买盘
10:46:55,6.23,0.01,905,562839,买盘
10:46:58,6.23,0.0,1341,835057,买盘
10:47:01,6.23,0.0,2459,1531835,买盘
10:47:04,6.24,0.01,434,270743,买盘
10:47:07,6.24,0.0,593,369937,买盘
10:47:10,6.24,0.0,2456,1531767,买盘
10:47:13,6.25,0.01,1660,1036060,买盘
10:47:16,6.25,0.0,3208,2003423,买盘
10:47:19,6.25,0.0,2176,1359944,买盘
10:47:22,6.24,-0.01,4329,2701922,卖盘
10:47:25,6.24,0.0,2803,1747874,买盘
10:47:28,6.23,-0.01,2795,1742318,卖盘
10:47:31,6.23,0.0,3351,2088405,买盘
10:47:34,6.23,0.0,567,353206,卖盘
10:47:37,6.25,0.02,1719,1071404,买盘
10:47:40,6.24,-0.01,462,288360,中性盘
10:47:43,6.23,-0.01,2980,1859920,卖盘
10:47:46,6.25,0.02,1606,1001643,买盘
10:47:49,6.25,0.0,772,481608,买盘
10:47:52,6.24,-0.01,853,533017,买盘
10:47:55,6.25,0.01,468,292398,买盘
10:47:58,6.25,0.0,1137,710541,买盘
10:48:01,6.24,-0.01,4236,2643541,卖盘
10:48:04,6.24,0.0,918,573256,买盘
10:48:07,6.25,0.01,1003,626684,买盘
10:48:10,6.25,0.0,766,478663,买盘
10:48:13,6.26,0.01,633,395970,买盘
10:48:16,6.25,-0.01,762,476495,卖盘
10:48:19,6.26,0.01,732,458041,买盘
10:48:22,6.26,0.0,570,356815,买盘
10:48:25,6.26,0.0,1101,689197,买盘
10:48:28,6.27,0.01,755,472339,买盘
10:48:31,6.26,-0.01,3659,2290273,卖盘
10:48:34,6.27,0.01,1520,952193,买盘
10:48:37,6.27,0.0,5033,3149247,买盘
10:48:40,6.27,0.0,2331,1460721,买盘
10:48:43,6.27,0.0,1638,1027289,卖盘
10:48:46,6.28,0.01,1414,887828,买盘
10:48:49,6.28,0.0,2056,1290788,买盘
10:48:52,6.29,0.01,3231,2032205,买盘
10:48:55,6.29,0.0,1609,1011834,买盘
10:48:58,6.3,0.01,5027,3159617,买盘
10:49:01,6.29,-0.01,431,271332,卖盘
10:49:04,6.29,0.0,2480,1562278,卖盘
10:49:07,6.29,0.0,5024,3161431,卖盘
10:49:10,6.29,0.0,2586,1626710,卖盘
10:49:13,6.29,0.0,3939,2477133,卖盘
10:49:16,6.29,0.0,7185,4506258,买盘
10:49:19,6.29,0.0,3452,2171341,买盘
10:49:22,6.28,-0.01,859,539206,卖盘
10:49:25,6.27,-0.01,753,472543,卖盘
10:49:28,6.27,0.0,5186,3246725,买盘
10:49:31,6.26,-0.01,951,595563,卖盘
10:49:34,6.25,-0.01,1535,960906,卖盘
10:49:37,6.27,0.02,1269,795154,买盘
10:49:40,6.24,-0.03,669,418559,卖盘
10:49:43,6.25,0.01,637,397918,买盘
10:49:46,6.25,0.0,777,485844,买盘
10:49:49,6.24,-0.01,2014,1257479,卖盘
10:49:52,6.24,0.0,1379,860495,买盘
10:49:55,6.24,0.0,1116,696141,买盘
10:49:58,6.25,0.01,498,310804,买盘
10:50:01,6.24,-0.01,445,277870,卖盘
10:50:04,6.24,0.0,264,164765,卖盘
10:50:07,6.23,-0.01,3471,2163004,卖盘
10:50:10,6.23,0.0,931,580660,买盘
10:50:13,6.22,-0.01,829,515842,卖盘
10:50:16,6.22,0.0,209,130175,卖盘
10:50:19,6.22,0.0,1797,1117328,卖盘
10:50:22,6.23,0.01,523,325699,买盘
10:50:25,6.24,0.01,317,197563,买盘
10:50:28,6.24,0.0,470,292977,买盘
10:50:31,6.23,-0.01,494,308157,卖盘
10:50:34,6.24,0.01,726,452846,买盘
10:50:37,6.24,0.0,3036,1892144,买盘
10:50:40,6.23,-0.01,1018,634869,卖盘
10:50:43,6.24,0.01,562,350588,买盘
10:50:46,6.24,0.0,1233,769294,买盘
10:50:49,6.24,0.0,1301,811055,买盘
10:50:52,6.23,-0.01,890,555140,卖盘
10:50:55,6.24,0.01,1269,791861,买盘
10:50:58,6.24,0.0,280,174726,卖盘
10:51:01,6.24,0.0,356,222255,卖盘
10:51:04,6.25,0.01,348,217251,买盘
10:51:07,6.24,-0.01,1838,1147733,卖盘
10:51:10,6.25,0.01,2538,1585947,买盘
10:51:13,6.25,0.0,219,136720,买盘
10:51:16,6.25,0.0,693,432952,买盘
10:51:19,6.25,0.0,1215,759203,买盘
10:51:22,6.25,0.0,921,575589,买盘
10:51:25,6.25,0.0,1135,709361,买盘
10:51:28,6.25,0.0,158,98782,卖盘
10:51:31,6.25,0.0,990,618892,卖盘
10:51:34,6.26,0.01,152,95113,买盘
10:51:37,6.25,-0.01,344,215185,卖盘
10:51:40,6.26,0.01,566,354098,买盘
10:51:43,6.26,0.0,810,506863,买盘
10:51:46,6.26,0.0,555,347465,买盘
10:51:49,6.26,0.0,489,306251,卖盘
10:51:52,6.26,0.0,404,253036,卖盘
10:51:55,6.26,0.0,1154,722403,卖盘
10:51:58,6.26,0.0,709,443834,买盘
10:52:01,6.26,0.0,534,334276,买盘
10:52:04,6.27,0.01,544,340517,买盘
10:52:07,6.26,-0.01,976,611048,卖盘
10:52:10,6.26,0.0,897,561516,买盘
10:52:13,6.25,-0.01,233,145824,卖盘
10:52:16,6.25,0.0,592,370508,卖盘
10:52:19,6.25,0.0,528,330226,卖盘
10:52:22,6.25,0.0,5265,3290686,卖盘
10:52:25,6.25,0.0,986,616247,买盘
10:52:28,6.24,-0.01,1223,763300,卖盘
10:52:31,6.23,-0.01,347,216362,卖盘
10:52:34,6.24,0.01,4505,2807279,买盘
10:52:37,6.24,0.0,368,229503,买盘
10:52:40,6.23,-0.01,203,126632,卖盘
10:52:43,6.24,0.01,1203,750613,买盘
10:52:46,6.24,0.0,890,554868,卖盘
10:52:49,6.24,0.0,382,238327,买盘
10:52:52,6.24,0.0,280,174724,卖盘
10:52:55,6.24,0.0,2114,1320983,卖盘
10:52:58,6.24,0.0,631,393739,卖盘
10:53:01,6.26,0.02,1088,679667,买盘
10:53:04,6.26,0.0,899,561985,买盘
10:53:07,6.24,-0.02,461,287390,中性盘
10:53:10,6.23,-0.01,581,362334,卖盘
10:53:13,6.25,0.02,867,540820,买盘
10:53:16,6.25,0.0,258,161199,买盘
10:53:19,6.25,0.0,653,407606,买盘
10:53:22,6.25,0.0,568,354976,买盘
10:53:25,6.24,-0.01,751,468741,卖盘
10:53:28,6.24,0.0,409,255547,卖盘
10:53:31,6.25,0.01,604,377448,买盘
10:53:34,6.25,0.0,675,421830,买盘
10:53:37,6.24,-0.01,733,458054,卖盘
10:53:40,6.25,0.01,108,67479,中性盘
10:53:43,6.24,-0.01,74,46209,卖盘
10:53:46,6.25,0.01,180,112463,买盘
10:53:49,6.25,0.0,250,156169,买盘
10:53:52,6.25,0.0,170,106181,买盘
10:53:55,6.25,0.0,771,481634,买盘
10:53:58,6.25,0.0,1080,674799,买盘
10:54:01,6.25,0.0,202,126195,买盘
10:54:04,6.24,-0.01,342,213514,卖盘
10:54:07,6.24,0.0,505,315426,卖盘
10:54:10,6.24,0.0,452,282161,卖盘
10:54:13,6.24,0.0,128,79959,卖盘
10:54:16,6.24,0.0,387,241659,卖盘
10:54:19,6.25,0.01,714,445922,买盘
10:54:22,6.25,0.0,710,443213,买盘
10:54:25,6.25,0.0,198,123733,买盘
10:54:28,6.24,-0.01,317,198024,卖盘
10:54:31,6.25,0.01,203,126820,买盘
10:54:34,6.25,0.0,229,143052,买盘
10:54:37,6.25,0.0,983,613673,买盘
10:54:40,6.24,-0.01,2101,1313008,卖盘
10:54:43,6.24,0.0,389,242942,卖盘
10:54:46,6.25,0.01,449,280361,买盘
10:54:49,6.24,-0.01,512,319696,卖盘
10:54:52,6.24,0.0,583,364334,买盘
10:54:55,6.24,0.0,76,47430,卖盘
10:54:58,6.25,0.01,294,183571,买盘
10:55:01,6.25,0.0,25,15625,买盘
10:55:04,6.24,-0.01,86,53689,卖盘
10:55:07,6.24,0.0,711,443958,卖盘
10:55:10,6.24,0.0,1124,701957,卖盘
10:55:13,6.24,0.0,475,296526,卖盘
10:55:16,6.24,0.0,492,307048,卖盘
10:55:19,6.24,0.0,793,494826,卖盘
10:55:22,6.24,0.0,530,330528,买盘
10:55:25,6.24,0.0,514,320728,买盘
10:55:28,6.23,-0.01,618,385237,卖盘
10:55:31,6.24,0.01,238,148408,买盘
10:55:34,6.24,0.0,782,487917,买盘
10:55:37,6.24,0.0,987,615487,买盘
10:55:40,6.24,0.0,471,293651,买盘
10:55:43,6.24,0.0,203,126571,买盘
10:55:46,6.24,0.0,670,417935,买盘
10:55:49,6.23,-0.01,1148,715530,卖盘
10:55:52,6.23,0.0,740,460948,卖盘
10:55:55,6.23,0.0,331,206058,买盘
10:55:58,6.23,0.0,44,27391,买盘
10:56:01,6.23,0.0,172,107018,买盘
10:56:04,6.23,0.0,24,14949,买盘
10:56:07,6.23,0.0,220,137011,买盘
10:56:10,6.22,-0.01,239,148716,卖盘
10:56:13,6.22,0.0,114,70956,卖盘
10:56:16,6.22,0.0,582,362046,卖盘
10:56:19,6.23,0.01,305,189715,买盘
10:56:22,6.23,0.0,829,515979,买盘
10:56:25,6.22,-0.01,240,149291,卖盘
10:56:28,6.21,-0.01,36,22382,卖盘
10:56:31,6.22,0.01,60,37269,买盘
10:56:34,6.22,0.0,309,192129,买盘
10:56:37,6.21,-0.01,1304,809940,卖盘
10:56:40,6.22,0.01,245,152201,买盘
10:56:43,6.21,-0.01,137,85076,卖盘
10:56:46,6.21,0.0,71,44071,买盘
10:56:49,6.2,-0.01,3217,1994634,卖盘
10:56:52,6.19,-0.01,357,221101,卖盘
10:56:55,6.19,0.0,247,153114,卖盘
10:56:58,6.19,0.0,192,118935,卖盘
10:57:01,6.19,0.0,159,98424,卖盘
10:57:04,6.19,0.0,646,399926,卖盘
10:57:07,6.19,0.0,104,64328,买盘
10:57:10,6.18,-0.01,479,296092,卖盘
10:57:13,6.19,0.01,227,140446,买盘
10:57:16,6.18,-0.01,258,159460,卖盘
10:57:19,6.18,0.0,260,160790,卖盘
10:57:22,6.19,0.01,411,254162,买盘
10:57:25,6.18,-0.01,667,412318,卖盘
10:57:28,6.18,0.0,275,169946,买盘
10:57:31,6.18,0.0,665,410790,买盘
10:57:34,6.18,0.0,72,44496,买盘
10:57:37,6.18,0.0,360,222383,买盘
10:57:40,6.17,-0.01,177,109241,卖盘
10:57:43,6.18,0.01,1121,692578,买盘
10:57:46,6.17,-0.01,693,428069,卖盘
10:57:49,6.17,0.0,151,93240,买盘
10:57:52,6.17,0.0,200,123379,买盘
10:57:55,6.17,0.0,126,77742,卖盘
10:57:58,6.18,0.01,103,63579,买盘
10:58:01,6.18,0.0,108,66657,买盘
10:58:04,6.18,0.0,48,29659,买盘
10:58:07,6.18,0.0,263,162698,卖盘
10:58:10,6.19,0.01,114,70472,买盘
10:58:13,6.18,-0.01,130,80417,卖盘
10:58:16,6.19,0.01,400,247216,买盘
10:58:19,6.19,0.0,810,501275,买盘
10:58:22,6.2,0.01,3,1858,买盘
10:58:25,6.19,-0.01,95,58820,卖盘
10:58:28,6.19,0.0,328,203063,卖盘
10:58:31,6.2,0.01,79,48946,买盘
10:58:34,6.19,-0.01,716,443865,卖盘
10:58:37,6.2,0.01,264,163611,买盘
10:58:40,6.21,0.01,2895,1797261,买盘
10:58:43,6.21,0.0,199,123579,卖盘
10:58:46,6.21,0.0,136,84461,卖盘
10:58:49,6.2,-0.01,433,268812,卖盘
10:58:52,6.21,0.01,263,163311,买盘
10:58:55,6.21,0.0,173,107432,买盘
10:58:58,6.21,0.0,288,178758,买盘
10:59:01,6.21,0.0,164,101844,买盘
10:59:04,6.21,0.0,146,90666,卖盘
10:59:07,6.21,0.0,128,79503,卖盘
10:59:10,6.21,0.0,312,194014,卖盘
10:59:13,6.22,0.01,483,300422,买盘
10:59:16,6.21,-0.01,1041,646505,卖盘
10:59:19,6.22,0.01,128,79559,买盘
10:59:22,6.22,0.0,91,56600,买盘
10:59:25,6.21,-0.01,105,65245,卖盘
10:59:28,6.22,0.01,1401,871365,买盘
10:59:31,6.22,0.0,178,110716,买盘
10:59:34,6.22,0.0,27,16790,买盘
10:59:37,6.22,0.0,156,96948,买盘
10:59:40,6.22,0.0,198,123149,买盘
10:59:43,6.22,0.0,128,79615,买盘
10:59:46,6.22,0.0,258,160409,买盘
10:59:49,6.21,-0.01,1140,708794,卖盘
10:59:52,6.22,0.01,401,249390,买盘
10:59:55,6.22,0.0,324,201426,买盘
10:59:58,6.22,0.0,118,73344,买盘
11:00:01,6.21,-0.01,287,178413,卖盘
11:00:04,6.22,0.01,387,240567,买盘
11:00:07,6.22,0.0,149,92628,买盘
11:00:10,6.22,0.0,543,337224,买盘
11:00:13,6.22,0.0,336,208851,买盘
11:00:16,6.21,-0.01,390,242387,卖盘
11:00:19,6.22,0.01,246,152952,买盘
11:00:22,6.21,-0.01,996,618547,卖盘
11:00:25,6.2,-0.01,399,247734,卖盘
11:00:28,6.2,0.0,117,72635,卖盘
11:00:31,6.21,0.01,493,305687,买盘
11:00:34,6.21,0.0,198,122838,买盘
11:00:37,6.21,0.0,251,155630,买盘
11:00:40,6.2,-0.01,944,585393,卖盘
11:00:43,6.2,0.0,3550,2200820,卖盘
11:00:46,6.2,0.0,781,484074,买盘
11:00:49,6.2,0.0,181,112202,买盘
11:00:52,6.2,0.0,689,426939,买盘
11:00:55,6.2,0.0,172,106562,买盘
11:00:58,6.2,0.0,182,112704,买盘
11:01:01,6.2,0.0,196,121434,买盘
11:01:04,6.19,-0.01,1384,857442,卖盘
11:01:07,6.2,0.01,127,78700,买盘
11:01:10,6.19,-0.01,100,61932,卖盘
11:01:13,6.19,0.0,84,52001,卖盘
11:01:16,6.19,0.0,88,54492,卖盘
11:01:19,6.2,0.01,40,24773,买盘
11:01:22,6.2,0.0,38,23559,买盘
11:01:25,6.2,0.0,78,48320,买盘
11:01:28,6.2,0.0,109,67573,买盘
11:01:31,6.2,0.0,295,182766,买盘
11:01:34,6.2,0.0,1576,977040,买盘
11:01:37,6.2,0.0,325,201386,买盘
11:01:40,6.2,0.0,82,50840,买盘
11:01:43,6.2,0.0,111,68850,卖盘
11:01:46,6.2,0.0,1274,789896,卖盘
11:01:49,6.2,0.0,442,274044,卖盘
11:01:52,6.19,-0.01,747,462591,卖盘
11:01:55,6.19,0.0,1132,700774,卖盘
11:01:58,6.18,-0.01,140,86656,卖盘
11:02:01,6.19,0.01,199,123161,买盘
11:02:04,6.19,0.0,218,134934,买盘
11:02:07,6.18,-0.01,155,95847,卖盘
11:02:10,6.18,0.0,104,64341,卖盘
11:02:13,6.18,0.0,280,173311,卖盘
11:02:16,6.19,0.01,136,84184,买盘
11:02:19,6.19,0.0,103,63717,买盘
11:02:22,6.19,0.0,85,52583,买盘
11:02:25,6.18,-0.01,224,138468,卖盘
11:02:28,6.19,0.01,188,116354,买盘
11:02:31,6.19,0.0,86,53234,买盘
11:02:34,6.18,-0.01,59,36519,卖盘
11:02:37,6.18,0.0,65,40233,卖盘
11:02:40,6.19,0.01,146,90364,买盘
11:02:43,6.19,0.0,125,77358,买盘
11:02:46,6.19,0.0,83,51377,买盘
11:02:49,6.19,0.0,80,49519,买盘
11:02:52,6.18,-0.01,52,32155,卖盘
11:02:55,6.19,0.01,115,71174,买盘
11:02:58,6.18,-0.01,114,70557,卖盘
11:03:01,6.19,0.01,167,103369,买盘
11:03:04,6.19,0.0,58,35892,买盘
11:03:07,6.19,0.0,329,203650,买盘
11:03:10,6.19,0.0,718,444441,买盘
11:03:13,6.19,0.0,219,135471,买盘
11:03:16,6.18,-0.01,306,189315,卖盘
11:03:19,6.18,0.0,614,379828,卖盘
11:03:22,6.19,0.01,266,164602,买盘
11:03:25,6.18,-0.01,354,219125,卖盘
11:03:28,6.18,0.0,232,143446,卖盘
11:03:31,6.19,0.01,85,52568,买盘
11:03:34,6.19,0.0,97,59983,买盘
11:03:37,6.19,0.0,99,61274,买盘
11:03:40,6.19,0.0,222,137377,买盘
11:03:43,6.19,0.0,75,46415,买盘
11:03:46,6.19,0.0,332,205499,买盘
11:03:49,6.19,0.0,552,341688,买盘
11:03:52,6.19,0.0,78,48282,买盘
11:03:55,6.19,0.0,129,79828,买盘
11:03:58,6.18,-0.01,122,75478,卖盘
11:04:01,6.18,0.0,129,79755,卖盘
11:04:04,6.18,0.0,293,181086,卖盘
11:04:07,6.18,0.0,5004,3092285,卖盘
11:04:10,6.17,-0.01,1002,618365,卖盘
11:04:13,6.17,0.0,1041,642379,卖盘
11:04:16,6.17,0.0,640,394903,卖盘
11:04:19,6.17,0.0,550,339454,卖盘
11:04:22,6.17,0.0,615,379472,卖盘
11:04:25,6.17,0.0,332,204848,卖盘
11:04:28,6.17,0.0,136,83938,卖盘
11:04:31,6.18,0.01,75,46292,买盘
11:04:34,6.18,0.0,807,498319,买盘
11:04:37,6.17,-0.01,131,80839,卖盘
11:04:40,6.17,0.0,574,354178,卖盘
11:04:43,6.17,0.0,37,22820,买盘
11:04:46,6.17,0.0,118,72744,买盘
11:04:49,6.17,0.0,404,249268,买盘
11:04:52,6.16,-0.01,458,282432,卖盘
11:04:55,6.16,0.0,112,69009,卖盘
11:04:58,6.16,0.0,290,178650,卖盘
11:05:01,6.17,0.01,91,56147,买盘
11:05:04,6.17,0.0,660,406593,买盘
11:05:07,6.17,0.0,1372,845208,买盘
11:05:10,6.15,-0.02,4071,2504505,卖盘
11:05:13,6.15,0.0,68,41818,买盘
11:05:16,6.14,-0.01,104,63959,卖盘
11:05:19,6.14,0.0,10,6149,卖盘
11:05:22,6.14,0.0,60,36897,卖盘
11:05:25,6.14,0.0,26,15966,卖盘
11:05:28,6.15,0.01,325,199814,买盘
11:05:31,6.14,-0.01,195,119863,卖盘
11:05:34,6.14,0.0,321,197165,卖盘
11:05:37,6.15,0.01,105,64575,买盘
11:05:40,6.16,0.01,1397,859156,买盘
11:05:43,6.15,-0.01,721,443416,卖盘
11:05:46,6.16,0.01,197,121174,买盘
11:05:49,6.15,-0.01,426,262013,卖盘
11:05:52,6.15,0.0,2436,1495736,买盘
11:05:55,6.15,0.0,22,13520,买盘
11:05:58,6.15,0.0,161,99005,买盘
11:06:01,6.15,0.0,221,135907,买盘
11:06:04,6.15,0.0,459,281921,买盘
11:06:07,6.15,0.0,71,43664,买盘
11:06:10,6.15,0.0,172,105666,买盘
11:06:13,6.15,0.0,86,52888,买盘
11:06:16,6.14,-0.01,155,95185,卖盘
11:06:19,6.15,0.01,352,216228,买盘
11:06:22,6.14,-0.01,151,92844,中性盘
11:06:25,6.14,0.0,97,59547,卖盘
11:06:28,6.14,0.0,209,128325,买盘
11:06:31,6.15,0.01,715,439098,买盘
11:06:34,6.14,-0.01,36,22109,卖盘
11:06:37,6.14,0.0,27,16590,卖盘
11:06:40,6.15,0.01,84,51578,买盘
11:06:43,6.15,0.0,652,400381,买盘
11:06:46,6.15,0.0,30,18450,买盘
11:06:49,6.15,0.0,5208,3202914,买盘
11:06:52,6.15,0.0,153,94095,买盘
11:06:55,6.15,0.0,66,40590,卖盘
11:06:58,6.15,0.0,36,22153,卖盘
11:07:01,6.16,0.01,11,6766,买盘
11:07:04,6.16,0.0,259,159305,买盘
11:07:07,6.16,0.0,62,38167,买盘
11:07:10,6.16,0.0,54,33223,买盘
11:07:13,6.15,-0.01,230,141619,卖盘
11:07:16,6.16,0.01,343,211280,买盘
11:07:19,6.15,-0.01,1194,734406,卖盘
11:07:22,6.15,0.0,196,120724,卖盘
11:07:25,6.16,0.01,34,20944,中性盘
11:07:28,6.16,0.0,194,119509,卖盘
11:07:31,6.16,0.0,88,54201,中性盘
11:07:34,6.16,0.0,72,44389,卖盘
11:07:37,6.17,0.01,305,188125,买盘
11:07:40,6.17,0.0,253,156092,买盘
11:07:43,6.17,0.0,135,83289,买盘
11:07:46,6.17,0.0,1863,1149471,买盘
11:07:49,6.17,0.0,61,37637,买盘
11:07:52,6.17,0.0,186,114664,买盘
11:07:55,6.17,0.0,103,63535,买盘
11:07:58,6.16,-0.01,204,125863,卖盘
11:08:01,6.17,0.01,1163,717655,买盘
11:08:04,6.18,0.01,36,22247,买盘
11:08:07,6.18,0.0,100,61800,买盘
11:08:10,6.18,0.0,26,16068,买盘
11:08:13,6.18,0.0,279,172419,买盘
11:08:16,6.18,0.0,637,393491,买盘
11:08:19,6.18,0.0,123,76014,买盘
11:08:22,6.19,0.01,36,22253,买盘
11:08:25,6.19,0.0,106,65612,买盘
11:08:28,6.19,0.0,68,42073,买盘
11:08:31,6.19,0.0,46,28461,买盘
11:08:34,6.19,0.0,123,76130,买盘
11:08:37,6.19,0.0,114,70550,买盘
11:08:40,6.19,0.0,1000,619000,买盘
11:08:43,6.18,-0.01,297,183749,卖盘
11:08:46,6.19,0.01,362,224031,买盘
11:08:49,6.19,0.0,260,160940,卖盘
11:08:52,6.19,0.0,180,111438,卖盘
11:08:55,6.2,0.01,1640,1016783,买盘
11:08:58,6.2,0.0,286,177289,买盘
11:09:01,6.2,0.0,599,371131,买盘
11:09:04,6.2,0.0,136,84320,买盘
11:09:07,6.2,0.0,182,112840,买盘
11:09:10,6.2,0.0,322,199764,买盘
11:09:13,6.2,0.0,143,88705,卖盘
11:09:16,6.21,0.01,249,154492,买盘
11:09:19,6.21,0.0,123,76281,买盘
11:09:22,6.21,0.0,398,247039,买盘
11:09:25,6.21,0.0,1103,683917,买盘
11:09:28,6.2,-0.01,683,423440,卖盘
11:09:31,6.2,0.0,164,101660,买盘
11:09:34,6.2,0.0,226,140120,买盘
11:09:37,6.19,-0.01,314,194649,卖盘
11:09:40,6.19,0.0,329,203758,卖盘
11:09:43,6.19,0.0,469,290712,卖盘
11:09:46,6.19,0.0,199,123221,卖盘
11:09:49,6.19,0.0,147,91049,卖盘
11:09:52,6.19,0.0,175,108413,卖盘
11:09:55,6.19,0.0,149,92258,卖盘
11:09:58,6.19,0.0,208,128752,买盘
11:10:01,6.19,0.0,93,57550,买盘
11:10:04,6.19,0.0,72,44568,买盘
11:10:07,6.18,-0.01,151,93346,卖盘
11:10:10,6.18,0.0,237,146584,卖盘
11:10:13,6.18,0.0,45,27824,卖盘
11:10:16,6.19,0.01,130,80461,买盘
11:10:19,6.18,-0.01,96,59423,卖盘
11:10:22,6.19,0.01,139,86013,买盘
11:10:25,6.18,-0.01,259,160313,卖盘
11:10:28,6.18,0.0,31,19168,卖盘
11:10:31,6.19,0.01,5,3095,买盘
11:10:34,6.19,0.0,290,179310,买盘
11:10:37,6.18,-0.01,12,7418,卖盘
11:10:40,6.18,0.0,130,80360,卖盘
11:10:43,6.19,0.01,274,169603,买盘
11:10:46,6.19,0.0,108,66852,买盘
11:10:49,6.19,0.0,65,40235,买盘
11:10:52,6.19,0.0,87,53853,买盘
11:10:55,6.19,0.0,310,191869,买盘
11:10:58,6.19,0.0,667,412985,买盘
11:11:01,6.19,0.0,150,92850,卖盘
11:11:04,6.19,0.0,1,619,卖盘
11:11:07,6.2,0.01,46,28494,买盘
11:11:10,6.19,-0.01,155,95977,卖盘
11:11:13,6.19,0.0,55,34085,卖盘
11:11:16,6.19,0.0,46,28494,卖盘
11:11:19,6.19,0.0,122,75535,卖盘
11:11:22,6.2,0.01,242,149939,买盘
11:11:25,6.19,-0.01,25,15484,卖盘
11:11:28,6.2,0.01,281,174219,买盘
11:11:31,6.2,0.0,353,218552,买盘
11:11:34,6.19,-0.01,104,64477,卖盘
11:11:37,6.19,0.0,1450,897588,卖盘
11:11:40,6.19,0.0,37,22903,买盘
11:11:43,6.19,0.0,55,34045,买盘
11:11:46,6.19,0.0,3267,2019174,买盘
11:11:49,6.18,-0.01,255,157774,买盘
11:11:52,6.19,0.01,101,62491,买盘
11:11:55,6.18,-0.01,72,44484,买盘
11:11:58,6.17,-0.01,105,64920,卖盘
11:12:01,6.18,0.01,155,95786,买盘
11:12:04,6.18,0.0,84,51912,买盘
11:12:07,6.18,0.0,195,120359,买盘
11:12:10,6.17,-0.01,118,72887,卖盘
11:12:13,6.17,0.0,48,29646,卖盘
11:12:16,6.18,0.01,150,92652,买盘
11:12:19,6.17,-0.01,811,500387,卖盘
11:12:22,6.18,0.01,59,36460,买盘
11:12:25,6.17,-0.01,178,109825,卖盘
11:12:28,6.17,0.0,190,117081,买盘
11:12:31,6.17,0.0,220,135641,买盘
11:12:34,6.17,0.0,1798,1107644,买盘
11:12:37,6.17,0.0,329,202819,买盘
11:12:40,6.17,0.0,428,264076,买盘
11:12:43,6.17,0.0,29,17893,买盘
11:12:46,6.17,0.0,219,135109,买盘
11:12:49,6.16,-0.01,34,20952,卖盘
11:12:52,6.17,0.01,23,14185,买盘
11:12:55,6.17,0.0,81,49908,买盘
11:12:58,6.17,0.0,23,14190,买盘
11:13:01,6.17,0.0,98,60466,买盘
11:13:04,6.17,0.0,284,175225,买盘
11:13:07,6.16,-0.01,94,58009,卖盘
11:13:10,6.17,0.01,15,9255,卖盘
11:13:13,6.17,0.0,153,94489,卖盘
11:13:16,6.17,0.0,138,85159,卖盘
11:13:19,6.18,0.01,7,4325,买盘
11:13:22,6.17,-0.01,474,292651,卖盘
11:13:25,6.17,0.0,96,59229,买盘
11:13:28,6.17,0.0,139,85762,买盘
11:13:31,6.16,-0.01,280,172757,卖盘
11:13:34,6.17,0.01,380,234460,买盘
11:13:37,6.17,0.0,112,69104,卖盘
11:13:40,6.17,0.0,121,74667,卖盘
11:13:43,6.18,0.01,161,99432,买盘
11:13:46,6.18,0.0,45,27780,买盘
11:13:49,6.18,0.0,313,193434,买盘
11:13:52,6.18,0.0,184,113655,买盘
11:13:55,6.17,-0.01,42,25955,卖盘
11:13:58,6.18,0.01,71,43857,买盘
11:14:01,6.16,-0.02,825,509078,卖盘
11:14:04,6.17,0.01,71,43807,中性盘
11:14:07,6.17,0.0,104,64158,买盘
11:14:10,6.17,0.0,124,76508,买盘
11:14:13,6.17,0.0,681,419918,买盘
11:14:16,6.17,0.0,278,171434,买盘
11:14:19,6.16,-0.01,226,139322,卖盘
11:14:22,6.17,0.01,125,77054,买盘
11:14:25,6.16,-0.01,165,101743,卖盘
11:14:28,6.16,0.0,85,52436,卖盘
11:14:31,6.16,0.0,4452,2742478,卖盘
11:14:34,6.15,-0.01,69,42475,卖盘
11:14:37,6.15,0.0,142,87421,卖盘
11:14:40,6.16,0.01,303,186648,买盘
11:14:43,6.15,-0.01,29,17853,卖盘
11:14:46,6.16,0.01,32,19712,买盘
11:14:49,6.15,-0.01,183,112578,卖盘
11:14:52,6.16,0.01,55,33850,买盘
11:14:55,6.16,0.0,17,10471,买盘
11:14:58,6.16,0.0,296,182301,买盘
11:15:01,6.16,0.0,266,163722,买盘
11:15:04,6.15,-0.01,482,296703,卖盘
11:15:07,6.16,0.01,297,182952,买盘
11:15:10,6.16,0.0,14,8617,买盘
11:15:13,6.15,-0.01,1048,644593,卖盘
11:15:16,6.16,0.01,140,86237,买盘
11:15:19,6.16,0.0,378,232769,买盘
11:15:22,6.16,0.0,53,32646,买盘
11:15:25,6.15,-0.01,58,35690,卖盘
11:15:28,6.16,0.01,118,72671,买盘
11:15:31,6.15,-0.01,708,436041,卖盘
11:15:34,6.15,0.0,228,140238,卖盘
11:15:37,6.15,0.0,98,60276,卖盘
11:15:40,6.16,0.01,528,325248,买盘
11:15:43,6.16,0.0,4,2464,卖盘
11:15:46,6.16,0.0,21,12936,卖盘
11:15:49,6.16,0.0,193,118932,卖盘
11:15:52,6.17,0.01,1,617,买盘
11:15:55,6.17,0.0,129,79492,买盘
11:15:58,6.17,0.0,314,193445,买盘
11:16:01,6.17,0.0,450,277638,买盘
11:16:04,6.17,0.0,19,11723,买盘
11:16:07,6.17,0.0,105,64785,买盘
11:16:10,6.16,-0.01,349,215100,卖盘
11:16:13,6.16,0.0,65,40049,卖盘
11:16:16,6.17,0.01,936,577269,买盘
11:16:19,6.17,0.0,26,16040,买盘
11:16:22,6.16,-0.01,209,128919,卖盘
11:16:25,6.17,0.01,56,34551,买盘
11:16:28,6.17,0.0,149,91921,买盘
11:16:31,6.16,-0.01,2706,1666896,卖盘
11:16:34,6.16,0.0,18,11088,买盘
11:16:37,6.16,0.0,1415,870438,买盘
11:16:40,6.16,0.0,381,234634,买盘
11:16:43,6.15,-0.01,778,478598,卖盘
11:16:46,6.15,0.0,536,329653,卖盘
11:16:49,6.14,-0.01,5252,3229876,卖盘
11:16:52,6.14,0.0,7811,4797083,卖盘
11:16:55,6.13,-0.01,164,100557,卖盘
11:16:58,6.14,0.01,289,177202,买盘
11:17:01,6.14,0.0,225,138096,买盘
11:17:04,6.13,-0.01,82,50311,卖盘
11:17:07,6.13,0.0,289,177161,卖盘
11:17:10,6.13,0.0,23,14100,卖盘
11:17:13,6.14,0.01,221,135694,买盘
11:17:16,6.14,0.0,133,81605,买盘
11:17:19,6.14,0.0,113,69350,买盘
11:17:22,6.14,0.0,1090,669258,买盘
11:17:25,6.14,0.0,138,84732,卖盘
11:17:28,6.14,0.0,110,67548,卖盘
11:17:31,6.15,0.01,89,54657,买盘
11:17:34,6.15,0.0,25,15370,买盘
11:17:37,6.14,-0.01,66,40550,卖盘
11:17:40,6.15,0.01,40,24600,买盘
11:17:43,6.14,-0.01,456,280039,卖盘
11:17:46,6.15,0.01,478,293951,买盘
11:17:49,6.14,-0.01,400,245600,卖盘
11:17:52,6.15,0.01,103,63252,买盘
11:17:55,6.14,-0.01,19,11673,卖盘
11:17:58,6.15,0.01,54,33210,买盘
11:18:01,6.15,0.0,100,61482,买盘
11:18:04,6.15,0.0,52,31975,买盘
11:18:07,6.15,0.0,420,258248,买盘
11:18:10,6.14,-0.01,45,27644,卖盘
11:18:13,6.14,0.0,1069,656366,卖盘
11:18:16,6.14,0.0,629,386214,卖盘
11:18:19,6.14,0.0,1014,622740,卖盘
11:18:22,6.14,0.0,717,440210,买盘
11:18:25,6.14,0.0,96,58943,买盘
11:18:28,6.14,0.0,69,42329,买盘
11:18:31,6.14,0.0,226,138570,买盘
11:18:34,6.14,0.0,54,33156,买盘
11:18:37,6.14,0.0,1809,1110704,买盘
11:18:40,6.14,0.0,117,71888,卖盘
11:18:43,6.14,0.0,7,4298,卖盘
11:18:46,6.14,0.0,438,268943,卖盘
11:18:49,6.14,0.0,284,174386,买盘
11:18:52,6.13,-0.01,78,47834,卖盘
11:18:55,6.14,0.01,1593,979552,卖盘
11:18:58,6.14,0.0,7,4299,卖盘
11:19:01,6.15,0.01,1420,873095,买盘
11:19:04,6.14,-0.01,47,28861,卖盘
11:19:07,6.15,0.01,30,18450,买盘
11:19:10,6.14,-0.01,216,132689,卖盘
11:19:13,6.15,0.01,450,276500,买盘
11:19:16,6.15,0.0,53,32575,买盘
11:19:19,6.15,0.0,238,146202,买盘
11:19:22,6.15,0.0,64,39358,买盘
11:19:25,6.15,0.0,353,216950,买盘
11:19:28,6.14,-0.01,119,73161,卖盘
11:19:31,6.15,0.01,399,245385,买盘
11:19:34,6.15,0.0,100,61500,卖盘
11:19:37,6.16,0.01,128,78796,买盘
11:19:40,6.16,0.0,236,145152,买盘
11:19:43,6.16,0.0,11,6766,买盘
11:19:46,6.15,-0.01,490,301379,卖盘
11:19:49,6.15,0.0,411,252766,买盘
11:19:52,6.15,0.0,123,75749,卖盘
11:19:55,6.15,0.0,289,177740,卖盘
11:19:58,6.15,0.0,631,388304,买盘
11:20:01,6.15,0.0,637,391763,卖盘
11:20:04,6.15,0.0,77,47355,买盘
11:20:07,6.16,0.01,101,62137,买盘
11:20:10,6.15,-0.01,121,74428,卖盘
11:20:13,6.15,0.0,106,65200,买盘
11:20:16,6.16,0.01,56,34451,买盘
11:20:19,6.16,0.0,84,51729,买盘
11:20:22,6.16,0.0,81,49895,买盘
11:20:25,6.15,-0.01,588,361683,卖盘
11:20:28,6.15,0.0,57,35101,卖盘
11:20:31,6.16,0.01,16,9851,买盘
11:20:34,6.16,0.0,156,95988,买盘
11:20:37,6.15,-0.01,79,48591,卖盘
11:20:40,6.16,0.01,100,61600,买盘
11:20:43,6.16,0.0,11,6776,买盘
11:20:46,6.15,-0.01,383,235711,卖盘
11:20:49,6.16,0.01,23,14168,买盘
11:20:52,6.16,0.0,122,75152,买盘
11:20:55,6.15,-0.01,1088,669121,卖盘
11:20:58,6.15,0.0,216,132840,买盘
11:21:01,6.15,0.0,264,162360,买盘
11:21:04,6.15,0.0,149,91585,买盘
11:21:07,6.15,0.0,226,138987,买盘
11:21:10,6.14,-0.01,144,88297,卖盘
11:21:13,6.15,0.01,828,509219,买盘
11:21:16,6.15,0.0,120,73739,买盘
11:21:19,6.15,0.0,209,128498,买盘
11:21:22,6.15,0.0,126,77488,买盘
11:21:25,6.14,-0.01,1198,735718,卖盘
11:21:28,6.15,0.01,905,556545,买盘
11:21:31,6.15,0.0,62,38096,买盘
11:21:34,6.15,0.0,223,137145,买盘
11:21:37,6.15,0.0,190,116843,买盘
11:21:40,6.15,0.0,164,100750,买盘
11:21:43,6.15,0.0,534,328410,卖盘
11:21:46,6.16,0.01,5,3079,买盘
11:21:49,6.16,0.0,40,24619,买盘
11:21:52,6.16,0.0,82,50463,买盘
11:21:55,6.16,0.0,127,78181,买盘
11:21:58,6.16,0.0,31,19096,买盘
11:22:01,6.16,0.0,13,8008,买盘
11:22:04,6.15,-0.01,156,95989,卖盘
11:22:07,6.16,0.01,582,358512,买盘
11:22:10,6.16,0.0,10,6160,买盘
11:22:13,6.15,-0.01,40,24637,卖盘
11:22:16,6.15,0.0,72,44350,卖盘
11:22:19,6.16,0.01,166,102130,买盘
11:22:22,6.16,0.0,131,80689,买盘
11:22:25,6.15,-0.01,2146,1319955,卖盘
11:22:28,6.14,-0.01,88,54117,卖盘
11:22:31,6.15,0.01,16,9840,买盘
11:22:34,6.14,-0.01,196,120401,卖盘
11:22:37,6.15,0.01,646,396705,买盘
11:22:40,6.14,-0.01,170,104480,卖盘
11:22:43,6.14,0.0,137,84199,卖盘
11:22:46,6.14,0.0,15,9214,卖盘
11:22:49,6.15,0.01,196,120515,买盘
11:22:52,6.14,-0.01,208,127715,卖盘
11:22:55,6.14,0.0,55,33808,卖盘
11:22:58,6.15,0.01,143,87895,买盘
11:23:01,6.15,0.0,1426,875673,买盘
11:23:04,6.15,0.0,61,37467,买盘
11:23:07,6.15,0.0,204,125384,买盘
11:23:10,6.15,0.0,35,21516,买盘
11:23:13,6.15,0.0,103,63345,买盘
11:23:16,6.15,0.0,222,136476,买盘
11:23:19,6.15,0.0,338,207870,买盘
11:23:22,6.14,-0.01,26,15980,卖盘
11:23:25,6.15,0.01,84,51641,买盘
11:23:28,6.15,0.0,235,144416,买盘
11:23:31,6.15,0.0,95,58425,买盘
11:23:34,6.15,0.0,171,105136,买盘
11:23:37,6.14,-0.01,799,491208,卖盘
11:23:40,6.14,0.0,3537,2172020,卖盘
11:23:43,6.14,0.0,164,100644,买盘
11:23:46,6.14,0.0,451,276857,买盘
11:23:49,6.14,0.0,65,39910,买盘
11:23:52,6.14,0.0,120,73630,买盘
11:23:55,6.14,0.0,257,157784,买盘
11:23:58,6.14,0.0,138,84683,买盘
11:24:01,6.13,-0.01,206,126366,卖盘
11:24:04,6.14,0.01,1136,697504,买盘
11:24:07,6.14,0.0,244,149639,买盘
11:24:10,6.14,0.0,231,141724,买盘
11:24:13,6.14,0.0,128,78583,买盘
11:24:16,6.13,-0.01,266,163114,卖盘
11:24:19,6.13,0.0,38,23316,卖盘
11:24:22,6.13,0.0,383,234856,卖盘
11:24:25,6.13,0.0,55,33745,卖盘
11:24:28,6.14,0.01,13,7981,买盘
11:24:31,6.14,0.0,103,63221,买盘
11:24:34,6.14,0.0,593,363997,买盘
11:24:37,6.14,0.0,87,53336,买盘
11:24:40,6.13,-0.01,2045,1253598,卖盘
11:24:43,6.13,0.0,809,496127,卖盘
11:24:46,6.13,0.0,31,19033,卖盘
11:24:49,6.14,0.01,29,17801,买盘
11:24:52,6.13,-0.01,122,74786,卖盘
11:24:55,6.13,0.0,643,394675,卖盘
11:24:58,6.14,0.01,127,77971,买盘
11:25:01,6.14,0.0,169,103764,买盘
11:25:04,6.13,-0.01,3204,1964196,卖盘
11:25:07,6.13,0.0,351,215357,卖盘
11:25:10,6.13,0.0,726,445060,卖盘
11:25:13,6.13,0.0,290,177774,卖盘
11:25:16,6.13,0.0,239,146396,买盘
11:25:19,6.12,-0.01,74,45383,卖盘
11:25:22,6.13,0.01,110,67349,买盘
11:25:25,6.12,-0.01,75,45947,卖盘
11:25:28,6.12,0.0,202,123824,卖盘
11:25:31,6.13,0.01,229,140375,买盘
11:25:34,6.13,0.0,157,96205,买盘
11:25:37,6.12,-0.01,401,245793,卖盘
11:25:40,6.13,0.01,57,34941,买盘
11:25:43,6.12,-0.01,144,88253,卖盘
11:25:46,6.14,0.02,72,44099,买盘
11:25:49,6.13,-0.01,25,15325,卖盘
11:25:52,6.14,0.01,1328,813046,买盘
11:25:55,6.13,-0.01,698,427226,买盘
11:25:58,6.13,0.0,80,49072,买盘
11:26:01,6.13,0.0,35,21455,买盘
11:26:04,6.14,0.01,90,55174,买盘
11:26:07,6.13,-0.01,1305,799965,卖盘
11:26:10,6.13,0.0,51,31274,买盘
11:26:13,6.13,0.0,63,38629,卖盘
11:26:16,6.13,0.0,77,47261,卖盘
11:26:22,6.13,0.0,132,80964,卖盘
11:26:25,6.14,0.01,169,103764,买盘
11:26:28,6.14,0.0,59,36225,买盘
11:26:31,6.13,-0.01,116,71109,卖盘
11:26:34,6.14,0.01,645,396025,买盘
11:26:37,6.14,0.0,59,36216,买盘
11:26:40,6.14,0.0,72,44208,买盘
11:26:43,6.14,0.0,72,44208,买盘
11:26:46,6.14,0.0,105,64458,买盘
11:26:49,6.13,-0.01,525,322340,卖盘
11:26:52,6.14,0.01,408,250512,买盘
11:26:55,6.14,0.0,269,165166,卖盘
11:26:58,6.15,0.01,148,90998,买盘
11:27:01,6.15,0.0,270,165867,买盘
11:27:04,6.15,0.0,71,43625,买盘
11:27:07,6.15,0.0,167,102644,买盘
11:27:10,6.15,0.0,138,84840,买盘
11:27:13,6.15,0.0,203,124716,买盘
11:27:16,6.15,0.0,104,63901,买盘
11:27:19,6.15,0.0,98,60241,买盘
11:27:22,6.14,-0.01,79,48583,卖盘
11:27:25,6.15,0.01,417,256117,买盘
11:27:28,6.15,0.0,73,44894,买盘
11:27:31,6.15,0.0,19,11685,买盘
11:27:34,6.15,0.0,286,175672,买盘
11:27:37,6.15,0.0,303,186250,买盘
11:27:40,6.15,0.0,409,251535,买盘
11:27:43,6.16,0.01,155,95378,买盘
11:27:46,6.15,-0.01,19,11695,中性盘
11:27:49,6.15,0.0,158,97189,卖盘
11:27:52,6.15,0.0,123,75634,买盘
11:27:55,6.15,0.0,70,43049,买盘
11:27:58,6.15,0.0,73,44895,买盘
11:28:01,6.14,-0.01,145,89161,卖盘
11:28:04,6.14,0.0,342,210070,卖盘
11:28:07,6.14,0.0,93,57181,卖盘
11:28:10,6.15,0.01,50,30740,买盘
11:28:13,6.14,-0.01,87,53418,卖盘
11:28:16,6.15,0.01,67,41203,买盘
11:28:19,6.15,0.0,132,81251,买盘
11:28:22,6.15,0.0,138,84706,买盘
11:28:25,6.14,-0.01,267,164204,卖盘
11:28:28,6.14,0.0,1150,706988,卖盘
11:28:31,6.15,0.01,136,83563,买盘
11:28:34,6.15,0.0,125,76800,买盘
11:28:37,6.15,0.0,134,82408,买盘
11:28:40,6.14,-0.01,206,126682,卖盘
11:28:43,6.14,0.0,294,180807,卖盘
11:28:46,6.15,0.01,123,75645,买盘
11:28:49,6.15,0.0,74,45546,买盘
11:28:52,6.15,0.0,62,38097,卖盘
11:28:55,6.15,0.0,30,18449,卖盘
11:28:58,6.15,0.0,153,93994,买盘
11:29:01,6.16,0.01,20,12287,买盘
11:29:04,6.15,-0.01,85,52275,卖盘
11:29:07,6.15,0.0,432,265444,买盘
11:29:10,6.16,0.01,86,52894,买盘
11:29:13,6.15,-0.01,475,292372,卖盘
11:29:16,6.15,0.0,285,175159,买盘
11:29:19,6.15,0.0,155,95322,买盘
11:29:22,6.15,0.0,116,71319,买盘
11:29:25,6.15,0.0,70,43031,买盘
11:29:28,6.14,-0.01,144,88518,卖盘
11:29:31,6.14,0.0,520,319627,卖盘
11:29:34,6.15,0.01,99,60627,买盘
11:29:37,6.16,0.01,123,75704,买盘
11:29:40,6.15,-0.01,20,12313,卖盘
11:29:43,6.15,0.0,11,6766,卖盘
11:29:46,6.15,0.0,222,136583,卖盘
11:29:49,6.16,0.01,625,384902,买盘
11:29:52,6.16,0.0,237,145580,买盘
11:29:55,6.16,0.0,96,59136,买盘
11:29:58,6.15,-0.01,261,160756,卖盘
11:30:01,6.15,0.0,29,17835,卖盘
13:00:01,6.16,0.01,3656,2250038,买盘
13:00:04,6.17,0.01,3170,1953027,买盘
13:00:07,6.16,-0.01,4586,2825197,卖盘
13:00:10,6.16,0.0,7910,4867049,卖盘
13:00:13,6.16,0.0,6915,4261045,卖盘
13:00:16,6.16,0.0,638,392377,卖盘
13:00:19,6.16,0.0,4343,2677534,买盘
13:00:22,6.16,0.0,777,478632,卖盘
13:00:25,6.16,0.0,113,69595,买盘
13:00:28,6.15,-0.01,247,152050,卖盘
13:00:31,6.14,-0.01,429,263677,卖盘
13:00:34,6.15,0.01,176,108240,买盘
13:00:37,6.15,0.0,62,38102,买盘
13:00:40,6.15,0.0,75,46121,买盘
13:00:43,6.15,0.0,89,54715,买盘
13:00:46,6.15,0.0,1992,1225080,买盘
13:00:49,6.15,0.0,726,446569,卖盘
13:00:52,6.15,0.0,381,234337,卖盘
13:00:55,6.15,0.0,106,65280,卖盘
13:00:58,6.16,0.01,263,161811,买盘
13:01:01,6.16,0.0,241,148339,买盘
13:01:04,6.16,0.0,264,162433,买盘
13:01:07,6.16,0.0,450,277182,买盘
13:01:10,6.16,0.0,268,165086,买盘
13:01:13,6.17,0.01,2373,1462031,买盘
13:01:16,6.17,0.0,246,151577,买盘
13:01:19,6.17,0.0,39,24063,买盘
13:01:22,6.17,0.0,12,7403,买盘
13:01:25,6.17,0.0,272,167694,买盘
13:01:28,6.17,0.0,120,74040,买盘
13:01:31,6.17,0.0,2855,1761558,买盘
13:01:34,6.18,0.01,150,92695,买盘
13:01:37,6.18,0.0,219,135342,买盘
13:01:40,6.18,0.0,667,412188,买盘
13:01:43,6.18,0.0,1600,987660,买盘
13:01:46,6.18,0.0,2904,1794671,买盘
13:01:49,6.18,0.0,203,125485,卖盘
13:01:52,6.18,0.0,2078,1284747,卖盘
13:01:55,6.18,0.0,328,202704,买盘
13:01:58,6.18,0.0,154,95172,买盘
13:02:01,6.18,0.0,349,215555,买盘
13:02:04,6.18,0.0,664,410347,买盘
13:02:07,6.18,0.0,624,385627,买盘
13:02:10,6.18,0.0,441,272495,买盘
13:02:13,6.18,0.0,136,84048,买盘
13:02:16,6.18,0.0,874,540132,买盘
13:02:19,6.18,0.0,523,323184,买盘
13:02:22,6.18,0.0,96,59328,买盘
13:02:25,6.18,0.0,356,220003,买盘
13:02:28,6.18,0.0,355,219390,买盘
13:02:31,6.18,0.0,3010,1858330,卖盘
13:02:34,6.18,0.0,732,452376,卖盘
13:02:37,6.18,0.0,178,110004,买盘
13:02:40,6.18,0.0,1189,734802,买盘
13:02:43,6.18,0.0,455,281097,买盘
13:02:46,6.18,0.0,251,155050,买盘
13:02:49,6.18,0.0,218,134661,买盘
13:02:52,6.18,0.0,1120,692153,买盘
13:02:55,6.18,0.0,1190,735735,卖盘
13:02:58,6.18,0.0,91,56234,买盘
13:03:01,6.17,-0.01,1498,924415,卖盘
13:03:04,6.17,0.0,3466,2138928,卖盘
13:03:07,6.17,0.0,819,505445,卖盘
13:03:10,6.17,0.0,913,563440,卖盘
13:03:13,6.16,-0.01,459,283214,卖盘
13:03:16,6.16,0.0,160,98605,卖盘
13:03:19,6.16,0.0,595,367054,卖盘
13:03:22,6.16,0.0,316,194716,卖盘
13:03:25,6.17,0.01,486,299384,买盘
13:03:28,6.16,-0.01,153,94258,卖盘
13:03:31,6.16,0.0,215,132493,卖盘
13:03:34,6.17,0.01,228,140522,买盘
13:03:37,6.16,-0.01,164,101045,卖盘
13:03:40,6.16,0.0,183,112773,卖盘
13:03:43,6.16,0.0,574,354019,卖盘
13:03:46,6.16,0.0,237,146021,卖盘
13:03:49,6.17,0.01,140,86321,买盘
13:03:52,6.17,0.0,203,125113,买盘
13:03:55,6.16,-0.01,235,144772,卖盘
13:03:58,6.16,0.0,211,129974,买盘
13:04:01,6.16,0.0,216,133055,买盘
13:04:04,6.16,0.0,158,97316,买盘
13:04:07,6.16,0.0,78,48048,买盘
13:04:10,6.16,0.0,2158,1327405,买盘
13:04:13,6.16,0.0,465,286428,买盘
13:04:16,6.14,-0.02,179,110075,卖盘
13:04:19,6.15,0.01,291,179075,买盘
13:04:22,6.15,0.0,1275,785034,卖盘
13:04:25,6.15,0.0,36,22159,卖盘
13:04:28,6.15,0.0,266,163821,卖盘
13:04:31,6.15,0.0,224,137760,卖盘
13:04:34,6.15,0.0,72,44280,买盘
13:04:37,6.15,0.0,16,9838,买盘
13:04:40,6.15,0.0,67,41197,买盘
13:04:43,6.14,-0.01,86,52804,卖盘
13:04:46,6.14,0.0,26,15968,卖盘
13:04:49,6.15,0.01,254,156209,买盘
13:04:52,6.15,0.0,11,6765,买盘
13:04:55,6.14,-0.01,287,176381,卖盘
13:04:58,6.14,0.0,236,145006,卖盘
13:05:01,6.14,0.0,797,489335,卖盘
13:05:04,6.13,-0.01,14,8595,卖盘
13:05:07,6.15,0.02,752,462206,买盘
13:05:10,6.14,-0.01,17,10438,买盘
13:05:13,6.14,0.0,246,150855,卖盘
13:05:16,6.14,0.0,251,154210,买盘
13:05:19,6.14,0.0,47,28881,卖盘
13:05:22,6.14,0.0,282,173147,卖盘
13:05:25,6.14,0.0,11,6751,买盘
13:05:28,6.13,-0.01,79,48445,卖盘
13:05:31,6.14,0.01,67,41137,买盘
13:05:34,6.14,0.0,89,54646,买盘
13:05:37,6.14,0.0,203,124514,买盘
13:05:40,6.14,0.0,656,402784,买盘
13:05:43,6.14,0.0,22,13507,买盘
13:05:46,6.13,-0.01,63,38659,卖盘
13:05:49,6.13,0.0,134,82191,卖盘
13:05:52,6.14,0.01,412,252655,买盘
13:05:55,6.13,-0.01,45,27597,卖盘
13:05:58,6.14,0.01,299,183346,买盘
13:06:01,6.14,0.0,29,17802,买盘
13:06:04,6.13,-0.01,517,316937,卖盘
13:06:07,6.14,0.01,93,57102,买盘
13:06:10,6.14,0.0,503,308494,买盘
13:06:13,6.14,0.0,39,23946,买盘
13:06:16,6.14,0.0,264,162091,买盘
13:06:19,6.13,-0.01,282,172953,卖盘
13:06:22,6.13,0.0,11,6752,卖盘
13:06:25,6.14,0.01,105,64439,买盘
13:06:28,6.13,-0.01,68,41688,卖盘
13:06:31,6.14,0.01,596,365903,买盘
13:06:34,6.13,-0.01,140,85925,卖盘
13:06:37,6.14,0.01,107,65645,买盘
13:06:40,6.14,0.0,57,34978,买盘
13:06:43,6.14,0.0,46,28241,买盘
13:06:46,6.14,0.0,65,39890,买盘
13:06:49,6.14,0.0,95,58330,买盘
13:06:52,6.13,-0.01,25,15325,卖盘
13:06:58,6.14,0.01,51,31284,买盘
13:07:01,6.13,-0.01,95,58328,卖盘
13:07:04,6.14,0.01,263,161284,买盘
13:07:07,6.14,0.0,66,40519,买盘
13:07:10,6.14,0.0,21,12874,买盘
13:07:13,6.14,0.0,100,61339,买盘
13:07:16,6.14,0.0,255,156568,买盘
13:07:19,6.14,0.0,48,29428,买盘
13:07:22,6.14,0.0,285,174989,买盘
13:07:25,6.14,0.0,53,32535,买盘
13:07:28,6.13,-0.01,121,74241,卖盘
13:07:31,6.14,0.01,81,49730,买盘
13:07:34,6.14,0.0,1044,641007,买盘
13:07:37,6.13,-0.01,581,356244,卖盘
13:07:40,6.13,0.0,211,129541,卖盘
13:07:43,6.14,0.01,66,40480,买盘
13:07:46,6.13,-0.01,172,105456,卖盘
13:07:49,6.14,0.01,44,27000,买盘
13:07:52,6.14,0.0,73,44815,买盘
13:07:55,6.14,0.0,17,10436,买盘
13:07:58,6.14,0.0,233,142886,买盘
13:08:01,6.14,0.0,455,279338,买盘
13:08:04,6.14,0.0,113,69329,买盘
13:08:07,6.14,0.0,118,72432,买盘
13:08:10,6.13,-0.01,420,257688,卖盘
13:08:13,6.14,0.01,363,222882,买盘
13:08:16,6.14,0.0,710,435436,买盘
13:08:19,6.14,0.0,474,290927,买盘
13:08:22,6.13,-0.01,166,101883,卖盘
13:08:25,6.14,0.01,117,71838,买盘
13:08:28,6.14,0.0,302,185189,买盘
13:08:31,6.14,0.0,385,236382,买盘
13:08:34,6.13,-0.01,36,22089,卖盘
13:08:37,6.14,0.01,305,187270,买盘
13:08:40,6.14,0.0,42,25788,卖盘
13:08:43,6.14,0.0,4,2456,卖盘
13:08:46,6.14,0.0,91,55891,卖盘
13:08:49,6.14,0.0,69,42384,卖盘
13:08:52,6.14,0.0,136,83556,卖盘
13:08:55,6.15,0.01,62,38070,买盘
13:08:58,6.15,0.0,832,511639,买盘
13:09:01,6.15,0.0,172,105755,买盘
13:09:04,6.14,-0.01,673,413867,卖盘
13:09:07,6.15,0.01,156,95880,买盘
13:09:10,6.15,0.0,139,85485,买盘
13:09:13,6.15,0.0,237,145649,买盘
13:09:16,6.14,-0.01,83,51044,卖盘
13:09:19,6.15,0.01,147,90307,买盘
13:09:22,6.14,-0.01,17,10454,卖盘
13:09:25,6.15,0.01,107,65805,买盘
13:09:28,6.15,0.0,30,18450,买盘
13:09:31,6.15,0.0,272,167077,买盘
13:09:34,6.15,0.0,232,142520,买盘
13:09:37,6.15,0.0,474,291145,买盘
13:09:40,6.15,0.0,1319,811121,买盘
13:09:43,6.15,0.0,2180,1340427,买盘
13:09:46,6.15,0.0,158,97170,卖盘
13:09:49,6.15,0.0,96,59047,卖盘
13:09:52,6.15,0.0,911,560256,卖盘
13:09:55,6.14,-0.01,972,597776,卖盘
13:09:58,6.15,0.01,167,102656,买盘
13:10:01,6.14,-0.01,569,349933,卖盘
13:10:04,6.15,0.01,122,75024,买盘
13:10:07,6.15,0.0,142,87330,买盘
13:10:10,6.14,-0.01,74,45464,卖盘
13:10:13,6.15,0.01,398,244709,买盘
13:10:16,6.15,0.0,150,92246,买盘
13:10:19,6.15,0.0,33,20295,买盘
13:10:22,6.15,0.0,281,172815,买盘
13:10:25,6.15,0.0,116,71340,买盘
13:10:28,6.15,0.0,641,394215,买盘
13:10:31,6.15,0.0,80,49200,买盘
13:10:34,6.15,0.0,129,79335,卖盘
13:10:37,6.15,0.0,245,150621,买盘
13:10:40,6.15,0.0,213,130995,买盘
13:10:43,6.15,0.0,21,12915,买盘
13:10:46,6.15,0.0,170,104549,买盘
13:10:49,6.14,-0.01,295,181421,卖盘
13:10:52,6.16,0.02,49,30165,买盘
13:10:55,6.16,0.0,112,68934,买盘
13:10:58,6.16,0.0,40,24610,买盘
13:11:01,6.16,0.0,589,362782,买盘
13:11:04,6.15,-0.01,121,74474,卖盘
13:11:07,6.16,0.01,552,340032,买盘
13:11:10,6.16,0.0,176,108321,买盘
13:11:13,6.16,0.0,62,38192,买盘
13:11:16,6.15,-0.01,16,9855,卖盘
13:11:19,6.15,0.0,74,45583,卖盘
13:11:22,6.15,0.0,65,40021,卖盘
13:11:25,6.16,0.01,162,99647,买盘
13:11:28,6.16,0.0,18,11079,买盘
13:11:31,6.16,0.0,150,92347,买盘
13:11:34,6.16,0.0,37,22772,买盘
13:11:37,6.16,0.0,71,43716,买盘
13:11:40,6.16,0.0,4411,2719062,买盘
13:11:43,6.16,0.0,15,9254,卖盘
13:11:46,6.17,0.01,96,59232,买盘
13:11:49,6.17,0.0,117,72099,买盘
13:11:52,6.16,-0.01,137,84392,卖盘
13:11:55,6.17,0.01,126,77672,买盘
13:11:58,6.17,0.0,87,53679,买盘
13:12:01,6.16,-0.01,1938,1195727,卖盘
13:12:04,6.17,0.01,312,192475,买盘
13:12:07,6.16,-0.01,1310,807106,卖盘
13:12:10,6.16,0.0,898,553168,买盘
13:12:13,6.16,0.0,98,60368,买盘
13:12:16,6.16,0.0,209,128738,买盘
13:12:19,6.16,0.0,120,73861,买盘
13:12:22,6.16,0.0,153,94247,买盘
13:12:25,6.16,0.0,179,110257,买盘
13:12:28,6.16,0.0,499,307384,卖盘
13:12:31,6.16,0.0,808,497695,买盘
13:12:34,6.16,0.0,181,111488,买盘
13:12:37,6.16,0.0,393,242080,买盘
13:12:40,6.16,0.0,132,81350,卖盘
13:12:43,6.17,0.01,101,62255,买盘
13:12:46,6.16,-0.01,320,197122,卖盘
13:12:49,6.16,0.0,51,31413,买盘
13:12:52,6.15,-0.01,345,212270,卖盘
13:12:55,6.16,0.01,167,102855,买盘
13:12:58,6.16,0.0,97,59752,买盘
13:13:01,6.16,0.0,370,227849,买盘
13:13:04,6.16,0.0,60,36937,买盘
13:13:07,6.16,0.0,50,30769,买盘
13:13:10,6.16,0.0,49,30169,买盘
13:13:13,6.16,0.0,373,229758,买盘
13:13:16,6.15,-0.01,84,51683,卖盘
13:13:19,6.16,0.01,96,59081,买盘
13:13:22,6.16,0.0,40,24621,买盘
13:13:25,6.16,0.0,113,69518,买盘
13:13:28,6.15,-0.01,498,306319,卖盘
13:13:31,6.15,0.0,320,196947,卖盘
13:13:34,6.15,0.0,3660,2250907,卖盘
13:13:37,6.15,0.0,945,580425,买盘
13:13:40,6.14,-0.01,150,92213,卖盘
13:13:43,6.15,0.01,1323,812348,买盘
13:13:46,6.14,-0.01,906,556407,卖盘
13:13:49,6.14,0.0,2248,1380318,卖盘
13:13:52,6.14,0.0,394,241774,买盘
13:13:55,6.14,0.0,517,317037,买盘
13:13:58,6.13,-0.01,71,43560,卖盘
13:14:01,6.14,0.01,16,9814,买盘
13:14:04,6.13,-0.01,81,49681,卖盘
13:14:07,6.13,0.0,678,416060,卖盘
13:14:10,6.13,0.0,373,228687,卖盘
13:14:13,6.13,0.0,203,124502,卖盘
13:14:16,6.13,0.0,387,237583,卖盘
13:14:19,6.13,0.0,58,35562,卖盘
13:14:22,6.13,0.0,503,308370,卖盘
13:14:25,6.13,0.0,159,97505,卖盘
13:14:28,6.13,0.0,149,91477,卖盘
13:14:31,6.13,0.0,226,138578,卖盘
13:14:34,6.14,0.01,106,65032,买盘
13:14:37,6.14,0.0,759,466016,买盘
13:14:40,6.14,0.0,215,132006,买盘
13:14:43,6.14,0.0,178,109292,买盘
13:14:46,6.14,0.0,77,47278,买盘
13:14:49,6.14,0.0,24,14735,买盘
13:14:52,6.14,0.0,29,17806,买盘
13:14:55,6.14,0.0,625,383736,买盘
13:14:58,6.13,-0.01,104,63805,卖盘
13:15:01,6.13,0.0,227,139360,卖盘
13:15:04,6.14,0.01,75,46000,买盘
13:15:07,6.14,0.0,508,311412,买盘
13:15:10,6.14,0.0,270,165778,买盘
13:15:13,6.14,0.0,351,215179,买盘
13:15:16,6.13,-0.01,224,137359,卖盘
13:15:19,6.14,0.01,755,463516,买盘
13:15:22,6.14,0.0,188,115406,买盘
13:15:25,6.13,-0.01,31,19003,卖盘
13:15:28,6.14,0.01,33,20262,买盘
13:15:31,6.14,0.0,8,4912,买盘
13:15:34,6.13,-0.01,140,85879,卖盘
13:15:37,6.14,0.01,93,57099,买盘
13:15:40,6.14,0.0,139,85239,买盘
13:15:43,6.14,0.0,66,40501,买盘
13:15:46,6.14,0.0,397,243435,买盘
13:15:49,6.14,0.0,90,55254,买盘
13:15:52,6.14,0.0,138,84732,买盘
13:15:55,6.13,-0.01,162,99342,卖盘
13:15:58,6.14,0.01,89,54626,买盘
13:16:01,6.14,0.0,100,61390,买盘
13:16:04,6.14,0.0,80,49114,买盘
13:16:07,6.14,0.0,90,55250,买盘
13:16:10,6.13,-0.01,4819,2954059,卖盘
13:16:13,6.13,0.0,333,204129,买盘
13:16:16,6.12,-0.01,544,333018,卖盘
13:16:19,6.12,0.0,1169,716539,卖盘
13:16:22,6.12,0.0,417,255574,卖盘
13:16:25,6.12,0.0,535,327850,卖盘
13:16:28,6.12,0.0,245,149972,卖盘
13:16:31,6.13,0.01,222,135906,买盘
13:16:34,6.13,0.0,447,273998,买盘
13:16:37,6.13,0.0,99,60673,买盘
13:16:40,6.12,-0.01,89,54484,卖盘
13:16:43,6.12,0.0,256,156722,卖盘
13:16:46,6.12,0.0,154,94253,卖盘
13:16:49,6.12,0.0,120,73485,卖盘
13:16:52,6.13,0.01,187,114452,买盘
13:16:55,6.13,0.0,414,253607,买盘
13:16:58,6.11,-0.02,5062,3097950,卖盘
13:17:01,6.11,0.0,1552,948649,卖盘
13:17:04,6.11,0.0,579,353874,卖盘
13:17:07,6.12,0.01,310,189448,买盘
13:17:10,6.12,0.0,1167,713045,买盘
13:17:13,6.11,-0.01,262,160165,卖盘
13:17:16,6.11,0.0,270,164971,卖盘
13:17:19,6.11,0.0,309,188893,卖盘
13:17:22,6.11,0.0,333,203487,卖盘
13:17:25,6.12,0.01,603,368500,买盘
13:17:28,6.12,0.0,483,295472,买盘
13:17:31,6.12,0.0,1545,944708,买盘
13:17:34,6.12,0.0,88,53856,买盘
13:17:37,6.11,-0.01,176,107536,卖盘
13:17:40,6.11,0.0,360,220030,卖盘
13:17:43,6.11,0.0,609,372133,卖盘
13:17:46,6.11,0.0,115,70270,卖盘
13:17:49,6.12,0.01,1099,671510,买盘
13:17:52,6.12,0.0,1178,720027,买盘
13:17:55,6.11,-0.01,1649,1007539,卖盘
13:17:58,6.12,0.01,1193,729933,买盘
13:18:01,6.11,-0.01,77,47047,卖盘
13:18:04,6.11,0.0,69,42159,买盘
13:18:07,6.11,0.0,542,330922,买盘
13:18:10,6.11,0.0,390,237980,买盘
13:18:13,6.11,0.0,587,358287,买盘
13:18:16,6.1,-0.01,1368,835031,卖盘
13:18:19,6.1,0.0,145,88502,卖盘
13:18:22,6.1,0.0,182,111146,卖盘
13:18:25,6.11,0.01,128,78102,买盘
13:18:28,6.1,-0.01,327,199480,卖盘
13:18:31,6.1,0.0,576,351515,卖盘
13:18:34,6.11,0.01,224,136778,买盘
13:18:37,6.1,-0.01,409,249645,卖盘
13:18:40,6.1,0.0,528,322146,卖盘
13:18:43,6.1,0.0,501,305610,卖盘
13:18:46,6.11,0.01,432,263735,买盘
13:18:49,6.11,0.0,1531,935279,买盘
13:18:52,6.11,0.0,3472,2117932,买盘
13:18:55,6.11,0.0,2909,1774525,买盘
13:18:58,6.1,-0.01,220,134342,卖盘
13:19:01,6.1,0.0,875,534142,卖盘
13:19:04,6.1,0.0,2243,1368234,卖盘
13:19:07,6.1,0.0,480,292815,卖盘
13:19:10,6.1,0.0,644,392975,卖盘
13:19:13,6.1,0.0,2439,1487809,卖盘
13:19:16,6.1,0.0,147,89569,买盘
13:19:19,6.09,-0.01,1082,659149,卖盘
13:19:22,6.09,0.0,74,45133,卖盘
13:19:25,6.09,0.0,153,93236,卖盘
13:19:28,6.09,0.0,118,71865,卖盘
13:19:31,6.09,0.0,975,594161,卖盘
13:19:34,6.1,0.01,1110,677003,买盘
13:19:37,6.1,0.0,144,87815,买盘
13:19:40,6.09,-0.01,271,165194,卖盘
13:19:43,6.09,0.0,202,123120,卖盘
13:19:46,6.1,0.01,49,29871,买盘
13:19:49,6.09,-0.01,166,101158,卖盘
13:19:52,6.1,0.01,422,257083,买盘
13:19:55,6.1,0.0,235,143173,买盘
13:19:58,6.1,0.0,508,309577,买盘
13:20:01,6.1,0.0,9,5487,买盘
13:20:04,6.1,0.0,87,53018,买盘
13:20:07,6.09,-0.01,400,243710,卖盘
13:20:10,6.09,0.0,450,274124,卖盘
13:20:13,6.09,0.0,35,21339,卖盘
13:20:16,6.09,0.0,205,124887,卖盘
13:20:19,6.09,0.0,288,175411,卖盘
13:20:22,6.1,0.01,281,171195,买盘
13:20:25,6.09,-0.01,136,82866,卖盘
13:20:28,6.1,0.01,79,48184,买盘
13:20:31,6.1,0.0,66,40238,买盘
13:20:34,6.1,0.0,79,48140,买盘
13:20:37,6.1,0.0,194,118340,买盘
13:20:40,6.1,0.0,39,23789,买盘
13:20:43,6.1,0.0,311,189695,买盘
13:20:46,6.09,-0.01,36,21938,卖盘
13:20:49,6.1,0.01,163,99354,买盘
13:20:52,6.09,-0.01,414,252226,卖盘
13:20:55,6.1,0.01,396,241560,买盘
13:20:58,6.1,0.0,177,107885,买盘
13:21:01,6.1,0.0,26,15844,买盘
13:21:04,6.1,0.0,21,12808,买盘
13:21:07,6.09,-0.01,179,109018,卖盘
13:21:10,6.1,0.01,256,155934,买盘
13:21:13,6.1,0.0,1141,695923,买盘
13:21:16,6.09,-0.01,570,347228,卖盘
13:21:19,6.1,0.01,43,26230,买盘
13:21:22,6.09,-0.01,148,90195,卖盘
13:21:25,6.09,0.0,285,173792,卖盘
13:21:28,6.09,0.0,2863,1743571,卖盘
13:21:31,6.1,0.01,3,1829,买盘
13:21:34,6.1,0.0,347,211470,买盘
13:21:37,6.09,-0.01,229,139628,卖盘
13:21:40,6.1,0.01,265,161411,买盘
13:21:43,6.1,0.0,1426,868472,买盘
13:21:46,6.1,0.0,623,379772,买盘
13:21:49,6.1,0.0,720,439146,买盘
13:21:52,6.09,-0.01,51,31105,卖盘
13:21:55,6.1,0.01,138,84175,买盘
13:21:58,6.1,0.0,234,142647,买盘
13:22:01,6.09,-0.01,4396,2677164,卖盘
13:22:04,6.09,0.0,477,290493,买盘
13:22:07,6.08,-0.01,290,176413,卖盘
13:22:10,6.09,0.01,44,26792,买盘
13:22:13,6.09,0.0,81,49255,买盘
13:22:16,6.09,0.0,15,9127,买盘
13:22:19,6.09,0.0,180,109590,买盘
13:22:22,6.08,-0.01,1619,985805,卖盘
13:22:25,6.08,0.0,351,213558,卖盘
13:22:28,6.09,0.01,258,156976,买盘
13:22:31,6.08,-0.01,705,429234,卖盘
13:22:34,6.09,0.01,73,44419,买盘
13:22:37,6.09,0.0,51,31037,买盘
13:22:40,6.09,0.0,88,53561,买盘
13:22:43,6.09,0.0,1778,1081122,买盘
13:22:46,6.09,0.0,61,37110,买盘
13:22:49,6.09,0.0,121,73627,买盘
13:22:52,6.08,-0.01,2253,1369920,卖盘
13:22:55,6.08,0.0,115,69973,卖盘
13:22:58,6.08,0.0,1916,1165295,卖盘
13:23:01,6.08,0.0,376,228616,卖盘
13:23:04,6.08,0.0,853,518687,卖盘
13:23:07,6.08,0.0,1388,843925,卖盘
13:23:10,6.08,0.0,70,42550,买盘
13:23:13,6.08,0.0,853,518050,买盘
13:23:16,6.07,-0.01,255,154907,卖盘
13:23:19,6.07,0.0,1823,1107211,卖盘
13:23:22,6.07,0.0,38,23077,卖盘
13:23:25,6.07,0.0,1516,920362,卖盘
13:23:28,6.07,0.0,120,72852,卖盘
13:23:31,6.07,0.0,668,405630,卖盘
13:23:34,6.07,0.0,323,196181,卖盘
13:23:37,6.07,0.0,425,257985,卖盘
13:23:40,6.08,0.01,170,103237,买盘
13:23:43,6.08,0.0,233,141451,买盘
13:23:46,6.08,0.0,129,78330,买盘
13:23:49,6.07,-0.01,545,330970,卖盘
13:23:52,6.07,0.0,281,170569,卖盘
13:23:55,6.08,0.01,108,65594,买盘
13:23:58,6.07,-0.01,474,287788,卖盘
13:24:01,6.08,0.01,101,61328,买盘
13:24:04,6.07,-0.01,412,250086,卖盘
13:24:07,6.07,0.0,314,190750,卖盘
13:24:10,6.07,0.0,1373,833413,卖盘
13:24:13,6.07,0.0,956,580407,卖盘
13:24:16,6.07,0.0,166,100808,卖盘
13:24:19,6.08,0.01,234,142072,买盘
13:24:22,6.07,-0.01,970,588805,卖盘
13:24:25,6.07,0.0,108,65568,买盘
13:24:28,6.07,0.0,284,172398,卖盘
13:24:31,6.07,0.0,125,75874,买盘
13:24:34,6.07,0.0,920,558396,买盘
13:24:37,6.07,0.0,403,244871,买盘
13:24:40,6.07,0.0,294,178471,卖盘
13:24:43,6.07,0.0,1057,640824,买盘
13:24:46,6.08,0.01,174,105730,买盘
13:24:49,6.07,-0.01,266,161588,卖盘
13:24:52,6.08,0.01,95,57697,买盘
13:24:55,6.08,0.0,1258,764741,买盘
13:24:58,6.08,0.0,332,201770,买盘
13:25:01,6.07,-0.01,172,104480,卖盘
13:25:04,6.07,0.0,90,54674,卖盘
13:25:07,6.07,0.0,275,166949,卖盘
13:25:10,6.07,0.0,183,111193,卖盘
13:25:13,6.07,0.0,542,329445,卖盘
13:25:16,6.07,0.0,22,13365,卖盘
13:25:19,6.08,0.01,324,196749,买盘
13:25:22,6.08,0.0,589,357637,买盘
13:25:25,6.08,0.0,129,78323,买盘
13:25:28,6.08,0.0,241,146379,买盘
13:25:31,6.08,0.0,21,12767,买盘
13:25:34,6.08,0.0,182,110528,买盘
13:25:37,6.08,0.0,241,146519,买盘
13:25:40,6.08,0.0,2896,1760672,买盘
13:25:43,6.07,-0.01,364,221165,卖盘
13:25:46,6.08,0.01,2,1216,买盘
13:25:49,6.08,0.0,372,226152,卖盘
13:25:52,6.08,0.0,22,13394,卖盘
13:25:55,6.09,0.01,79,48092,买盘
13:25:58,6.09,0.0,281,170904,买盘
13:26:01,6.08,-0.01,148,90069,卖盘
13:26:04,6.09,0.01,75,45630,买盘
13:26:07,6.09,0.0,406,247225,买盘
13:26:10,6.09,0.0,77,46873,买盘
13:26:13,6.09,0.0,221,134555,买盘
13:26:16,6.09,0.0,311,189370,买盘
13:26:19,6.09,0.0,110,66981,买盘
13:26:22,6.09,0.0,185,112624,买盘
13:26:25,6.09,0.0,78,47496,买盘
13:26:28,6.09,0.0,319,194271,买盘
13:26:31,6.09,0.0,351,213758,买盘
13:26:34,6.1,0.01,1155,703482,买盘
13:26:37,6.09,-0.01,16,9750,卖盘
13:26:40,6.1,0.01,998,608706,买盘
13:26:43,6.1,0.0,151,92110,买盘
13:26:46,6.09,-0.01,71,43307,卖盘
13:26:49,6.1,0.01,138,84164,买盘
13:26:52,6.11,0.01,2753,1679266,买盘
13:26:55,6.11,0.0,94,57368,买盘
13:26:58,6.11,0.0,163,99518,买盘
13:27:01,6.11,0.0,679,414859,买盘
13:27:04,6.11,0.0,808,493629,买盘
13:27:07,6.1,-0.01,281,171659,卖盘
13:27:10,6.11,0.01,183,111791,买盘
13:27:13,6.12,0.01,69,42166,买盘
13:27:16,6.11,-0.01,80,48959,卖盘
13:27:19,6.12,0.01,518,317012,买盘
13:27:22,6.12,0.0,122,74663,买盘
13:27:25,6.12,0.0,832,508759,买盘
13:27:28,6.12,0.0,52,31804,买盘
13:27:31,6.12,0.0,562,343943,买盘
13:27:34,6.12,0.0,741,453342,买盘
13:27:37,6.12,0.0,1,612,卖盘
13:27:40,6.13,0.01,287,175895,买盘
13:27:43,6.13,0.0,269,164891,买盘
13:27:46,6.13,0.0,197,120751,买盘
13:27:49,6.13,0.0,75,45927,买盘
13:27:52,6.13,0.0,1183,724461,买盘
13:27:55,6.13,0.0,1182,724461,买盘
13:27:58,6.13,0.0,409,250559,买盘
13:28:01,6.13,0.0,542,332101,买盘
13:28:04,6.13,0.0,125,76600,买盘
13:28:07,6.13,0.0,66,40438,买盘
13:28:10,6.13,0.0,186,113937,买盘
13:28:13,6.13,0.0,625,383025,买盘
13:28:16,6.12,-0.01,112,68595,卖盘
13:28:19,6.12,0.0,246,150603,卖盘
13:28:22,6.13,0.01,1266,775990,买盘
13:28:25,6.13,0.0,1763,1080725,卖盘
13:28:28,6.13,0.0,333,204254,卖盘
13:28:31,6.13,0.0,708,434152,卖盘
13:28:34,6.13,0.0,251,154021,卖盘
13:28:37,6.14,0.01,105,64455,买盘
13:28:40,6.13,-0.01,846,519059,卖盘
13:28:43,6.14,0.01,1002,615085,买盘
13:28:46,6.13,-0.01,125,76749,卖盘
13:28:49,6.14,0.01,158,96997,买盘
13:28:52,6.14,0.0,135,82811,买盘
13:28:55,6.14,0.0,207,126987,买盘
13:28:58,6.14,0.0,422,259108,买盘
13:29:01,6.13,-0.01,747,457952,卖盘
13:29:04,6.13,0.0,102,62512,买盘
13:29:07,6.13,0.0,461,282587,买盘
13:29:10,6.13,0.0,38,23294,买盘
13:29:13,6.13,0.0,159,97416,买盘
13:29:16,6.13,0.0,880,539366,买盘
13:29:19,6.13,0.0,163,99919,卖盘
13:29:22,6.13,0.0,320,196474,卖盘
13:29:25,6.13,0.0,24,14714,卖盘
13:29:28,6.13,0.0,246,150988,卖盘
13:29:31,6.14,0.01,93,57042,买盘
13:29:34,6.13,-0.01,180,110488,卖盘
13:29:37,6.14,0.01,153,93890,买盘
13:29:40,6.14,0.0,424,260068,买盘
13:29:43,6.13,-0.01,309,189503,卖盘
13:29:46,6.13,0.0,388,238140,卖盘
13:29:49,6.13,0.0,67,41082,卖盘
13:29:52,6.13,0.0,75,46006,卖盘
13:29:55,6.13,0.0,98,60091,卖盘
13:29:58,6.13,0.0,30,18406,卖盘
13:30:01,6.13,0.0,160,98162,卖盘
13:30:04,6.14,0.01,20,12280,买盘
13:30:07,6.14,0.0,154,94526,买盘
13:30:10,6.13,-0.01,167,102436,卖盘
13:30:13,6.13,0.0,141,86528,卖盘
13:30:16,6.13,0.0,2465,1511202,卖盘
13:30:19,6.14,0.01,371,227559,买盘
13:30:22,6.14,0.0,90,55247,买盘
13:30:25,6.13,-0.01,666,408258,卖盘
13:30:28,6.14,0.01,1027,630435,买盘
13:30:31,6.13,-0.01,156,95630,卖盘
13:30:34,6.13,0.0,532,326389,卖盘
13:30:37,6.14,0.01,834,511664,买盘
13:30:40,6.14,0.0,246,151034,买盘
13:30:43,6.13,-0.01,16,9808,卖盘
13:30:46,6.13,0.0,231,141591,买盘
13:30:49,6.13,0.0,1136,697425,卖盘
13:30:52,6.13,0.0,149,91339,卖盘
13:30:55,6.13,0.0,126,77312,卖盘
13:30:58,6.14,0.01,1243,763156,买盘
13:31:01,6.14,0.0,259,158682,买盘
13:31:04,6.14,0.0,143,87799,买盘
13:31:07,6.13,-0.01,63,38623,卖盘
13:31:10,6.14,0.01,1240,761339,买盘
13:31:13,6.14,0.0,34,20876,买盘
13:31:16,6.14,0.0,119,73065,买盘
13:31:19,6.14,0.0,364,223475,买盘
13:31:22,6.13,-0.01,21,12883,卖盘
13:31:25,6.14,0.01,148,90855,买盘
13:31:28,6.14,0.0,585,359190,买盘
13:31:31,6.13,-0.01,520,319180,卖盘
13:31:34,6.14,0.01,67,41137,买盘
13:31:37,6.15,0.01,2057,1263333,买盘
13:31:40,6.14,-0.01,30,18420,中性盘
13:31:43,6.14,0.0,291,178710,卖盘
13:31:46,6.14,0.0,46,28244,买盘
13:31:49,6.14,0.0,107,65698,买盘
13:31:52,6.13,-0.01,72,44188,卖盘
13:31:55,6.14,0.01,407,249894,买盘
13:31:58,6.14,0.0,1247,765658,买盘
13:32:01,6.14,0.0,162,99549,卖盘
13:32:04,6.14,0.0,357,219198,卖盘
13:32:07,6.14,0.0,559,343226,买盘
13:32:10,6.14,0.0,109,66906,买盘
