成交时间,成交价格,价格变动,成交量,成交金额,性质
09:25:05,9.09,0.0,2052,1865268,卖盘
09:30:01,9.14,0.05,536,488228,买盘
09:30:04,9.13,-0.01,461,421471,卖盘
09:30:07,9.19,0.06,237,216721,买盘
09:30:10,9.19,0.0,195,179242,卖盘
09:30:13,9.25,0.06,308,283196,买盘
09:30:16,9.29,0.04,163,151273,买盘
09:30:19,9.3,0.01,164,152390,买盘
09:30:22,9.32,0.02,479,444973,买盘
09:30:25,9.33,0.01,113,105447,中性盘
09:30:28,9.35,0.02,556,518987,卖盘
09:30:31,9.32,-0.03,52,48464,中性盘
09:30:34,9.38,0.06,449,418418,买盘
09:30:37,9.29,-0.09,561,524045,卖盘
09:30:40,9.26,-0.03,503,466873,卖盘
09:30:43,9.3,0.04,347,322523,买盘
09:30:46,9.25,-0.05,591,549244,卖盘
09:30:49,9.26,0.01,239,221833,中性盘
09:30:52,9.25,-0.01,219,203093,卖盘
09:30:55,9.25,0.0,237,219932,卖盘
09:30:58,9.25,0.0,201,186141,卖盘
09:31:01,9.28,0.03,223,207121,卖盘
09:31:04,9.29,0.01,290,268911,买盘
09:31:07,9.31,0.02,436,405782,买盘
09:31:10,9.33,0.02,177,164799,买盘
09:31:13,9.35,0.02,251,234266,买盘
09:31:16,9.35,0.0,119,111057,买盘
09:31:19,9.38,0.03,342,320010,买盘
09:31:22,9.35,-0.03,234,219754,卖盘
09:31:25,9.39,0.04,170,159323,买盘
09:31:28,9.38,-0.01,161,151507,卖盘
09:31:31,9.38,0.0,250,234713,卖盘
09:31:34,9.35,-0.03,510,478685,卖盘
09:31:37,9.39,0.04,502,470323,买盘
09:31:40,9.38,-0.01,250,235019,卖盘
09:31:43,9.4,0.02,200,187209,买盘
09:31:46,9.39,-0.01,159,149355,卖盘
09:31:49,9.39,0.0,428,402249,卖盘
09:31:52,9.39,0.0,671,630599,卖盘
09:31:55,9.4,0.01,302,283367,买盘
09:31:58,9.44,0.04,325,306353,买盘
09:32:01,9.41,-0.03,178,167642,中性盘
09:32:04,9.49,0.08,1026,969293,买盘
09:32:07,9.43,-0.06,78,73603,买盘
09:32:10,9.46,0.03,467,443053,买盘
09:32:13,9.48,0.02,86,81281,中性盘
09:32:16,9.5,0.02,195,184985,买盘
09:32:19,9.49,-0.01,142,134838,中性盘
09:32:22,9.5,0.01,203,193025,买盘
09:32:25,9.49,-0.01,470,445908,卖盘
09:32:28,9.46,-0.03,204,193492,卖盘
09:32:31,9.46,0.0,218,206638,卖盘
09:32:34,9.46,0.0,260,246310,卖盘
09:32:37,9.43,-0.03,339,320622,卖盘
09:32:40,9.46,0.03,137,129543,买盘
09:32:43,9.45,-0.01,50,47229,中性盘
09:32:46,9.45,0.0,286,270156,买盘
09:32:49,9.43,-0.02,195,183748,卖盘
09:32:52,9.43,0.0,150,141565,卖盘
09:32:55,9.41,-0.02,354,333714,卖盘
09:32:58,9.45,0.04,187,176493,买盘
09:33:01,9.41,-0.04,199,187583,卖盘
09:33:04,9.45,0.04,528,497309,买盘
09:33:07,9.42,-0.03,115,108601,中性盘
09:33:10,9.44,0.02,299,282329,买盘
09:33:13,9.45,0.01,470,444229,买盘
09:33:16,9.47,0.02,571,541779,买盘
09:33:19,9.47,0.0,12,11364,卖盘
09:33:22,9.49,0.02,115,109133,买盘
09:33:25,9.49,0.0,155,147102,买盘
09:33:28,9.49,0.0,39,37001,卖盘
09:33:31,9.49,0.0,113,107290,买盘
09:33:34,9.48,-0.01,306,290193,卖盘
09:33:37,9.49,0.01,172,163690,买盘
09:33:40,9.47,-0.02,268,254095,卖盘
09:33:43,9.44,-0.03,214,202312,卖盘
09:33:46,9.46,0.02,81,76648,中性盘
09:33:49,9.46,0.0,331,313292,买盘
09:33:52,9.44,-0.02,155,146652,买盘
09:33:55,9.46,0.02,314,296943,买盘
09:33:58,9.46,0.0,108,102187,卖盘
09:34:01,9.45,-0.01,318,300631,卖盘
09:34:04,9.46,0.01,45,42568,买盘
09:34:07,9.43,-0.03,284,268099,卖盘
09:34:10,9.44,0.01,94,88731,买盘
09:34:13,9.43,-0.01,293,276182,卖盘
09:34:16,9.43,0.0,41,38958,卖盘
09:34:19,9.42,-0.01,110,103625,卖盘
09:34:22,9.41,-0.01,53,49900,卖盘
09:34:25,9.4,-0.01,32,30108,卖盘
09:34:28,9.4,0.0,288,270718,卖盘
09:34:31,9.39,-0.01,41,38541,卖盘
09:34:34,9.39,0.0,136,127748,卖盘
09:34:37,9.38,-0.01,59,55400,卖盘
09:34:40,9.38,0.0,161,150988,卖盘
09:34:43,9.38,0.0,202,189518,买盘
09:34:46,9.38,0.0,50,47046,卖盘
09:34:49,9.38,0.0,29,27119,卖盘
09:34:52,9.39,0.01,97,91076,买盘
09:34:55,9.38,-0.01,252,236218,卖盘
09:34:58,9.38,0.0,51,47836,卖盘
09:35:01,9.37,-0.01,247,231705,卖盘
09:35:04,9.38,0.01,93,87214,买盘
09:35:07,9.38,0.0,72,67517,买盘
09:35:10,9.37,-0.01,38,35606,买盘
09:35:13,9.37,0.0,49,45871,买盘
09:35:16,9.38,0.01,182,170553,买盘
09:35:19,9.37,-0.01,89,83379,卖盘
09:35:22,9.37,0.0,238,222937,买盘
09:35:25,9.36,-0.01,144,134873,卖盘
09:35:28,9.38,0.02,498,466637,买盘
09:35:31,9.37,-0.01,467,437724,卖盘
09:35:34,9.37,0.0,181,169277,卖盘
09:35:37,9.37,0.0,235,220199,卖盘
09:35:40,9.37,0.0,93,87142,卖盘
09:35:43,9.36,-0.01,26,24449,卖盘
09:35:46,9.37,0.01,63,58937,买盘
09:35:49,9.36,-0.01,163,152823,卖盘
09:35:52,9.36,0.0,202,189270,卖盘
09:35:55,9.37,0.01,118,110548,买盘
09:35:58,9.36,-0.01,103,96425,卖盘
09:36:01,9.37,0.01,463,433476,买盘
09:36:04,9.36,-0.01,100,93600,卖盘
09:36:07,9.36,0.0,353,330455,卖盘
09:36:10,9.35,-0.01,342,320347,卖盘
09:36:13,9.35,0.0,28,26195,卖盘
09:36:16,9.35,0.0,147,137448,卖盘
09:36:19,9.35,0.0,21,19644,中性盘
09:36:22,9.34,-0.01,187,174793,卖盘
09:36:25,9.34,0.0,83,77542,卖盘
09:36:28,9.33,-0.01,7,6532,卖盘
09:36:31,9.33,0.0,299,279054,卖盘
09:36:34,9.34,0.01,568,530629,买盘
09:36:37,9.39,0.05,1692,1585197,买盘
09:36:40,9.41,0.02,790,742324,买盘
09:36:43,9.41,0.0,210,196779,卖盘
09:36:46,9.44,0.03,176,165849,买盘
09:36:49,9.42,-0.02,175,164960,卖盘
09:36:52,9.43,0.01,2,1886,卖盘
09:36:55,9.44,0.01,18,16979,买盘
09:36:58,9.42,-0.02,281,265033,卖盘
09:37:01,9.44,0.02,124,117003,买盘
09:37:04,9.44,0.0,25,23600,卖盘
09:37:07,9.43,-0.01,36,33971,卖盘
09:37:10,9.45,0.02,10,9441,买盘
09:37:13,9.43,-0.02,19,17911,中性盘
09:37:16,9.42,-0.01,18,16967,卖盘
09:37:19,9.42,0.0,29,27332,卖盘
09:37:22,9.42,0.0,35,32978,买盘
09:37:25,9.42,0.0,215,202125,买盘
09:37:28,9.4,-0.02,53,49823,卖盘
09:37:31,9.37,-0.03,498,466662,卖盘
09:37:34,9.4,0.03,123,115381,买盘
09:37:40,9.36,-0.04,16,14993,卖盘
09:37:43,9.36,0.0,32,30041,卖盘
09:37:46,9.37,0.01,20,18739,中性盘
09:37:49,9.36,-0.01,103,96597,卖盘
09:37:52,9.36,0.0,120,112458,卖盘
09:37:55,9.36,0.0,23,21591,卖盘
09:37:58,9.36,0.0,47,43992,卖盘
09:38:01,9.36,0.0,82,76772,卖盘
09:38:04,9.36,0.0,24,22480,卖盘
09:38:07,9.36,0.0,229,214089,卖盘
09:38:10,9.39,0.03,15,14054,买盘
09:38:13,9.39,0.0,166,154939,买盘
09:38:16,9.36,-0.03,80,74970,卖盘
09:38:19,9.39,0.03,14,13134,买盘
09:38:22,9.37,-0.02,58,54346,中性盘
09:38:25,9.42,0.05,508,477637,买盘
09:38:28,9.41,-0.01,11,10351,卖盘
09:38:31,9.43,0.02,14,13195,买盘
09:38:34,9.43,0.0,15,14145,买盘
09:38:37,9.43,0.0,176,165636,买盘
09:38:40,9.44,0.01,129,121726,买盘
09:38:43,9.44,0.0,42,39626,买盘
09:38:46,9.44,0.0,14,13209,买盘
09:38:49,9.44,0.0,15,14162,买盘
09:38:52,9.43,-0.01,12,11320,卖盘
09:38:55,9.45,0.02,207,195488,买盘
09:38:58,9.45,0.0,594,561432,买盘
09:39:01,9.47,0.02,37,34716,买盘
09:39:04,9.48,0.01,1165,1104293,买盘
09:39:07,9.5,0.02,364,345304,买盘
09:39:10,9.51,0.01,1914,1818811,买盘
09:39:13,9.54,0.03,206,196158,买盘
09:39:16,9.55,0.01,198,188968,买盘
09:39:19,9.55,0.0,71,67792,买盘
09:39:22,9.6,0.05,457,437038,买盘
09:39:25,9.66,0.06,276,265857,买盘
09:39:28,9.66,0.0,55,53128,买盘
09:39:31,9.72,0.06,553,535492,买盘
09:39:34,9.68,-0.04,657,636675,卖盘
09:39:37,9.73,0.05,1764,1730348,买盘
09:39:40,9.83,0.1,139,136367,中性盘
09:39:43,9.84,0.01,242,237983,买盘
09:39:46,9.85,0.01,147,144867,买盘
09:39:49,9.85,0.0,794,777786,卖盘
09:39:52,9.83,-0.02,436,428611,卖盘
09:39:55,9.85,0.02,815,802782,买盘
09:39:58,9.84,-0.01,757,744918,卖盘
09:40:01,9.83,-0.01,324,318333,中性盘
09:40:04,9.84,0.01,539,530342,买盘
09:40:07,9.73,-0.11,86,83718,卖盘
09:40:10,9.72,-0.01,124,120515,卖盘
09:40:13,9.73,0.01,237,230504,买盘
09:40:16,9.73,0.0,75,73145,卖盘
09:40:19,9.73,0.0,157,153343,买盘
09:40:22,9.72,-0.01,174,169209,卖盘
09:40:25,9.78,0.06,249,243526,买盘
09:40:28,9.73,-0.05,132,128631,卖盘
09:40:31,9.78,0.05,184,179649,买盘
09:40:34,9.78,0.0,149,145562,买盘
09:40:37,9.78,0.0,281,274634,买盘
09:40:40,9.78,0.0,340,332395,买盘
09:40:43,9.76,-0.02,215,209424,中性盘
09:40:46,9.75,-0.01,64,62441,中性盘
09:40:49,9.75,0.0,128,124643,买盘
09:40:52,9.74,-0.01,350,340827,卖盘
09:40:55,9.73,-0.01,304,296113,卖盘
09:40:58,9.73,0.0,92,89529,卖盘
09:41:01,9.72,-0.01,241,234232,卖盘
09:41:04,9.72,0.0,84,81615,买盘
09:41:07,9.7,-0.02,220,213415,卖盘
09:41:10,9.72,0.02,545,529205,买盘
09:41:13,9.74,0.02,55,53639,买盘
09:41:16,9.74,0.0,424,412552,买盘
09:41:19,9.73,-0.01,153,148438,卖盘
09:41:22,9.74,0.01,132,128160,买盘
09:41:25,9.74,0.0,151,147116,卖盘
09:41:28,9.73,-0.01,245,239041,卖盘
09:41:31,9.74,0.01,88,85691,买盘
09:41:34,9.73,-0.01,124,120752,卖盘
09:41:37,9.74,0.01,21,20448,买盘
09:41:40,9.74,0.0,121,117765,买盘
09:41:43,9.73,-0.01,77,74957,卖盘
09:41:46,9.75,0.02,142,138336,买盘
09:41:49,9.73,-0.02,390,379921,卖盘
09:41:52,9.75,0.02,112,109242,买盘
09:41:55,9.75,0.0,26,25335,买盘
09:41:58,9.74,-0.01,94,91586,卖盘
09:42:01,9.73,-0.01,75,73044,卖盘
09:42:04,9.73,0.0,101,98363,卖盘
09:42:07,9.73,0.0,88,85635,卖盘
09:42:10,9.73,0.0,52,50608,卖盘
09:42:13,9.73,0.0,62,60295,卖盘
09:42:16,9.72,-0.01,58,56382,卖盘
09:42:19,9.72,0.0,433,420491,卖盘
09:42:22,9.71,-0.01,21,20410,卖盘
09:42:25,9.72,0.01,65,63127,买盘
09:42:28,9.72,0.0,95,92249,买盘
09:42:31,9.72,0.0,53,51481,买盘
09:42:34,9.72,0.0,114,110634,买盘
09:42:37,9.7,-0.02,74,71840,卖盘
09:42:40,9.7,0.0,112,108698,卖盘
09:42:43,9.68,-0.02,25,24206,卖盘
09:42:46,9.67,-0.01,9,8707,卖盘
09:42:49,9.67,0.0,30,28983,卖盘
09:42:52,9.65,-0.02,33,31845,卖盘
09:42:55,9.61,-0.04,116,111492,卖盘
09:42:58,9.66,0.05,49,47125,买盘
09:43:01,9.61,-0.05,91,87503,卖盘
09:43:04,9.67,0.06,245,236302,买盘
09:43:07,9.62,-0.05,95,91436,中性盘
09:43:10,9.61,-0.01,758,727225,卖盘
09:43:13,9.61,0.0,44,42333,卖盘
09:43:16,9.61,0.0,14,13459,卖盘
09:43:19,9.6,-0.01,6,5760,卖盘
09:43:22,9.6,0.0,64,61449,买盘
09:43:25,9.6,0.0,8,7680,买盘
09:43:28,9.6,0.0,36,34536,买盘
09:43:31,9.6,0.0,123,118272,买盘
09:43:34,9.6,0.0,99,94874,卖盘
09:43:37,9.6,0.0,112,107460,买盘
09:43:40,9.6,0.0,88,84404,买盘
09:43:43,9.6,0.0,20,19201,卖盘
09:43:46,9.65,0.05,103,99637,买盘
09:43:49,9.6,-0.05,80,76824,卖盘
09:43:52,9.6,0.0,201,192964,卖盘
09:43:55,9.65,0.05,14,13498,买盘
09:44:01,9.62,-0.03,13,12506,卖盘
09:44:04,9.65,0.03,69,66560,买盘
09:44:07,9.62,-0.03,26,25021,卖盘
09:44:10,9.65,0.03,151,145452,买盘
09:44:13,9.63,-0.02,13,12519,卖盘
09:44:16,9.65,0.02,11,10592,买盘
09:44:19,9.62,-0.03,174,167477,卖盘
09:44:22,9.63,0.01,196,188948,卖盘
09:44:25,9.65,0.02,247,238301,买盘
09:44:28,9.65,0.0,23,22155,买盘
09:44:31,9.65,0.0,145,139925,买盘
09:44:34,9.63,-0.02,73,70417,卖盘
09:44:37,9.63,0.0,2,1926,卖盘
09:44:40,9.63,0.0,133,128139,卖盘
09:44:43,9.63,0.0,136,131093,卖盘
09:44:46,9.65,0.02,146,140629,中性盘
09:44:49,9.63,-0.02,67,64516,卖盘
09:44:52,9.63,0.0,26,25018,买盘
09:44:58,9.65,0.02,145,139789,买盘
09:45:01,9.63,-0.02,6,5776,中性盘
09:45:04,9.62,-0.01,45,43200,卖盘
09:45:07,9.65,0.03,204,196841,买盘
09:45:10,9.63,-0.02,13,12519,卖盘
09:45:13,9.63,0.0,134,129042,卖盘
09:45:16,9.63,0.0,99,95359,卖盘
09:45:19,9.64,0.01,42,40447,买盘
09:45:22,9.64,0.0,38,36632,买盘
09:45:25,9.63,-0.01,86,82844,卖盘
09:45:28,9.63,0.0,35,33699,买盘
09:45:31,9.62,-0.01,91,87583,卖盘
09:45:34,9.63,0.01,15,14440,买盘
09:45:37,9.62,-0.01,184,177008,卖盘
09:45:40,9.62,0.0,6,5777,卖盘
09:45:43,9.63,0.01,66,63523,买盘
09:45:46,9.62,-0.01,87,83694,卖盘
09:45:49,9.62,0.0,56,53978,卖盘
09:45:52,9.62,0.0,8,7689,买盘
09:45:55,9.61,-0.01,111,106682,卖盘
09:45:58,9.62,0.01,100,96162,买盘
09:46:01,9.6,-0.02,19,18240,卖盘
09:46:04,9.61,0.01,13,12493,买盘
09:46:07,9.61,0.0,16,15376,买盘
09:46:10,9.61,0.0,14,13458,卖盘
09:46:13,9.61,0.0,15,14415,卖盘
09:46:16,9.61,0.0,1,961,买盘
09:46:19,9.61,0.0,15,14403,买盘
09:46:22,9.6,-0.01,21,20160,卖盘
09:46:25,9.61,0.01,80,76827,买盘
09:46:31,9.6,-0.01,22,21410,卖盘
09:46:34,9.6,0.0,139,133441,卖盘
09:46:37,9.6,0.0,60,57600,卖盘
09:46:40,9.61,0.01,484,464913,买盘
09:46:43,9.61,0.0,51,49011,卖盘
09:46:46,9.61,0.0,82,78802,卖盘
09:46:49,9.61,0.0,39,37479,卖盘
09:46:52,9.61,0.0,49,47094,卖盘
09:46:58,9.61,0.0,36,34596,卖盘
09:47:01,9.6,-0.01,39,37461,卖盘
09:47:04,9.6,0.0,80,76874,卖盘
09:47:07,9.6,0.0,3,2880,卖盘
09:47:10,9.6,0.0,180,172820,卖盘
09:47:13,9.6,0.0,40,38400,卖盘
09:47:16,9.59,-0.01,170,162781,卖盘
09:47:19,9.6,0.01,133,127310,买盘
09:47:22,9.58,-0.02,23,21918,卖盘
09:47:25,9.58,0.0,10,9580,卖盘
09:47:28,9.58,0.0,98,93980,卖盘
09:47:31,9.57,-0.01,150,143693,卖盘
09:47:34,9.58,0.01,41,39278,买盘
09:47:37,9.57,-0.01,11,10527,卖盘
09:47:40,9.57,0.0,11,10527,买盘
09:47:43,9.56,-0.01,10,9560,卖盘
09:47:46,9.55,-0.01,280,267532,卖盘
09:47:49,9.55,0.0,17,16235,卖盘
09:47:52,9.55,0.0,108,103167,买盘
09:47:55,9.56,0.01,92,87952,买盘
09:47:58,9.55,-0.01,761,727179,卖盘
09:48:01,9.55,0.0,23,21743,卖盘
09:48:04,9.58,0.03,30,28740,买盘
09:48:07,9.59,0.01,92,88076,买盘
09:48:10,9.6,0.01,38,36453,买盘
09:48:13,9.61,0.01,245,235228,买盘
09:48:16,9.62,0.01,132,126813,买盘
09:48:19,9.63,0.01,65,62049,买盘
09:48:22,9.64,0.01,449,432706,买盘
09:48:25,9.65,0.01,1,965,买盘
09:48:28,9.65,0.0,147,141854,买盘
09:48:31,9.65,0.0,118,113844,买盘
09:48:34,9.66,0.01,121,116381,买盘
09:48:37,9.68,0.02,34,32848,买盘
09:48:40,9.68,0.0,11,10642,买盘
09:48:43,9.68,0.0,10,9680,买盘
09:48:46,9.68,0.0,2,1936,卖盘
09:48:49,9.68,0.0,56,54280,卖盘
09:48:52,9.68,0.0,132,127834,卖盘
09:48:55,9.67,-0.01,85,82244,卖盘
09:48:58,9.68,0.01,69,66744,买盘
09:49:01,9.67,-0.01,77,74393,买盘
09:49:04,9.68,0.01,99,95734,买盘
09:49:07,9.67,-0.01,94,90898,卖盘
09:49:10,9.66,-0.01,141,136336,卖盘
09:49:13,9.66,0.0,34,32857,买盘
09:49:16,9.67,0.01,171,164739,买盘
09:49:19,9.68,0.01,57,55099,买盘
09:49:22,9.66,-0.02,26,25406,卖盘
09:49:25,9.66,0.0,16,15456,卖盘
09:49:28,9.67,0.01,691,669032,买盘
09:49:31,9.67,0.0,4,3866,中性盘
09:49:34,9.67,0.0,91,87936,买盘
09:49:37,9.67,0.0,25,24175,买盘
09:49:40,9.67,0.0,106,102499,买盘
09:49:43,9.67,0.0,35,33854,卖盘
09:49:46,9.68,0.01,110,106470,买盘
09:49:49,9.67,-0.01,4,3868,卖盘
09:49:52,9.66,-0.01,39,37708,卖盘
09:49:55,9.66,0.0,47,45423,卖盘
09:49:58,9.67,0.01,54,52023,买盘
09:50:01,9.67,0.0,30,29010,卖盘
09:50:04,9.67,0.0,4,3868,卖盘
09:50:07,9.67,0.0,59,57268,卖盘
09:50:10,9.66,-0.01,122,117854,卖盘
09:50:13,9.66,0.0,61,58926,买盘
09:50:16,9.66,0.0,1,966,买盘
09:50:19,9.65,-0.01,16,15440,卖盘
09:50:22,9.65,0.0,140,134715,卖盘
09:50:25,9.65,0.0,134,129225,卖盘
09:50:28,9.65,0.0,1,965,买盘
09:50:31,9.63,-0.02,6,5778,卖盘
09:50:34,9.62,-0.01,46,44275,卖盘
09:50:37,9.63,0.01,26,25031,买盘
09:50:40,9.62,-0.01,48,46176,卖盘
09:50:43,9.61,-0.01,101,97111,卖盘
09:50:46,9.61,0.0,20,19220,卖盘
09:50:49,9.61,0.0,415,398905,卖盘
09:50:52,9.65,0.04,190,183102,买盘
09:50:55,9.65,0.0,45,43425,卖盘
09:50:58,9.65,0.0,57,55130,卖盘
09:51:01,9.65,0.0,16,15411,买盘
09:51:07,9.62,-0.03,62,59644,卖盘
09:51:10,9.65,0.03,40,38600,买盘
09:51:13,9.65,0.0,10,9650,买盘
09:51:16,9.63,-0.02,7,6741,卖盘
09:51:22,9.63,0.0,12,11578,卖盘
09:51:25,9.63,0.0,2,1926,卖盘
09:51:28,9.63,0.0,12,11556,买盘
09:51:31,9.63,0.0,10,9630,买盘
09:51:34,9.62,-0.01,117,112575,卖盘
09:51:37,9.62,0.0,16,15393,卖盘
09:51:40,9.62,0.0,33,31746,卖盘
09:51:43,9.63,0.01,27,25986,买盘
09:51:46,9.62,-0.01,62,59596,中性盘
09:51:49,9.62,0.0,41,39442,买盘
09:51:55,9.61,-0.01,98,94179,卖盘
09:51:58,9.61,0.0,47,44990,卖盘
09:52:01,9.62,0.01,5,4810,买盘
09:52:04,9.62,0.0,19,18278,买盘
09:52:10,9.61,-0.01,97,93432,卖盘
09:52:16,9.61,0.0,80,76687,买盘
09:52:19,9.61,0.0,2,1922,卖盘
09:52:22,9.61,0.0,108,103788,卖盘
09:52:25,9.61,0.0,91,87229,卖盘
09:52:28,9.61,0.0,25,24228,卖盘
09:52:31,9.62,0.01,15,14421,买盘
09:52:37,9.61,-0.01,2,1922,买盘
09:52:40,9.61,0.0,1,961,买盘
09:52:43,9.61,0.0,5,4805,买盘
09:52:46,9.61,0.0,14,13454,买盘
09:52:49,9.62,0.01,32,30769,买盘
09:52:55,9.61,-0.01,7,6727,卖盘
09:52:58,9.61,0.0,51,49011,卖盘
09:53:01,9.61,0.0,43,41339,卖盘
09:53:04,9.65,0.04,583,561280,买盘
09:53:07,9.66,0.01,18,17373,买盘
09:53:10,9.65,-0.01,57,55012,卖盘
09:53:13,9.65,0.0,73,70763,卖盘
09:53:16,9.65,0.0,13,12517,买盘
09:53:19,9.61,-0.04,24,23080,卖盘
09:53:22,9.65,0.04,20,19300,买盘
09:53:25,9.61,-0.04,50,48052,卖盘
09:53:28,9.61,0.0,28,26959,卖盘
09:53:34,9.62,0.01,1,962,卖盘
09:53:37,9.62,0.0,50,48100,卖盘
09:53:40,9.62,0.0,119,114486,卖盘
09:53:43,9.62,0.0,51,49093,卖盘
09:53:46,9.62,0.0,19,18278,买盘
09:53:52,9.62,0.0,6,5768,买盘
09:53:55,9.65,0.03,579,557759,买盘
09:53:58,9.61,-0.04,27,25967,卖盘
09:54:01,9.62,0.01,3,2886,买盘
09:54:04,9.65,0.03,146,140449,买盘
09:54:10,9.66,0.01,2,1932,买盘
09:54:13,9.65,-0.01,10,9775,卖盘
09:54:19,9.65,0.0,1,965,买盘
09:54:22,9.65,0.0,6,5788,买盘
09:54:25,9.65,0.0,115,111332,买盘
09:54:31,9.66,0.01,41,39605,买盘
09:54:34,9.66,0.0,103,98995,买盘
09:54:37,9.66,0.0,8,7728,卖盘
09:54:40,9.65,-0.01,40,39026,卖盘
09:54:43,9.67,0.02,100,96696,买盘
09:54:46,9.67,0.0,23,22530,买盘
09:54:49,9.68,0.01,25,24200,买盘
09:54:52,9.67,-0.01,4,3868,卖盘
09:54:55,9.68,0.01,32,30976,买盘
09:54:58,9.66,-0.02,102,98717,卖盘
09:55:01,9.67,0.01,138,133311,买盘
09:55:04,9.67,0.0,10,9670,买盘
09:55:07,9.66,-0.01,9,8984,卖盘
09:55:10,9.66,0.0,19,18354,买盘
09:55:13,9.65,-0.01,119,114565,卖盘
09:55:16,9.65,0.0,12,11674,买盘
09:55:19,9.63,-0.02,47,45321,卖盘
09:55:22,9.64,0.01,7,6748,中性盘
09:55:25,9.65,0.01,29,27985,买盘
09:55:28,9.64,-0.01,38,36654,卖盘
09:55:31,9.65,0.01,60,57878,买盘
09:55:34,9.63,-0.02,44,42380,卖盘
09:55:37,9.63,0.0,6,5788,卖盘
09:55:40,9.64,0.01,21,20231,买盘
09:55:43,9.63,-0.01,53,50943,卖盘
09:55:46,9.63,0.0,35,33705,买盘
09:55:49,9.64,0.01,518,499544,买盘
09:55:55,9.65,0.01,10,9650,买盘
09:55:58,9.64,-0.01,52,50128,卖盘
09:56:01,9.65,0.01,52,50130,买盘
09:56:04,9.68,0.03,392,378795,买盘
09:56:07,9.64,-0.04,10,9644,卖盘
09:56:10,9.68,0.04,31,29948,买盘
09:56:13,9.7,0.02,394,381735,买盘
09:56:16,9.7,0.0,456,442320,买盘
09:56:19,9.7,0.0,135,130929,买盘
09:56:22,9.71,0.01,191,185303,买盘
09:56:25,9.7,-0.01,8,7760,中性盘
09:56:28,9.7,0.0,2,1940,卖盘
09:56:31,9.71,0.01,15,14858,买盘
09:56:34,9.71,0.0,180,174794,卖盘
09:56:37,9.71,0.0,11,10681,卖盘
09:56:40,9.73,0.02,282,273925,买盘
09:56:43,9.73,0.0,118,114813,买盘
09:56:46,9.73,0.0,383,372678,买盘
09:56:49,9.74,0.01,11,10700,买盘
09:56:52,9.74,0.0,106,102784,买盘
09:56:55,9.73,-0.01,183,177477,卖盘
09:56:58,9.72,-0.01,5,4861,中性盘
09:57:01,9.73,0.01,41,39906,买盘
09:57:04,9.72,-0.01,96,93312,卖盘
09:57:07,9.71,-0.01,103,99998,卖盘
09:57:10,9.7,-0.01,65,63050,卖盘
09:57:13,9.7,0.0,310,301538,买盘
09:57:16,9.72,0.02,16,15553,卖盘
09:57:19,9.69,-0.03,55,53372,卖盘
09:57:22,9.72,0.03,52,50442,买盘
09:57:25,9.71,-0.01,57,55385,中性盘
09:57:28,9.71,0.0,42,40784,卖盘
09:57:31,9.71,0.0,102,99042,卖盘
09:57:34,9.71,0.0,20,19416,买盘
09:57:37,9.7,-0.01,70,67910,卖盘
09:57:40,9.7,0.0,121,117408,卖盘
09:57:43,9.7,0.0,110,106700,买盘
09:57:46,9.69,-0.01,27,26183,卖盘
09:57:49,9.7,0.01,162,157146,买盘
09:57:52,9.7,0.0,118,114514,买盘
09:57:55,9.7,0.0,171,166284,卖盘
09:57:58,9.71,0.01,24,23013,中性盘
09:58:01,9.71,0.0,65,63165,卖盘
09:58:04,9.74,0.03,410,398681,买盘
09:58:07,9.74,0.0,111,108063,买盘
09:58:10,9.77,0.03,540,526617,买盘
09:58:13,9.8,0.03,1606,1573057,买盘
09:58:16,9.84,0.04,234,229750,买盘
09:58:19,9.98,0.14,10166,10122830,买盘
09:58:22,9.98,0.0,544,543211,卖盘
09:58:25,9.98,0.0,1504,1500992,卖盘
09:58:28,9.98,0.0,1060,1057781,卖盘
09:58:31,9.98,0.0,57,56886,卖盘
09:58:34,9.98,0.0,919,917162,卖盘
09:58:37,9.98,0.0,26,25948,卖盘
09:58:40,9.98,0.0,328,326845,卖盘
09:58:43,9.98,0.0,243,242514,卖盘
09:58:46,9.98,0.0,395,393910,卖盘
09:58:49,9.98,0.0,189,188123,卖盘
09:58:52,9.98,0.0,13,13274,卖盘
09:58:55,9.98,0.0,82,81836,卖盘
09:58:58,9.98,0.0,283,282434,卖盘
09:59:01,9.98,0.0,295,294410,卖盘
09:59:04,9.98,0.0,19,19261,卖盘
09:59:07,9.98,0.0,314,313372,卖盘
09:59:10,9.98,0.0,370,369260,卖盘
09:59:13,9.98,0.0,9,9281,卖盘
09:59:16,9.98,0.0,268,267265,卖盘
09:59:19,9.98,0.0,64,64171,卖盘
09:59:22,9.98,0.0,53,53194,卖盘
09:59:25,9.98,0.0,43,43213,卖盘
09:59:28,9.98,0.0,28,27944,卖盘
09:59:31,9.98,0.0,144,143712,卖盘
09:59:34,9.98,0.0,121,121157,卖盘
09:59:37,9.98,0.0,8,8284,卖盘
09:59:40,9.98,0.0,25,24950,卖盘
09:59:43,9.98,0.0,16,15469,卖盘
09:59:46,9.98,0.0,65,65269,卖盘
09:59:49,9.98,0.0,5,4990,卖盘
09:59:52,9.98,0.0,25,24650,卖盘
09:59:55,9.98,0.0,30,29940,卖盘
09:59:58,9.98,0.0,58,57884,卖盘
10:00:01,9.98,0.0,25,24950,卖盘
10:00:04,9.98,0.0,27,26946,卖盘
10:00:07,9.98,0.0,60,60280,卖盘
10:00:10,9.98,0.0,329,328342,卖盘
10:00:13,9.98,0.0,22,21956,卖盘
10:00:16,9.98,0.0,151,150997,卖盘
10:00:19,9.98,0.0,14,13772,卖盘
10:00:22,9.98,0.0,47,46607,卖盘
10:00:25,9.98,0.0,10,10379,卖盘
10:00:28,9.98,0.0,27,26946,卖盘
10:00:31,9.98,0.0,30,29940,卖盘
10:00:34,9.98,0.0,30,29940,卖盘
10:00:37,9.98,0.0,30,29940,卖盘
10:00:40,9.98,0.0,4,3992,卖盘
10:00:43,9.98,0.0,137,136427,卖盘
10:00:46,9.98,0.0,10,9980,卖盘
10:00:52,9.98,0.0,32,31736,卖盘
10:00:55,9.98,0.0,36,35928,卖盘
10:01:04,9.98,0.0,16,15968,卖盘
10:01:07,9.98,0.0,20,19960,卖盘
10:01:10,9.98,0.0,3,2994,卖盘
10:01:13,9.98,0.0,23,23054,卖盘
10:01:16,9.98,0.0,1,998,卖盘
10:01:22,9.98,0.0,20,19960,卖盘
10:01:31,9.98,0.0,10,9780,卖盘
10:01:34,9.98,0.0,10,9980,卖盘
10:01:40,9.98,0.0,1,998,卖盘
10:01:46,9.98,0.0,6,5988,卖盘
10:01:52,9.98,0.0,3,2994,卖盘
10:01:55,9.98,0.0,12,11976,卖盘
10:01:58,9.98,0.0,20,19960,卖盘
10:02:01,9.98,0.0,2,1996,卖盘
10:02:04,9.98,0.0,28,27944,卖盘
10:02:07,9.98,0.0,19,19162,卖盘
10:02:10,9.98,0.0,17,16966,卖盘
10:02:16,9.98,0.0,6,5589,卖盘
10:02:22,9.98,0.0,2,1597,卖盘
10:02:25,9.98,0.0,31,30938,卖盘
10:02:37,9.98,0.0,8,7984,卖盘
10:02:40,9.98,0.0,31,30938,卖盘
10:02:46,9.98,0.0,109,108782,卖盘
10:02:58,9.98,0.0,10,9980,卖盘
10:03:04,9.98,0.0,276,274949,卖盘
10:03:07,9.98,0.0,10,9980,卖盘
10:03:10,9.98,0.0,6,5988,卖盘
10:03:13,9.98,0.0,46,45908,卖盘
10:03:16,9.98,0.0,104,103293,卖盘
10:03:22,9.98,0.0,1,1097,卖盘
10:03:31,9.98,0.0,10,9980,卖盘
10:03:34,9.98,0.0,27,26747,卖盘
10:03:40,9.98,0.0,42,41916,卖盘
10:03:49,9.98,0.0,5,4990,卖盘
10:03:52,9.98,0.0,2,1996,卖盘
10:04:07,9.98,0.0,10,9980,卖盘
10:04:22,9.98,0.0,5,4990,卖盘
10:04:25,9.98,0.0,2,1996,卖盘
10:04:52,9.98,0.0,2,1996,卖盘
10:04:55,9.98,0.0,8,7784,卖盘
10:04:58,9.98,0.0,14,13473,卖盘
10:05:25,9.98,0.0,21,20958,卖盘
10:05:28,9.98,0.0,10,9980,卖盘
10:05:40,9.98,0.0,83,82834,卖盘
10:05:43,9.98,0.0,1,998,卖盘
10:05:46,9.98,0.0,60,59880,卖盘
10:05:55,9.98,0.0,3,2595,卖盘
10:06:10,9.98,0.0,10,9980,卖盘
10:06:22,9.98,0.0,3,3094,卖盘
10:06:46,9.98,0.0,1,998,卖盘
10:06:52,9.98,0.0,3,2595,卖盘
10:06:55,9.98,0.0,15,14970,卖盘
10:07:01,9.98,0.0,10,9980,卖盘
10:07:16,9.98,0.0,5,4990,卖盘
10:07:25,9.98,0.0,1,998,卖盘
10:07:28,9.98,0.0,4,3992,卖盘
10:07:34,9.98,0.0,1,998,卖盘
10:07:43,9.98,0.0,3,2594,卖盘
10:07:46,9.98,0.0,8,8384,卖盘
10:07:49,9.98,0.0,2,1996,卖盘
10:07:52,9.98,0.0,22,21956,卖盘
10:07:55,9.98,0.0,20,19960,卖盘
10:08:04,9.98,0.0,15,14970,卖盘
10:08:07,9.98,0.0,1,998,卖盘
10:08:22,9.98,0.0,0,199,卖盘
10:08:40,9.98,0.0,5,4990,卖盘
10:08:58,9.98,0.0,1,998,卖盘
10:09:01,9.98,0.0,30,29940,卖盘
10:09:13,9.98,0.0,13,12974,卖盘
10:09:16,9.98,0.0,15,14970,卖盘
10:09:28,9.98,0.0,23,22954,卖盘
10:09:31,9.98,0.0,7,6487,卖盘
10:09:37,9.98,0.0,14,13972,卖盘
10:09:46,9.98,0.0,5,4990,卖盘
10:09:49,9.98,0.0,1,998,卖盘
10:09:52,9.98,0.0,1,998,卖盘
10:10:04,9.98,0.0,2,1996,卖盘
10:10:07,9.98,0.0,50,49900,卖盘
10:10:19,9.98,0.0,65,64870,卖盘
10:10:25,9.98,0.0,44,44112,卖盘
10:10:28,9.98,0.0,50,49900,卖盘
10:10:34,9.98,0.0,5,4990,卖盘
10:10:43,9.98,0.0,82,81836,卖盘
10:10:58,9.98,0.0,10,9980,卖盘
10:11:01,9.98,0.0,5,4990,卖盘
10:11:04,9.98,0.0,3,2994,卖盘
10:11:16,9.98,0.0,20,19960,卖盘
10:11:19,9.98,0.0,10,9980,卖盘
10:11:25,9.98,0.0,51,50399,卖盘
10:11:28,9.98,0.0,3,2994,卖盘
10:11:58,9.98,0.0,12,11477,卖盘
10:12:04,9.98,0.0,35,34930,卖盘
10:12:07,9.98,0.0,2,1597,卖盘
10:12:10,9.98,0.0,6,5988,卖盘
10:12:19,9.98,0.0,64,63872,卖盘
10:12:31,9.98,0.0,51,50898,卖盘
10:12:37,9.98,0.0,5,4990,卖盘
10:12:52,9.98,0.0,35,34530,卖盘
10:13:07,9.98,0.0,10,9980,卖盘
10:13:22,9.98,0.0,5,4990,卖盘
10:13:34,9.98,0.0,2,1996,卖盘
10:13:43,9.98,0.0,7,6487,卖盘
10:13:49,9.98,0.0,6,5988,卖盘
10:14:49,9.98,0.0,3,2595,卖盘
10:15:07,9.98,0.0,1,998,卖盘
10:15:13,9.98,0.0,10,9980,卖盘
10:15:31,9.98,0.0,30,29940,卖盘
10:15:40,9.98,0.0,5,4990,卖盘
10:16:07,9.98,0.0,1,1198,卖盘
10:16:25,9.98,0.0,4,4092,卖盘
10:17:13,9.98,0.0,2,1996,卖盘
10:17:40,9.98,0.0,10,9980,卖盘
10:17:46,9.98,0.0,33,32934,卖盘
10:17:49,9.98,0.0,2,1996,卖盘
10:18:31,9.98,0.0,3,2994,卖盘
10:18:34,9.98,0.0,39,38922,卖盘
10:18:37,9.98,0.0,9,9381,卖盘
10:18:40,9.98,0.0,1,998,卖盘
10:18:52,9.98,0.0,10,9980,卖盘
10:19:25,9.98,0.0,14,13972,卖盘
10:19:37,9.98,0.0,12,11976,卖盘
10:20:31,9.98,0.0,67,66866,卖盘
10:20:49,9.98,0.0,2,1996,卖盘
10:20:58,9.98,0.0,2,1996,卖盘
10:21:01,9.98,0.0,10,9980,卖盘
10:21:16,9.98,0.0,1,998,卖盘
10:21:19,9.98,0.0,51,51197,卖盘
10:21:58,9.98,0.0,1,998,卖盘
10:22:16,9.98,0.0,51,50399,卖盘
10:22:22,9.98,0.0,1,998,卖盘
10:22:25,9.98,0.0,1,998,卖盘
10:22:31,9.98,0.0,2,1996,卖盘
10:22:43,9.98,0.0,15,14970,卖盘
10:22:46,9.98,0.0,12,11976,卖盘
10:22:55,9.98,0.0,10,9980,卖盘
10:23:10,9.98,0.0,11,10978,卖盘
10:23:34,9.98,0.0,10,10379,卖盘
10:24:07,9.98,0.0,4,3992,卖盘
10:24:10,9.98,0.0,10,9980,卖盘
10:24:19,9.98,0.0,138,137724,卖盘
10:24:28,9.98,0.0,7,6986,卖盘
10:24:37,9.98,0.0,1,998,卖盘
10:24:43,9.98,0.0,109,108782,卖盘
10:24:49,9.98,0.0,3,2994,卖盘
10:25:22,9.98,0.0,4,3992,卖盘
10:25:28,9.98,0.0,30,29940,卖盘
10:25:40,9.98,0.0,6,5988,卖盘
10:25:46,9.98,0.0,2,1996,卖盘
10:26:04,9.98,0.0,7,6487,卖盘
10:26:13,9.98,0.0,13,12974,卖盘
10:26:52,9.98,0.0,10,9980,卖盘
10:26:55,9.98,0.0,10,9980,卖盘
10:27:01,9.98,0.0,50,49900,卖盘
10:27:25,9.98,0.0,5,4990,卖盘
10:27:49,9.98,0.0,5,4791,卖盘
10:27:58,9.98,0.0,108,108183,卖盘
10:28:04,9.98,0.0,10,9980,卖盘
10:28:28,9.98,0.0,18,17964,卖盘
10:28:34,9.98,0.0,4,3892,卖盘
10:28:52,9.98,0.0,1,998,卖盘
10:29:25,9.98,0.0,5,4990,卖盘
10:29:43,9.98,0.0,1,1298,卖盘
10:30:13,9.98,0.0,10,9980,卖盘
10:30:25,9.98,0.0,100,99800,卖盘
10:30:31,9.98,0.0,11,10978,卖盘
10:31:04,9.98,0.0,5,4990,卖盘
10:31:16,9.98,0.0,786,783929,卖盘
10:31:34,9.98,0.0,3,2994,卖盘
10:31:46,9.98,0.0,45,45309,卖盘
10:32:19,9.98,0.0,10,9980,卖盘
10:32:28,9.98,0.0,11,10579,卖盘
10:32:31,9.98,0.0,1,998,卖盘
10:32:55,9.98,0.0,1,998,卖盘
10:33:13,9.98,0.0,10,9980,卖盘
10:33:25,9.98,0.0,18,17964,卖盘
10:34:37,9.98,0.0,20,19960,卖盘
10:34:40,9.98,0.0,6,5988,卖盘
10:34:58,9.98,0.0,20,19960,卖盘
10:35:10,9.98,0.0,2,1996,卖盘
10:35:34,9.98,0.0,26,25948,卖盘
10:35:43,9.98,0.0,1,998,卖盘
10:36:07,9.98,0.0,190,189620,卖盘
10:36:10,9.98,0.0,7,6487,卖盘
10:36:52,9.98,0.0,4,4191,卖盘
10:36:55,9.98,0.0,15,14970,卖盘
10:37:13,9.98,0.0,10,10379,卖盘
10:37:25,9.98,0.0,2,1996,卖盘
10:37:28,9.98,0.0,15,14970,卖盘
10:37:46,9.98,0.0,1,1298,卖盘
10:38:43,9.98,0.0,8,7984,卖盘
10:38:49,9.98,0.0,15,14970,卖盘
10:38:58,9.98,0.0,34,33732,卖盘
10:39:04,9.98,0.0,1,998,卖盘
10:39:10,9.98,0.0,26,25948,卖盘
10:39:13,9.98,0.0,30,29940,卖盘
10:39:22,9.98,0.0,2,1996,卖盘
10:39:28,9.98,0.0,50,49900,卖盘
10:39:58,9.98,0.0,110,109780,卖盘
10:40:04,9.98,0.0,2,1996,卖盘
10:40:07,9.98,0.0,130,129740,卖盘
10:40:28,9.98,0.0,2,1996,卖盘
10:40:40,9.98,0.0,20,19960,卖盘
10:40:55,9.98,0.0,23,22954,卖盘
10:41:19,9.98,0.0,20,19960,卖盘
10:41:28,9.98,0.0,6,5789,卖盘
10:41:34,9.98,0.0,8,7984,卖盘
10:41:43,9.98,0.0,100,99800,卖盘
10:42:31,9.98,0.0,20,19960,卖盘
10:43:49,9.98,0.0,2,1996,卖盘
10:43:55,9.98,0.0,8,7984,卖盘
10:44:07,9.98,0.0,10,9980,卖盘
10:44:28,9.98,0.0,10,9980,卖盘
10:44:43,9.98,0.0,3,2994,卖盘
10:44:52,9.98,0.0,3,2994,卖盘
10:45:19,9.98,0.0,5,4990,卖盘
10:46:13,9.98,0.0,1,998,卖盘
10:46:25,9.98,0.0,1,998,卖盘
10:46:37,9.98,0.0,2,1996,卖盘
10:46:43,9.98,0.0,42,42015,卖盘
10:47:34,9.98,0.0,1,998,卖盘
10:48:04,9.98,0.0,18,17964,卖盘
10:48:52,9.98,0.0,13,13174,卖盘
10:51:10,9.98,0.0,15,14970,卖盘
10:51:19,9.98,0.0,20,19960,卖盘
10:51:28,9.98,0.0,5,5190,卖盘
10:51:46,9.98,0.0,11,10978,卖盘
10:51:55,9.98,0.0,10,9481,卖盘
10:52:01,9.98,0.0,10,9980,卖盘
10:52:13,9.98,0.0,3,2994,卖盘
10:52:16,9.98,0.0,10,9980,卖盘
10:52:22,9.98,0.0,5,4990,卖盘
10:53:01,9.98,0.0,11,10978,卖盘
10:53:04,9.98,0.0,10,9980,卖盘
10:53:25,9.98,0.0,4,3992,卖盘
10:55:01,9.98,0.0,10,9980,卖盘
10:55:04,9.98,0.0,5,4990,卖盘
10:55:58,9.98,0.0,1,998,卖盘
10:56:22,9.98,0.0,28,28143,卖盘
10:56:37,9.98,0.0,4,3992,卖盘
10:56:40,9.98,0.0,19,18962,卖盘
10:56:52,9.98,0.0,9,8982,卖盘
10:57:19,9.98,0.0,271,270758,卖盘
10:58:37,9.98,0.0,3,2994,卖盘
10:59:34,9.98,0.0,6,5988,卖盘
11:01:16,9.98,0.0,5,4590,卖盘
11:01:25,9.98,0.0,2,1996,卖盘
11:01:40,9.98,0.0,5,4990,卖盘
11:02:31,9.98,0.0,3,2994,卖盘
11:02:49,9.98,0.0,6,5988,卖盘
11:03:19,9.98,0.0,9,9082,卖盘
11:03:52,9.98,0.0,10,9980,卖盘
11:04:01,9.98,0.0,5,5190,卖盘
11:04:43,9.98,0.0,5,4990,卖盘
11:05:19,9.98,0.0,246,245508,卖盘
11:05:40,9.98,0.0,1,998,卖盘
11:05:49,9.98,0.0,30,29940,卖盘
11:05:58,9.98,0.0,17,16966,卖盘
11:07:07,9.98,0.0,0,399,卖盘
11:09:49,9.98,0.0,2,1996,卖盘
11:09:55,9.98,0.0,1,998,卖盘
11:10:07,9.98,0.0,3,2595,卖盘
11:10:37,9.98,0.0,1,998,卖盘
11:13:28,9.98,0.0,3,2994,卖盘
11:13:31,9.98,0.0,1,998,卖盘
11:13:37,9.98,0.0,7,7086,卖盘
11:14:04,9.98,0.0,1,998,卖盘
11:14:28,9.98,0.0,1,998,卖盘
11:15:28,9.98,0.0,6,5988,卖盘
11:15:43,9.98,0.0,5,4990,卖盘
11:16:34,9.98,0.0,1,998,卖盘
11:16:46,9.98,0.0,1,998,卖盘
11:16:58,9.98,0.0,1,998,卖盘
11:17:16,9.98,0.0,1,998,卖盘
11:17:37,9.98,0.0,52,51896,卖盘
11:21:55,9.98,0.0,5,4990,卖盘
11:23:19,9.98,0.0,1,998,卖盘
11:24:13,9.98,0.0,1,998,卖盘
11:24:40,9.98,0.0,1,998,卖盘
11:25:40,9.98,0.0,1,998,卖盘
11:26:07,9.98,0.0,2,1996,卖盘
11:26:58,9.98,0.0,29,28942,卖盘
11:28:16,9.98,0.0,1,998,卖盘
11:28:58,9.98,0.0,20,19960,卖盘
11:29:01,9.98,0.0,1,998,卖盘
13:00:01,9.98,0.0,8,7984,卖盘
13:00:04,9.98,0.0,594,592412,卖盘
13:00:07,9.98,0.0,68,67964,卖盘
13:00:10,9.98,0.0,134,133832,卖盘
13:00:13,9.98,0.0,145,144710,卖盘
13:00:16,9.98,0.0,10,9980,卖盘
13:00:19,9.98,0.0,2,1996,卖盘
13:00:22,9.98,0.0,5,4990,卖盘
13:00:40,9.98,0.0,26,25948,卖盘
13:01:10,9.98,0.0,1,998,卖盘
13:01:25,9.98,0.0,1,998,卖盘
13:01:37,9.98,0.0,8,7984,卖盘
13:02:19,9.98,0.0,1,998,卖盘
13:02:34,9.98,0.0,1,998,卖盘
13:04:13,9.98,0.0,1,898,卖盘
13:04:46,9.98,0.0,1,998,卖盘
13:05:01,9.98,0.0,7,6487,卖盘
13:05:22,9.98,0.0,1,998,卖盘
13:06:31,9.98,0.0,16,15968,卖盘
13:07:31,9.98,0.0,5,4990,卖盘
13:08:55,9.98,0.0,6,5988,卖盘
13:10:04,9.98,0.0,1,998,卖盘
13:10:19,9.98,0.0,1,998,卖盘
13:10:22,9.98,0.0,5,4990,卖盘
13:10:34,9.98,0.0,1,998,卖盘
13:11:01,9.98,0.0,25,24950,卖盘
13:12:04,9.98,0.0,6,5988,卖盘
13:12:52,9.98,0.0,3,2595,卖盘
13:13:37,9.98,0.0,1,1297,卖盘
13:13:46,9.98,0.0,1,998,卖盘
13:14:10,9.98,0.0,19,18962,卖盘
13:14:40,9.98,0.0,4,3992,卖盘
13:14:49,9.98,0.0,1,998,卖盘
13:17:04,9.98,0.0,1,998,卖盘
13:17:28,9.98,0.0,1,998,卖盘
13:17:55,9.98,0.0,1,998,卖盘
13:17:58,9.98,0.0,1,998,卖盘
13:18:13,9.98,0.0,1,998,卖盘
13:19:04,9.98,0.0,1,998,卖盘
13:19:49,9.98,0.0,1,998,卖盘
13:20:34,9.98,0.0,10,10380,卖盘
13:20:37,9.98,0.0,1,998,卖盘
13:21:10,9.98,0.0,2,1996,卖盘
13:21:40,9.98,0.0,1,998,卖盘
13:21:55,9.98,0.0,5,4990,卖盘
13:22:28,9.98,0.0,26,25948,卖盘
13:23:16,9.98,0.0,10,9980,卖盘
13:24:31,9.98,0.0,8,7984,卖盘
13:24:34,9.98,0.0,1,998,卖盘
13:25:13,9.98,0.0,1,998,卖盘
13:26:37,9.98,0.0,10,9980,卖盘
13:27:34,9.98,0.0,20,19960,卖盘
13:27:55,9.98,0.0,1,998,卖盘
13:28:01,9.98,0.0,1,998,卖盘
13:28:40,9.98,0.0,1,998,卖盘
13:29:07,9.98,0.0,1,998,卖盘
13:29:22,9.98,0.0,5,4990,卖盘
13:30:28,9.98,0.0,10,9980,卖盘
13:33:13,9.98,0.0,1,998,卖盘
13:34:04,9.98,0.0,1,998,卖盘
13:35:16,9.98,0.0,2,1996,卖盘
13:35:46,9.98,0.0,5,4990,卖盘
13:35:49,9.98,0.0,4,3992,卖盘
13:37:37,9.98,0.0,1,1297,卖盘
13:38:04,9.98,0.0,1,998,卖盘
13:38:43,9.98,0.0,10,9980,卖盘
13:38:58,9.98,0.0,1,998,卖盘
13:39:07,9.98,0.0,1,998,卖盘
13:40:01,9.98,0.0,35,34930,卖盘
13:40:16,9.98,0.0,1,998,卖盘
13:40:19,9.98,0.0,1,998,卖盘
13:40:55,9.98,0.0,1,998,卖盘
13:41:25,9.98,0.0,94,93812,卖盘
13:41:46,9.98,0.0,1,998,卖盘
13:41:49,9.98,0.0,2,2295,卖盘
13:42:01,9.98,0.0,10,9980,卖盘
13:42:04,9.98,0.0,1,998,卖盘
13:42:25,9.98,0.0,1,998,卖盘
13:42:43,9.98,0.0,1,998,卖盘
13:44:25,9.98,0.0,12,11976,卖盘
13:44:34,9.98,0.0,1,998,卖盘
13:44:37,9.98,0.0,1,998,卖盘
13:45:13,9.98,0.0,26,25948,卖盘
13:45:28,9.98,0.0,1,998,卖盘
13:46:16,9.98,0.0,22,21956,卖盘
13:46:28,9.98,0.0,1,998,卖盘
13:47:25,9.98,0.0,3,2994,卖盘
13:47:43,9.98,0.0,1,998,卖盘
13:48:01,9.98,0.0,10,9980,卖盘
13:48:22,9.98,0.0,1,998,卖盘
13:48:40,9.98,0.0,16,15968,卖盘
13:49:10,9.98,0.0,7,6986,卖盘
13:50:28,9.98,0.0,1,998,卖盘
13:51:01,9.98,0.0,1,998,卖盘
13:51:19,9.98,0.0,1,998,卖盘
13:52:31,9.98,0.0,2,1996,卖盘
13:52:46,9.98,0.0,35,34930,卖盘
13:52:58,9.98,0.0,18,18364,卖盘
13:54:58,9.98,0.0,16,15968,卖盘
13:55:46,9.98,0.0,1,998,卖盘
13:56:07,9.98,0.0,1,998,卖盘
13:57:10,9.98,0.0,4,3992,卖盘
13:57:37,9.98,0.0,38,37924,卖盘
13:58:13,9.98,0.0,40,39920,卖盘
13:59:10,9.98,0.0,1,1297,卖盘
14:00:46,9.98,0.0,10,9481,卖盘
14:01:37,9.98,0.0,1,998,卖盘
14:03:58,9.98,0.0,9,8982,卖盘
14:04:13,9.98,0.0,9,8982,卖盘
14:06:28,9.98,0.0,8,7984,卖盘
14:06:49,9.98,0.0,14,13972,卖盘
14:07:52,9.98,0.0,25,24950,卖盘
14:08:07,9.98,0.0,1,998,卖盘
14:12:25,9.98,0.0,1,998,卖盘
14:14:28,9.98,0.0,1,998,卖盘
14:16:55,9.98,0.0,2,1996,卖盘
14:17:01,9.98,0.0,11,10978,卖盘
14:25:19,9.98,0.0,30,29940,卖盘
14:28:04,9.98,0.0,4,3992,卖盘
14:32:55,9.98,0.0,2,2295,卖盘
14:37:37,9.98,0.0,1,998,卖盘
14:37:46,9.98,0.0,25,24950,卖盘
14:38:49,9.98,0.0,21,20958,卖盘
14:38:58,9.98,0.0,4,3992,卖盘
14:39:13,9.98,0.0,1,998,卖盘
14:40:37,9.98,0.0,2,1996,卖盘
14:40:55,9.98,0.0,10,9980,卖盘
14:40:58,9.98,0.0,1,998,卖盘
14:41:10,9.98,0.0,5,4990,卖盘
14:46:16,9.98,0.0,2,1996,卖盘
14:47:07,9.98,0.0,20,19960,卖盘
14:47:22,9.98,0.0,1,998,卖盘
14:47:37,9.98,0.0,2,1996,卖盘
14:47:49,9.98,0.0,10,9980,卖盘
14:48:25,9.98,0.0,10,9980,卖盘
14:49:16,9.98,0.0,4,3992,卖盘
14:51:58,9.98,0.0,1,998,卖盘
14:54:22,9.98,0.0,2,1996,卖盘
14:54:31,9.98,0.0,1,998,卖盘
14:55:16,9.98,0.0,4,3893,卖盘
14:55:19,9.98,0.0,7,6986,卖盘
14:55:37,9.98,0.0,1,998,卖盘
14:55:58,9.98,0.0,58,57684,卖盘
14:56:16,9.98,0.0,22,22056,卖盘
14:56:49,9.98,0.0,0,299,卖盘
15:00:04,9.98,0.0,588,587024,卖盘
